3192 5009
1236 264 1558 312 nonnitus.
2462 243 2593 309 313

260 427 405 498 καλά
460 433 818 515 iterumque
888 428 929 510 ζ
963 425 1099 495 252
1162 424 1372 502 εἵματ’
1442 426 1565 508 ἄρα
1643 425 1918 504 πτύξασ’
1992 427 2171 492 ἐτίθει
2233 435 2434 501 καλῆς
2495 427 2592 492 ἐπ’

260 541 459 612 ἀπήνης
501 541 785 623 itemque
833 535 1151 621 Penelope
1198 560 1237 601 τ
1264 534 1396 601 256
1440 535 1549 600 dat
1587 535 1810 623 Ulyssi
1849 534 1929 600 ad
1951 533 2212 599 bellum
2234 533 2596 620 profecturo

260 651 468 710 vestem
524 641 799 718 πτύξασ’
867 642 933 705 ἐκ
995 640 1281 716 θαλάμου
1300 664 1314 680 ·
1380 663 1549 707 1111116
1603 643 1774 706 6111111
1821 643 2110 726 primum
2154 639 2594 725 complicatur,

260 773 383 816 nam
440 749 813 836 pependerat
876 750 945 812 in
1005 746 1289 813 thalamo
1308 797 1323 825 ,
1390 746 1937 834 quemadmodum
1997 743 2317 834 Euryclea
2377 770 2421 810 α
2461 743 2593 810 439

258 856 575 922 Telemachi
618 856 908 920 tunicam
953 853 1130 920 clavo
1176 854 1534 939 suspendit:

575 965 608 1038 ἧ
658 962 775 1039 μὲν
822 961 926 1026 τὸν
973 959 1364 1038 πτύξασα
1409 961 1516 1025 καὶ
1567 959 1906 1032 άσκῆαασα
1949 965 2186 1040 χιτῶνα

573 1065 887 1149 πασσάλῳ
937 1065 1411 1148 ἀγκρεμάσασα
1460 1065 1637 1145 παρὰ
1681 1074 1946 1146 τρητοῖσι
1995 1064 2256 1145 λέχεσσι

572 1175 661 1254 βῆ
708 1177 757 1255 ῥ’
803 1174 941 1251 ἵμεν
990 1174 1057 1238 ἐκ
1107 1170 1428 1251 θαλάμοιο.

258 1279 357 1346 Sed
392 1284 515 1353 iam
554 1280 789 1346 videtis
841 1299 1117 1365 quanam
1160 1300 1227 1344 re
1279 1277 1585 1343 offendar:
1643 1280 1935 1364 potuitne
1983 1276 2301 1364 Euryclea
2344 1281 2596 1342 vestem

256 1387 589 1472 complicare
646 1384 1219 1471 complicatamque
1277 1390 1529 1450 vestem
1594 1384 1868 1458 άσκῆσαι
1929 1403 2001 1448 ac
2061 1383 2286 1449 deinde
2347 1384 2598 1462 άνακρε-

256 1490 467 1568 μάσαιῗ
512 1489 775 1558 Contuli
820 1490 1119 1576 equidem
1160 1499 1202 1557 Ξ
1236 1487 1364 1556 1¹79
1404 1489 1579 1569 άμφ)
1626 1488 1678 1553 δ’
1701 1487 1798 1570 ἄρ’
1837 1487 2176 1566 άμβρόσιον
2217 1488 2388 1554 ἑανὸν
2425 1485 2596 1553 ἕσαθ’

257 1593 307 1661 ἵν
342 1601 386 1662 οἱ
430 1599 643 1674 Ἀθήνη
696 1635 784 1647 -
832 1593 997 1672 ἔξυσ
1046 1597 1385 1672 άσκῆσασα
1434 1601 1499 1661 61
1545 1595 1745 1660 latere
1791 1595 1974 1661 credo
2023 1593 2439 1667 6110111161·εῆ
2479 1595 2594 1673 μὲν

254 1706 337 1769 τὸν
374 1703 679 1782 ξύσασα
730 1703 837 1768 καὶ
884 1703 1221 1778 άσκῆσασα
1270 1707 1529 1783 χιτῶνα,
1571 1704 1884 1767 nimirum
1922 1708 1998 1767 111
2033 1722 2267 1790 pexam
2309 1702 2597 1767 tunicam

254 1809 631 1876 Telemachus
674 1830 861 1876 mane
906 1809 1130 1874 statim
1175 1808 1439 1874 induere
1483 1813 1717 1896 posset.

328 2040 509 2106 LXII.
570 2041 647 2106 In
709 2040 953 2107 Vestris
1000 2041 1513 2106 adnotationibus
1562 2039 1783 2106 soletis
1827 2061 2136 2126 perquam
2181 2041 2597 2106 honorificam

252 2151 604 2214 mentionem
674 2148 877 2213 facere
947 2167 1169 2213 eorum
1239 2168 1399 2232 quae
1463 2168 1584 2233 ego
1650 2145 1808 2211 olim
1869 2146 1950 2210 ad
2007 2143 2280 2212 Homeri
2339 2151 2595 2211 textum

254 2254 685 2320 emendandum
746 2253 1027 2320 conferre
1088 2253 1305 2331 volui,
1370 2275 1485 2319 nec
1546 2252 1741 2345 Vobis
1804 2251 2152 2318 molestum
2198 2274 2332 2319 esse
2375 2253 2558 2319 lubet
2575 2302 2592 2332 ‚

254 2359 421 2425 sicubi
481 2362 641 2426 forte
709 2381 883 2425 meas
942 2362 1217 2425 rationes
1279 2380 1407 2425 non
1466 2360 1835 2444 probavero.
1908 2357 2131 2424 Unum
2189 2359 2318 2425 fere
2375 2357 2594 2426 locum

253 2468 477 2552 excipio.
539 2465 1007 2534 contenderam
1068 2491 1114 2544 y
1142 2465 1274 2532 216
1320 2488 1471 2531 cum
1517 2465 1838 2532 Zenodoto
1884 2464 2232 2552 legendum
2277 2485 2447 2531 esse:
2495 2465 2591 2538 τίς

252 2567 341 2636 οἷδ’
382 2573 433 2638 εἴ
475 2575 539 2639 κέ
589 2572 740 2639 ποτέ
789 2583 903 2654 σφι
945 2572 1095 2650 βίας
1144 2574 1602 2639 άποτίσεαι
1643 2572 1844 2650 ἐλθών,
1885 2594 2012 2636 11011
2050 2573 2591 2652 ἀποτίσεται,

256 2685 529 2762 expuncto
593 2681 883 2765 sequenti
942 2697 1165 2745 versu:
1232 2682 1265 2755 ἢ
1332 2675 1369 2744 ὅ
1422 2703 1503 2756 γε
1566 2681 1782 2755 μοῦνος
1831 2677 1936 2742 ἐὼν
1987 2678 2019 2752 ἦ
2073 2677 2178 2741 καὶ
2225 2676 2592 2754 σύμπαντες

254 2783 485 2862 Ἀχαιοί.
532 2784 700 2865 Quid
745 2782 961 2851 enim?
1008 2783 1241 2850 Nestor
1284 2792 1360 2851 ut
1405 2783 1800 2850 adulescenti
1847 2785 2140 2849 animum
2188 2783 2412 2863 addat,
2453 2783 2590 2866 Tu,

252 2891 456 2975 inquit,
518 2891 781 2957 fortasse
847 2890 1187 2977 aliquando
1206 2940 1223 2970 ‚
1289 2895 1344 2956 si
1391 2891 1690 2956 Minerva
1739 2889 1859 2954 tibi
1904 2889 2140 2955 faverit
2185 2892 2593 2977 quemadmo-

255 2993 381 3060 dum
421 2997 572 3062 olim
620 2999 788 3084 patri
836 3002 949 3063 tuo
996 2998 1192 3076 favit,
1244 3019 1465 3083 procos
1508 3000 1646 3081 ipse
1697 2995 2060 3082 superabis:

479 3102 574 3175 τίς
622 3099 735 3168 οἷδ’
785 3101 842 3167 εἷ
883 3102 953 3168 κέ
1004 3105 1152 3168 ποτέ
1200 3110 1317 3187 σφι
1361 3103 1514 3181 βίας
1564 3103 1896 3167 ἀποτίσεαι
1944 3101 2161 3180 έλθῶν;

484 3210 533 3273 εἰ
578 3209 708 3290 γάρ
757 3209 817 3273 σ’
870 3205 944 3283 ὥς
997 3208 1185 3275 ἐθέλοι
1234 3210 1475 3292 φιλέειν
1521 3215 1888 3288 γλαυκῶπις
1942 3207 2204 3287 'Abdum

478 3317 553 3388 ὥς
602 3315 735 3382 τότ’
790 3315 1124 3392 Ὀδυσσῆος
1177 3317 1309 3396 περὶ
1361 3315 1579 3392 κήδετο
1631 3315 1986 3393 κυδαλίμοιο
2033 3353 2118 3365 -

482 3528 539 3594 εἷ
581 3529 641 3594 σ’
690 3525 873 3603 οὕτως
923 3529 1119 3596 ἐθέλοι,
1157 3530 1395 3614 φιλέειν
1442 3526 1684 3604 κήδοιτό
1729 3553 1800 3594 τε
1850 3529 2051 3610 θυμῷ,

477 3636 560 3716 τῶ
608 3634 711 3701 κέν
756 3660 847 3710 τις
898 3637 1102 3703 κείνων
1149 3661 1230 3716 γε
1276 3636 1379 3703 καὶ
1429 3636 1824 3704 ἐκλελάθοιτο
1872 3634 2123 3715 γάμοιο.

167 3729 175 3738 ’
250 3733 347 3803 Vos
400 3740 732 3829 vulgatam
796 3745 1181 3829 scripturam
1240 3747 1427 3810 unice
1475 3743 1758 3831 probatis
1778 3792 1794 3822 ,
1843 3763 1958 3808 nec
2004 3747 2221 3808 tamen
2270 3743 2588 3830 negabitis

248 3863 381 3911 nunc
437 3847 770 3915 Nestorem
834 3853 1065 3938 nugari
1126 3857 1191 3916 et
1252 3854 1490 3916 nescire
1556 3850 1711 3936 quid
1772 3849 1976 3914 dicat:
2041 3870 2140 3914 res
2203 3852 2473 3916 incurrit
2520 3852 2588 3915 in

250 3949 445 4017 oculos.
503 3954 672 4034 Quid
736 3958 942 4042 igitur
1006 3955 1130 4022 Vos
1197 3954 1505 4022 retinuit?
1565 3956 1814 4042 Nempe
1862 3956 2204 4021 dubitastis
2250 3962 2586 4041 possentne

251 4057 369 4120 τοτέ
426 4067 485 4124 61
549 4057 730 4124 ἐλθών
792 4067 938 4146 apte
1004 4062 1079 4128 de
1144 4061 1523 4128 Telemacho
1572 4061 1716 4126 dici.
1785 4061 1965 4126 Haec
2010 4067 2176 4126 certe
2223 4083 2329 4127 me
2376 4063 2586 4130 iudice

252 4161 467 4230 offensio
511 4166 682 4232 facili
732 4189 921 4253 opera
967 4170 1195 4233 evitari
1242 4171 1516 4254 poterit:
1568 4167 1724 4253 quid
1769 4149 2055 4253 61110616
2104 4167 2312 4232 dedit:

484 4274 577 4346 τίς
625 4269 741 4340 οἷδ’
793 4273 851 4339 εἷ
894 4297 1043 4340 ποτε
1094 4271 1226 4353 ἶφι
1275 4276 1425 4355 βίας
1475 4275 1805 4339 άποτίσεαι
1854 4274 2186 4355 άνδρῶν,

255 4372 317 4436 cf.
354 4375 541 4453 0540.
590 4379 714 4447 Sed
756 4379 981 4448 Vestro
1028 4380 1263 4447 iudicio
1314 4384 1728 4467 acquiescam.
