3192 5009
20 4024 22 4031 .
153 3986 325 4051 Hecyr.
365 3987 479 4036 393.

536 167 623 235 56
1549 189 1921 239 mumma.

537 359 744 420 metro
793 356 1004 419 ruenti
1051 352 1292 418 auxilio
1338 354 1463 419 fuit
1481 402 1496 430 ,
1546 353 1639 417 ita
1684 356 1965 419 mutavit
2008 356 2077 419 in
2120 355 2321 420 item.
2371 354 2510 435 Quo
2554 353 2815 440 probato
2856 355 2932 418 et

538 460 907 527 Fleckeisen
953 466 1018 526 et
1065 458 1507 545 Umpfenbach
1554 460 1890 526 ediderunt

807 588 929 653 ego
975 565 1316 632 homuncio
1363 566 1483 632 hoc
1529 587 1655 630 non
1693 564 2008 633 facerem?
2051 589 2172 655 ego
2208 566 2375 633 illud
2411 588 2562 634 vero
2598 570 2759 633 item
2800 566 2931 631 feci

2548 694 2621 739 ac
2671 672 2927 739 lubens.

539 779 844 847 Dziatzko
881 782 950 843 in
985 778 1218 843 tradita
1254 776 1524 844 lectione
1563 782 1925 864 pronomini
1947 801 2294 866 pronomen
2322 780 2740 845 subiunctum
2767 778 2925 845 adeo

535 887 828 974 probavit
886 892 961 951 ut
1021 889 1219 952 etiam
1279 887 1346 949 in
1393 888 1601 971 priore
1649 907 1867 951 versus
1911 892 2091 972 parte
2138 893 2353 953 contra
2402 889 2678 972 optimos
2722 884 2924 949 libros

535 998 974 1078 transponeret
1021 993 1128 1055 hoc
1172 991 1510 1068 homunci03
1559 991 1777 1057 Bothii
1822 1014 1973 1057 vero
2020 992 2161 1056 item
2206 1015 2321 1079 pro
2370 994 2465 1057 ita
2502 991 2917 1078 vituperavit.

533 1098 608 1163 In
655 1105 926 1183 utroque
973 1104 1221 1164 rectum
1265 1097 1466 1175 vidit,
1514 1118 1665 1162 nam
1712 1119 2059 1184 pronomen
2104 1101 2211 1163 hoc
2248 1121 2441 1165 suum
2475 1097 2693 1163 locum
2729 1096 2925 1161 habet

533 1209 678 1291 post
746 1227 848 1287 eqo
865 1254 882 1282 ‚
955 1210 1098 1269 tum
1159 1204 1298 1268 item
1361 1206 1451 1269 sic
1513 1206 1798 1290 positum
1856 1207 2150 1271 ieiunum
2195 1204 2479 1291 aliquem
2525 1209 2919 1271 narratorem

533 1312 952 1376 historiarum
1015 1312 1181 1396 sapit
1199 1358 1215 1387 ,
1273 1330 1400 1374 non
1449 1309 1911 1376 adolescentem
1958 1313 2192 1376 amoris
2240 1310 2593 1398 voluptatis
2638 1309 2925 1375 laetitiae

534 1416 819 1502 plenum.
871 1415 1090 1480 Edidit
1136 1417 1344 1502 igitur

805 1542 926 1611 ego
970 1521 1091 1587 hoc
1137 1522 1481 1587 homuncio
1528 1544 1657 1588 non
1702 1520 2016 1589 facerem?
2064 1544 2184 1609 ego
2225 1523 2390 1589 illud
2427 1544 2577 1589 vero
2616 1526 2709 1588 ita
2747 1522 2926 1606 [feci]

2580 1650 2652 1695 ac
2697 1628 2927 1694 lubens

531 1754 682 1798 nam
734 1732 882 1817 feci
943 1739 1018 1798 ut
1081 1753 1160 1798 ex
1219 1731 1609 1820 glossemate
1670 1740 1898 1799 natum
1958 1738 2434 1801 exterminavit.
2481 1735 2625 1801 Hoc
2672 1756 2927 1821 quoque

533 1860 762 1904 verum
819 1841 1203 1903 monstranti
1263 1838 1552 1905 Bentleio
1618 1839 1959 1905 obsecutus
2024 1848 2139 1906 est.
2191 1841 2316 1907 Sed
2366 1863 2480 1907 cur
2526 1864 2653 1907 non
2700 1841 2928 1907 eadem

534 1965 724 2031 opera
761 1944 854 2007 ita
892 1942 1164 2009 abiecit?
1210 1944 1380 2009 Nam
1416 1945 1536 2011 hoc
1572 1945 1949 2011 adverbium
1974 1945 2295 2032 ellipticae
2320 1950 2668 2013 sententiae
2692 1968 2926 2034 parum

531 2053 846 2117 convenit.
913 2050 1046 2116 Aut
1107 2050 1514 2116 retinendum
1576 2058 1713 2117 erat
1774 2052 1867 2115 ita
1893 2052 2040 2138 feci
2087 2059 2200 2117 aut
2247 2058 2460 2119 totum
2508 2053 2917 2119 eiiciendum.

532 2157 603 2223 Si
651 2160 825 2224 enim
873 2178 952 2223 ex
997 2156 1210 2243 glossa
1257 2163 1474 2222 ortum
1521 2163 1619 2223 est
1637 2206 1654 2234 ‚
1703 2156 1920 2245 glossa
1966 2163 2213 2223 constat
2258 2162 2341 2223 iis
2386 2162 2545 2245 ipsis
2584 2160 2794 2224 verbis
2832 2158 2929 2221 ita

513 2265 677 2352 feci.
720 2301 806 2312 —
849 2262 936 2327 At
981 2262 1074 2325 ita
1123 2262 1320 2327 simul
1366 2263 1574 2329 deleto
1622 2284 1887 2329 mancus
1934 2264 2009 2329 fit
2054 2286 2297 2330 versus.
2340 2303 2426 2315 -—
2469 2264 2635 2345 Quid
2674 2260 2925 2351 igitur?

533 2370 651 2435 Est
687 2382 834 2434 sane
873 2367 1086 2454 glossa
1127 2389 1323 2454 quam
1363 2389 1631 2434 acumen
1672 2368 1948 2435 Bentleii
1988 2370 2431 2456 deprehendit,
2478 2370 2587 2435 sed
2625 2375 2703 2435 ut
2742 2368 2815 2434 fit
2851 2390 2929 2435 ea

527 2474 743 2563 glossa
786 2477 956 2539 inter
1002 2479 1224 2561 poetae
1269 2474 1464 2539 verba
1509 2482 1762 2560 recepta
1802 2474 1977 2540 aliud
2018 2477 2379 2562 genuinum
2420 2475 2688 2562 expulit.
2741 2475 2926 2556 Quod

529 2586 605 2646 ut
668 2582 1140 2665 investigemus
1159 2628 1174 2656 ,
1238 2585 1486 2645 remoto
1547 2579 2083 2667 interpolamento
2130 2580 2375 2667 reliqua
2423 2580 2692 2647 lectione
2740 2579 2931 2646 trala-

527 2688 713 2763 ticia,
763 2688 998 2771 quippe
1045 2706 1206 2770 quae
1252 2706 1364 2771 per
1410 2707 1477 2751 se
1523 2684 1685 2749 nihil
1730 2686 1961 2752 habeat
1999 2708 2124 2772 quo
2165 2686 2498 2753 offendaris
2516 2737 2533 2765 ‚
2579 2678 2924 2774 diligenter

529 2797 809 2868 servata,
871 2790 1206 2856 videamus
1254 2791 1569 2878 numquid
1618 2794 1816 2857 etiam
1862 2792 2047 2857 desit.
2098 2795 2191 2858 Ac
2238 2795 2307 2857 ni
2354 2793 2768 2859 vehementer
2814 2790 2927 2857 fal-

527 2898 626 2963 lor
669 2900 738 2961 in
786 2898 998 2963 verbis
1045 2897 1175 2963 illis
1223 2920 1324 2979 eqo
1371 2898 1537 2961 illud
1580 2920 1716 2961 vero
1764 2922 1835 2961 ac
1880 2899 2084 2963 lubens
2129 2905 2206 2964 ut
2251 2899 2329 2964 ad
2377 2908 2663 2966 metrum
2708 2902 2805 2965 ita
2844 2899 2926 2965 ad

531 3005 913 3070 sententiam
957 3002 1248 3069 nonnihil
1298 3004 1725 3081 desideratum
1774 3004 2032 3069 videtur
2080 3005 2295 3071 deesse
2346 3006 2663 3092 particula
2708 3005 2929 3071 adver-

532 3112 738 3176 sativa
799 3130 947 3175 sane
992 3110 1173 3175 fortis
1218 3131 1332 3195 pro
1379 3109 1650 3175 iuvenili
1696 3110 1917 3197 ardore
1970 3116 2219 3176 certum
2265 3117 2329 3176 et
2374 3110 2778 3197 exploratum
2827 3133 2927 3177 oc-

533 3218 799 3281 casionis
847 3215 1239 3301 arripiendae
1291 3215 1634 3280 consilium
1671 3214 1942 3280 firmiter
1981 3221 2287 3281 statuens.
2339 3214 2425 3281 Et
2462 3218 2740 3304 profecto
2778 3217 2928 3304 plus

532 3341 880 3385 nervorum
940 3322 1009 3383 in
1071 3321 1376 3385 antithesi
1428 3322 1885 3399 nanciscemur,
1938 3324 1995 3386 si
2042 3327 2187 3409 post
2213 3322 2495 3408 facerem
2539 3323 2925 3410 particulam

533 3425 749 3489 immo
813 3427 1378 3511 interposuerimus
1398 3475 1414 3504 ‚
1477 3432 1624 3490 tum
1686 3449 1787 3508 eqo
1856 3426 2020 3491 ilbud
2078 3428 2541 3513 transponenda
2588 3434 2771 3508 sunt,
2824 3452 2921 3516 cp.

536 3532 734 3597 Andr.
787 3528 915 3597 337
959 3554 1060 3612 eqo
1097 3553 1234 3594 vero
1272 3554 1344 3593 ac
1380 3532 1603 3595 lubens.
1643 3530 1866 3617 Itaque
1905 3535 2167 3598 coniieio
2195 3532 2570 3599 Terentium
2598 3537 2923 3620 scripsisse

765 3659 866 3719 eqo
891 3634 997 3700 Mc
1017 3634 1327 3700 hommem
1345 3658 1464 3701 non
1468 3637 1750 3723 facerem
1767 3638 1803 3700 ,7
1824 3640 2026 3703 immo
2048 3637 2213 3703 illud
2236 3659 2356 3725 ego
2378 3661 2516 3704 vero
2540 3664 2611 3703 ac
2636 3640 2860 3705 lubens.

631 3742 726 3810 De
773 3743 942 3807 immo
991 3742 1156 3806 ilbud
1201 3765 1304 3824 eqo
1350 3742 1470 3808 hoc
1519 3743 1739 3810 ordine
1787 3744 2107 3809 collocatis
2154 3766 2251 3832 cp.
2296 3744 2558 3811 Phorm.
2611 3744 2762 3811 936.

635 3954 810 4022 XII.
882 3956 1174 4045 Hecyrae
1242 3980 1464 4023 versus
1536 3958 1665 4025 393
1735 3962 1969 4025 vitiose
2015 3961 2288 4026 traditus
2339 3968 2453 4027 est.
2519 3962 2663 4027 Non
2710 3970 2923 4048 potest

546 4069 753 4130 mater
813 4062 1234 4131 Philumenae
1295 4064 1636 4151 Pamphilo
1700 4087 1933 4153 genero
1994 4088 2110 4132 suo
2173 4068 2377 4133 dicere
2435 4067 2502 4132 id
2557 4069 2726 4153 quod
2771 4068 2922 4135 libri

543 4170 780 4237 habent

815 4311 967 4361 nam
1015 4291 1199 4361 siunt
1247 4298 1462 4361 tecum
1507 4294 1653 4381 post
1696 4292 1943 4361 duobus
1990 4294 2401 4363 concubuisse
2447 4297 2793 4366 mensibus.
