3192 5009
1214 369 1713 419 marmnunus.
2530 350 2659 419 277

277 539 589 626 plicatur:
664 540 948 620 abroqare
964 586 982 616 ,
1045 545 1302 601 evertere
1319 585 1336 615 ,
1399 538 1651 602 reddere
1712 536 1951 600 irritum
2014 536 2117 602 vel
2174 538 2536 620 superfluum
2551 545 2583 612 ξ
2592 585 2606 604 .
2620 541 2661 607 >

275 647 608 731 infirmare.
657 645 840 711 Locis
888 646 1130 710 ibidem
1179 642 1392 708 allatis
1441 642 1725 709 addenda
1770 649 1951 708 sunt:
2000 643 2201 709 Marc.
2242 643 2323 708 II.
2381 642 2439 708 1.
2481 642 2663 709 Oehl.

279 753 370 817 Π.
423 753 528 817 84.
558 751 617 818 6.
685 753 762 816 de
821 754 1036 816 anima
1100 749 1208 814 21.
1257 749 1334 814 R.
1381 747 1534 814 334.
1564 747 1625 814 9.
1674 749 1753 814 ad
1796 749 1945 815 Nat.
1992 750 2042 815 I.
2093 750 2154 816 2.
2204 750 2281 815 R.
2333 749 2439 815 60.
2466 749 2551 815 25
2600 756 2665 816 et

277 857 338 922 Ι.
385 859 486 923 10.
537 859 614 924 R.
668 855 774 924 74.
801 857 908 922 25.
961 857 1176 943 Seorp.
1205 855 1266 920 5.
1316 856 1392 920 R.
1425 855 1573 921 155.
1604 855 1712 921 26.
1754 856 2079 939 Αριέεεὶπιε
2116 857 2438 921 excludunt
2476 860 2665 944 scrip-

279 971 431 1030 tum
469 971 565 1030 est
611 985 723 1050 per
768 963 1292 1026 contradictionem
1340 962 1408 1026 in
1455 963 1729 1026 adiectis.
1778 962 2104 1028 Haeretici
2150 962 2479 1048 parabolas
2528 984 2664 1050 per-

276 1091 464 1138 versa
525 1070 1046 1155 interpretatione
1106 1069 1431 1132 infirmant
1447 1116 1464 1146 ,
1515 1088 1906 1153 quamquam
1954 1071 2391 1155 interpretatio
2440 1090 2661 1134 eorum

277 1175 362 1240 ad
431 1174 760 1261 parabolae
831 1174 1024 1240 verba
1094 1177 1423 1260 aptissime
1494 1181 1858 1260 comparata
1928 1179 2026 1240 est
2042 1196 2059 1253 ;
2134 1178 2527 1242 occasionem
2598 1181 2663 1244 et

277 1303 542 1348 causam
580 1287 839 1368 propter
876 1302 1071 1367 quam
1107 1280 1266 1346 olim
1305 1279 1604 1366 parabola
1641 1287 1790 1346 nata
1828 1287 1926 1346 est
1963 1303 2086 1346 non
2119 1285 2273 1346 satis
2298 1285 2663 1367 respiciunt,

278 1393 362 1454 ut
421 1389 708 1453 abioreum
769 1396 1121 1471 temperetur
1182 1387 1506 1470 eprieatio
1525 1436 1542 1465 ,
1607 1411 1781 1473 quam
1842 1411 1953 1473 quo
2004 1389 2338 1470 parabolae
2384 1389 2663 1475 cuiusque

275 1497 535 1561 materia
577 1496 984 1574 mandaverit,
1034 1498 1078 1561 i.
1106 1517 1160 1562 e.
1207 1494 1402 1560 aliam
1447 1497 1702 1560 insistat
1749 1497 1954 1573 viam,
2004 1517 2199 1582 quam
2246 1517 2371 1582 qua
2409 1497 2665 1582 parabo-

275 1603 384 1668 lae
427 1605 697 1668 materia
742 1602 1020 1668 voluerit
1046 1600 1119 1684 ¹).
1168 1601 1300 1667 Nec
1346 1604 1627 1679 mirum,
1685 1623 2078 1688 quamquam
2124 1609 2337 1668 errant
2383 1610 2467 1668 et·
2494 1625 2668 1691 prae·

277 1713 537 1794 postera
595 1711 1116 1794 interpretatione
1188 1711 1557 1774 universam
1622 1710 1759 1772 vim
1824 1714 1889 1773 et
1950 1711 2244 1795 vigorem
2308 1708 2665 1774 simulacris

279 1818 518 1880 sanctis
564 1818 843 1901 eripiunt
862 1863 878 1892 ,
929 1814 1098 1900 quod
1143 1801 1613 1881 haereticorum
1654 1816 2095 1900 interpretatio
2142 1818 2281 1901 ipsa
2327 1815 2449 1880 sibi
2492 1837 2669 1882 accu-

279 1923 602 1986 ratissime
641 1920 1015 2007 respondere
1055 1921 1344 1986 videtur:
1395 1941 1525 1986 non
1570 1923 1745 1987 enim
1792 1941 1870 1986 ex
1912 1921 2215 1986 doctrinis
2252 1924 2667 2007 interpretan-

280 2035 395 2092 tur
439 2029 754 2114 imagines
776 2076 794 2105 ‚
845 2027 954 2092 sed
1000 2048 1077 2093 ex
1125 2025 1440 2112 parabolis
1466 2024 1516 2106 2)
1564 2025 1939 2114 confingunt
1986 2033 2050 2092 et
2098 2027 2397 2114 adaptant
2445 2028 2669 2094 doctri-

280 2153 416 2198 nas.
478 2131 736 2199 Similes
799 2140 950 2198 sunt
1008 2133 1428 2198 histrionibus
1488 2135 1750 2198 canticis
1806 2139 2031 2220 gestus
2090 2132 2555 2219 pulcherrimos
2604 2141 2668 2200 et

279 2243 453 2304 inter
513 2261 580 2305 se
635 2242 963 2326 aptissime
1013 2245 1432 2326 congruentes
1479 2240 1935 2304 associantibus
1954 2287 1970 2316 ,
2018 2242 2131 2326 qui
2175 2261 2324 2306 vero
2372 2262 2409 2305 a
2454 2239 2669 2305 fabula

283 2351 352 2412 et
397 2367 698 2432 persona,
747 2366 902 2431 quas
949 2351 1178 2432 agant,
1228 2366 1484 2430 prorsus
1530 2348 1661 2411 sint
1705 2344 1915 2411 alieni.

377 2603 440 2666 p.
489 2579 641 2646 236.
671 2580 732 2645 6.
779 2587 920 2644 sunt
966 2587 1180 2657 autem,
1229 2603 1382 2665 quae
1418 2588 1475 2644 et
1509 2578 1867 2662 simpbiciter
1892 2579 2101 2661 posita
2136 2587 2277 2643 sunt
2314 2581 2399 2642 ad
2436 2587 2666 2645 struen-

285 2689 425 2750 dam
472 2695 529 2750 et
573 2687 1000 2769 disponendam
1045 2693 1104 2750 et
1149 2688 1458 2750 texendam
1491 2687 1848 2768 parabolam
1864 2735 1881 2763 ,
1930 2693 1998 2750 ut
2044 2685 2197 2750 illue
2220 2688 2661 2769 perducffltur,

287 2792 387 2856 cui
453 2793 776 2874 exemplum
832 2800 1220 2875 procuratur.
1293 2792 1370 2857 R.
1439 2794 1811 2874 „perducant
1864 2793 2075 2857 fort.''.
2148 2793 2357 2880 Lego:
2406 2801 2473 2856 ut
2518 2793 2670 2856 illuc

272 2899 656 2982 perduntur
701 2920 786 2963 sc.
837 2897 1156 2984 parabola.

379 3158 442 3221 p.
491 3133 644 3200 243.
673 3133 733 3199 5.
785 3133 1203 3219 Suspicantur
1242 3134 1644 3215 (adversarii,
1672 3155 1829 3220 quos
1853 3143 2184 3222 oppugnat
2208 3135 2669 3220 Tertullianus)

290 3238 654 3326 apostolum
716 3237 994 3304 Paulum
1054 3243 1122 3304 in
1185 3241 1460 3306 secunda
1505 3240 1585 3305 ad
1641 3237 2005 3306 Corinthios
2051 3241 2259 3308 eidem
2307 3243 2670 3309 fornicatori

290 3350 550 3412 veniam
598 3346 874 3424 dedisse,
923 3367 1116 3432 quem
1160 3349 1229 3411 in
1275 3349 1484 3432 prima
1531 3346 1890 3413 dedendum
1932 3353 2186 3413 satanae
2224 3351 2294 3412 in
2332 3350 2671 3415 interitum

291 3455 494 3519 carnis
555 3454 1015 3538 pronuntiarit,
1079 3452 1322 3534 impium
1356 3452 1564 3534 patrie
1612 3455 1686 3516 de
1730 3453 2103 3518 matrimonio
2151 3455 2414 3518 heredem
2434 3503 2451 3533 ,
2499 3454 2674 3541 quasi

291 3559 388 3622 vet
429 3559 623 3642 ipsvm
657 3565 870 3640 postea
916 3558 1122 3622 stilum
1169 3559 1434 3636 verterit,
1485 3559 1745 3622 scribens
1789 3565 1907 3624 cet.
1958 3559 2454 3646 Reponendum:
2496 3562 2672 3648 quasi

291 3665 390 3728 vet
423 3665 560 3747 ipen
589 3672 802 3746 postea
839 3665 1043 3728 stilum
1078 3665 1341 3731 verterit.
1393 3664 1742 3730 Perhibent
1779 3666 2212 3732 fornicationis
2252 3674 2318 3733 et
2351 3669 2673 3734 moechiae

292 3770 816 3836 remissibilitatis
884 3778 1424 3857 propugnatores,
1487 3772 1706 3858 ipsum
1783 3772 2060 3837 Paulum
2080 3822 2095 3850 ,
2174 3776 2243 3838 in
2322 3773 2519 3841 altera
2593 3773 2674 3840 ad

293 3875 657 3943 Corinthios
676 3926 690 3953 ,
755 3898 1042 3942 severam
1105 3881 1490 3942 sententiam
1508 3926 1524 3955 ,
1588 3899 1782 3963 quam
1845 3880 1915 3942 in
1980 3882 2187 3964 priore
2235 3877 2491 3944 tulisset
2535 3901 2675 3946 con-

361 4169 412 4228 1)
446 4168 505 4219 cf.
541 4183 607 4217 vs.
646 4169 723 4217 14.
747 4170 806 4217 15
853 4184 912 4218 ne
954 4166 1178 4217 aliorsum
1224 4171 1605 4231 temperetur
1635 4166 1880 4231 facilitas
1922 4168 2348 4233 comparationum,
2396 4185 2537 4234 quam
2580 4185 2673 4234 quo

283 4251 540 4316 parabolae
582 4251 801 4314 cuiusque
843 4251 1046 4300 materia
1091 4248 1361 4308 mandavit,
1407 4249 1689 4313 quibuscum
1742 4251 2060 4315 comparanda
2094 4252 2148 4300 R.
2189 4250 2302 4302 237.
2324 4251 2389 4299 14
2419 4253 2489 4300 ad
2514 4267 2675 4316 propo-

287 4333 438 4383 eitmn
469 4332 648 4382 domini
679 4333 956 4396 simpliciter
988 4331 1324 4396 interpretatio
1352 4331 1825 4395 quternabitur.

362 4415 418 4472 2)
453 4415 502 4463 cf
547 4431 586 4462 ο.
626 4415 670 4463 9.
708 4415 764 4463 Β..
802 4415 914 4464 285.
938 4415 1000 4462 25
1052 4430 1136 4464 nos
1182 4418 1342 4463 auten
1382 4413 1497 4478 quia
1541 4429 1632 4462 non
1678 4429 1737 4463 ex
1762 4413 2001 4477 parabolis
2032 4413 2261 4464 materias
2293 4419 2672 4478 commentamur,

289 4497 378 4548 sed
407 4513 468 4546 u·
497 4496 714 4546 materiis
739 4497 992 4561 parabolae
1026 4496 1410 4559 interpretantur.
