3192 5009
1014 267 1099 315 1³13
1141 266 1293 314 mm:
1341 267 1795 315 oenomaum.
2468 246 2600 313 233

262 436 535 519 potestate
590 436 701 497 aut
760 434 831 496 vi
891 431 1235 497 tribunicia
1251 480 1268 510 ,
1335 436 1650 517 quatenus
1697 431 1944 518 singuli
1987 434 2411 518 magistratus
2457 432 2604 497 sub-

260 541 383 603 iecti
436 539 663 603 fuerint
722 540 854 602 iuri
914 537 1176 603 vetandi
1235 537 1546 617 aliorum;
1613 558 1756 603 eam
1817 559 1957 603 rem
2000 541 2134 603 iam
2179 542 2365 603 antea
2410 539 2604 624 tetigi

261 668 383 711 cum
425 645 495 711 de
539 646 835 711 universa
881 646 1361 712 obnuntiatione
1409 666 1670 733 agerem
1710 644 1981 725 (Mnem.
2021 644 2238 709 XVIII
2276 666 2423 733 pag.
2466 645 2600 710 426

178 820 189 829 ,
261 752 377 816 adn.
426 752 502 834 1).
573 752 697 818 Sed
765 758 843 817 ut
905 753 1070 817 infra
1133 752 1562 819 demonstrare
1627 752 1918 831 conabor,
1981 755 2048 817 in
2108 753 2228 818 hac
2272 757 2452 838 parte
2498 755 2601 818 ius

258 857 479 923 vetandi
542 861 804 925 maioris
874 860 1209 945 potestatis
1282 865 1349 923 et
1422 859 1830 924 tribunorum
1900 858 2232 923 sublatum
2293 863 2392 924 est
2453 857 2600 947 lege

256 962 405 1028 Aelia
462 946 639 1029 Fufia
699 985 757 1030 a.
820 962 950 1028 154
997 964 1166 1043 lata,
1218 984 1381 1050 quae
1429 967 1571 1050 ipsa
1617 985 1672 1029 a.
1725 962 1810 1029 58
1857 964 2163 1050 abrogata
2209 971 2326 1029 est.
2375 964 2600 1051 Itaque

254 1074 365 1147 ius,
406 1071 569 1156 quod
614 1070 827 1136 valuit
876 1077 1023 1137 ante
1070 1092 1313 1135 annum
1368 1069 1495 1135 154
1546 1070 1919 1136 huiusmodi
1959 1076 2088 1136 est:
2133 1068 2371 1137 Consul
2407 1092 2599 1159 penes

254 1198 411 1262 quem
468 1178 663 1243 fasces
728 1184 881 1243 sunt
898 1227 915 1256 ,
984 1180 1039 1242 si
1096 1180 1235 1263 ipse
1280 1177 1496 1265 legem
1541 1177 1792 1244 laturus
1840 1184 1936 1243 est
1982 1183 2096 1243 aut
2139 1180 2600 1265 magistratum

253 1290 535 1349 creaturus
605 1291 704 1351 est
722 1334 739 1363 ‚
813 1291 925 1350 aut
986 1288 1043 1350 si
1105 1284 1422 1350 iudicium
1485 1284 1712 1370 populi
1777 1287 2173 1350 exerciturus
2233 1290 2331 1349 est
2392 1283 2454 1347 II
2498 1286 2598 1349 vir

253 1390 663 1475 perduellionis
712 1398 827 1457 aut
869 1398 1165 1477 quaestor
1201 1392 1527 1477 parricidii
1545 1441 1562 1470 ‚
1606 1398 1822 1457 vetare
1860 1398 2070 1476 potest
2107 1412 2258 1456 cum
2280 1388 2598 1477 collegam

254 1518 411 1561 suum
437 1496 481 1582 ¹)
544 1504 690 1563 tum
759 1519 979 1563 omnes
1042 1498 1321 1583 reliquos
1383 1501 1806 1585 magistratus
1876 1500 2174 1583 patricios
2246 1497 2596 1562 ordinarios

256 1606 489 1669 minores
553 1610 620 1670 et
664 1604 901 1670 aediles
946 1604 1151 1690 plebis
1178 1602 1253 1685 ⁹),
1302 1625 1382 1669 ne
1428 1626 1502 1670 eo
1550 1605 1655 1670 die
1700 1607 1767 1668 in
1815 1624 2008 1690 quem
2055 1606 2316 1668 comitia
2359 1603 2598 1668 indicta

254 1716 371 1773 sunt
432 1710 505 1776 de
577 1709 752 1777 caelo
818 1716 1108 1790 servent3
1175 1718 1429 1796 praetor
1492 1710 1749 1776 eosdem
1811 1716 2028 1776 vetare
2089 1716 2302 1796 potest
2347 1716 2597 1796 praeter

254 1816 527 1895 consulem
602 1818 848 1883 tribuni
917 1816 1121 1903 plebis
1190 1838 1341 1882 vero
1410 1837 1559 1882 cum
1629 1816 1814 1902 plebe
1881 1819 2085 1882 acturi
2158 1818 2311 1902 quin
2373 1838 2594 1882 omnes

254 1925 627 2008 magistratus
695 1922 975 2009 plebeios
1045 1925 1323 1989 minores
1392 1929 1457 1988 et
1527 1925 1830 2009 patricios
1898 1929 2148 2008 praeter
2217 1922 2595 1988 dictatorem

254 2038 427 2094 vetare
469 2032 797 2115 potuerint
845 2030 921 2095 de
961 2029 1134 2094 caelo
1177 2050 1431 2095 servare
1450 2078 1465 2107 ,
1510 2029 1782 2094 dubium
1821 2049 1956 2093 esse
1997 2050 2122 2094 non
2160 2033 2400 2113 potest,
2439 2051 2592 2093 nam

252 2137 327 2198 vis
357 2136 683 2202 tribunicia
726 2142 986 2221 superat
1022 2142 1405 2223 potestatem
1448 2136 1682 2201 horum
1710 2138 2024 2201 omnium.
2073 2134 2310 2200 Modus
2334 2135 2593 2200 vetandi

254 2240 417 2323 qualis
474 2243 671 2308 fuerit
730 2241 902 2328 apud
963 2246 1387 2329 magistratus
1450 2245 1786 2328 patricios,
1836 2240 2018 2307 docet
2065 2240 2316 2307 Gellius
2331 2262 2348 2318 ;
2400 2242 2592 2306 fiebat

252 2345 341 2410 hoo
392 2370 495 2433 per
556 2349 874 2427 edictum,
936 2348 1103 2435 quod
1167 2348 1517 2414 addebatur
1565 2349 1646 2414 ad
1693 2348 1978 2414 edictum
2025 2337 2386 2427 comitia103
2439 2370 2590 2413 cum

252 2451 353 2517 dies
391 2458 660 2521 comitiis
699 2456 1006 2521 habendis
1049 2454 1404 2521 destinatus
1442 2455 1814 2533 ediceretur,
1856 2454 2374 2520 adscribebantur
2397 2456 2590 2521 verba

254 2558 511 2627 tralaticia
572 2584 695 2641 „ne
759 2565 902 2648 quis
966 2564 1385 2649 magistratus
1434 2564 1647 2625 minor
1693 2582 1766 2625 eo
1812 2561 1912 2626 die
1961 2561 2037 2625 de
2084 2560 2256 2626 caelo
2303 2582 2588 2627 servasse

250 2664 409 2729 velit”
435 2666 502 2748 ³).
550 2668 777 2756 Itaque
826 2672 883 2734 si
930 2670 1091 2734 forte
1139 2671 1271 2733 iam
1317 2674 1503 2734 antea
1540 2668 1826 2733 edixerat
1861 2670 2280 2754 magistratus
2321 2670 2587 2734 minoris

252 2776 563 2854 potestatis,
614 2797 683 2841 se
732 2796 804 2840 eo
852 2776 952 2840 die
1000 2775 1076 2840 de
1122 2774 1293 2840 caelo
1341 2796 1474 2839 esse
1520 2780 1929 2839 servaturum
1946 2822 1963 2852 ,
2004 2775 2142 2838 eius
2182 2774 2466 2839 edictum
2504 2775 2583 2840 ab

248 2878 352 2963 ipso
390 2882 616 2947 auferri
665 2882 931 2948 debebat
979 2887 1093 2947 aut
1138 2902 1175 2947 a
1220 2884 1610 2969 magistratu
1657 2882 1898 2945 maiore
1944 2880 2358 2946 auferendum
2409 2902 2586 2948 cura-

296 3158 336 3221 1)
364 3160 461 3211 Non
502 3162 617 3212 lieet
652 3163 701 3212 h.
734 3162 767 3213 1.
804 3165 1024 3212 accurate
1058 3178 1197 3226 agere
1234 3163 1292 3211 de
1328 3162 1541 3221 ratione,
1580 3178 1675 3227 qua
1711 3162 2052 3227 magistratus,
2094 3163 2135 3212 si
2167 3164 2426 3229 imperium
2462 3164 2582 3214 divi·

244 3253 319 3289 tam
354 3247 437 3303 est,
483 3262 621 3295 suam
666 3246 865 3311 quiaque
912 3250 1097 3311 partem
1144 3246 1338 3311 imperii
1383 3246 1483 3295 sive
1515 3262 1650 3296 suam
1686 3246 1980 3312 provinciam
2012 3251 2182 3297 contra
2213 3247 2418 3312 collegas
2453 3250 2583 3314 paris

246 3326 445 3384 pote-utin
475 3329 731 3379 defendere
765 3332 1029 3395 potuerunt
1065 3330 1173 3394 (cfr.
1212 3330 1393 3379 Mnem.
1434 3330 1610 3379 XVIII
1647 3346 1694 3395 p.
1732 3332 1832 3379 436
1867 3330 1973 3380 adn.
2015 3330 2096 3394 2);
2145 3330 2262 3379 satis
2295 3330 2443 3381 babeo
2477 3348 2578 3389 mp-

246 3416 347 3463 nere.
390 3409 457 3459 ias
502 3412 695 3461 vetandi
730 3417 780 3461 et
814 3413 1059 3462 coercendi
1096 3428 1191 3461 non
1226 3412 1383 3461 solum
1418 3413 1590 3462 maiori
1629 3413 1854 3477 potestati
1871 3451 1882 3469 .
1917 3413 1997 3461 aed
2032 3414 2177 3462 etiam
2215 3414 2320 3479 pari
2353 3416 2581 3480 potestati

247 3484 352 3537 fuine
377 3508 664 3553 conensem,
703 3494 771 3543 ita
804 3498 859 3544 nt
896 3495 945 3543 in
982 3510 1067 3544 aua
1101 3510 1287 3559 semper
1319 3494 1568 3559 provincia
1607 3510 1692 3560 par
1728 3498 1938 3560 potestas
1973 3498 2110 3545 fieret
2143 3496 2312 3546 maior.
2359 3497 2438 3546 Sic
2471 3514 2580 3547 con-

247 3568 299 3617 nul
326 3575 455 3623 maior
486 3578 539 3639 (i.
560 3594 601 3627 6.
638 3593 782 3643 penes
814 3593 956 3642 quem
994 3578 1140 3627 fascea
1172 3582 1311 3627 erent
1346 3578 1471 3627 Feat.
1508 3594 1613 3643 pag.
1652 3579 1768 3641 161)
1804 3579 1960 3642 potuit
1994 3578 2224 3643 collegam
2261 3595 2398 3629 suum
2429 3581 2582 3630 mino·

246 3663 321 3701 tm
356 3660 499 3707 vetare
552 3664 605 3709 et
654 3676 870 3709 coercere
920 3675 1081 3709 nense
1130 3675 1244 3719 suo,
1293 3660 1331 3709 si
1379 3659 1438 3709 ab
1482 3676 1537 3709 eo
1582 3660 1954 3725 perturbabatur
2000 3661 2173 3710 divisio
2221 3662 2428 3727 imperii.
2465 3663 2578 3712 vid.

250 3730 399 3799 Dionys.
429 3740 469 3789 ⁹.
488 3744 581 3791 43:
634 3738 690 3799 ἦν
736 3740 781 3789 δ’
814 3740 843 3797 ἦ
888 3745 979 3791 τοῦ
1024 3742 1173 3803 μηνὸς
1220 3739 1403 3792 ἐκείνου
1440 3741 1683 3805 ἡγεμονία
1717 3748 1788 3805 τῷ
1825 3742 2029 3805 Κοιντίῳ
2065 3742 2400 3805 προςῆκουσα,
2437 3743 2572 3794 ὥστε

246 3810 461 3877 ἇνηκαῖον
504 3820 557 3881 ἦν
604 3825 691 3873 τὸν
736 3824 902 3885 ’ἕτερον
936 3828 1035 3871 τῶν
1072 3822 1273 3872 ὑπάτων
1310 3822 1460 3885 μηδεν
1497 3823 1706 3883 ἥκοντος
1743 3822 1926 3874 ἐκείνου
1965 3828 2132 3874 ποιεῖν.
2170 3827 2376 3892 Appian.
2411 3827 2456 3877 2.
2487 3829 2572 3879 11:

250 3892 288 3940 οὗ
317 3898 397 3961 γάρ
426 3920 499 3961 τις
534 3906 626 3961 τὴν
662 3906 845 3967 βουλὴν
881 3908 1110 3968 συνῆγεν,
1145 3904 1249 3954 οὐδ’
1284 3902 1395 3973 ἔξῆν
1438 3912 1508 3969 τῷ
1547 3904 1699 3969 ἑτέρῳ
1734 3912 1833 3956 τόν
1865 3905 2067 3957 ὑπάτων
2100 3909 2224 3973 (scil.
2255 3910 2298 3959 ei
2329 3910 2410 3973 qui
2431 3910 2578 3961 fasces

248 3992 313 4026 ¹⁰⁸
340 3982 541 4053 habehat)
572 3991 880 4051 συναγαγεῖν
912 3986 1106 4046 ἐκείνην.
1150 3990 1349 4052 Dionys.
1374 3991 1450 4039 10.
1472 3990 1566 4040 57:
1605 3986 1677 4048 οἷς
1713 3988 1876 4039 αὐτῶν
1913 3989 2010 4049 τάς
2044 4007 2104 4039 τε
2140 3988 2350 4053 ῥάβδους
2385 3992 2471 4041 καὶ
2505 3996 2574 4043 τὰ

252 4064 363 4111 λοιπὰ
390 4068 655 4131 παράσημα
692 4072 784 4128 τῆς
820 4067 1065 4129 ὑπατικῆς
1103 4067 1243 4133 εἶχεν
1286 4068 1547 4137 ἐξουσίας,
1581 4075 1637 4130 ὃς
1673 4071 1860 4133 βουλήν
1895 4090 1954 4121 τε
1991 4072 2252 4121 συνεκάλει
2286 4084 2432 4122 usal.
2469 4076 2572 4126 Liv.

249 4138 281 4197 2.
296 4146 356 4195 ⁵6.
376 4149 451 4201 152
504 4153 822 4219 Quinctius,
872 4154 1039 4203 mnsul
1087 4153 1214 4203 alter
1258 4154 1365 4218 (qui
1413 4159 1517 4204 tum
1552 4154 1700 4203 fasces
1739 4154 1978 4218 habebat),
2015 4156 2344 4205 consularibus
2382 4158 2575 4222 negotio

247 4220 327 4273 ³⁸¹⁰
356 4234 401 4279 ut
429 4235 651 4301 collegam
684 4235 753 4291 οἱ.
790 4237 833 4283 εἰ
864 4235 1013 4285 aliter
1046 4251 1141 4285 non
1166 4242 1384 4300 possen,
1420 4238 1477 4285 de
1510 4238 1616 4287 foro
1650 4234 1963 4296 abducerent,
1993 4237 2093 4302 ipse
2113 4276 2122 4286 .
2145 4276 2156 4286 .
2178 4236 2240 4287 .”.
2273 4266 2335 4276 —
2367 4239 2574 4304 Propter

250 4302 339 4357 ¹²¹st
366 4311 494 4377 lpum
528 4322 815 4383 potestatem
850 4319 999 4368 maior
1034 4317 1213 4368 dicitur
1246 4319 1409 4369 consul
1444 4320 1527 4384 qni
1562 4320 1709 4368 fascea
1745 4318 1902 4371 babet.
1937 4346 1996 4356 -
2038 4319 2094 4384 2)
2123 4320 2229 4371 Liv.
2261 4323 2306 4371 8.
2328 4322 2476 4372 55.9.
2503 4348 2573 4359 —

252 4386 286 4447 ⁸)
311 4391 407 4445 eeu
446 4400 686 4451 13.15.1.
