3192 5009
1259 302 1509 352 numus.
2500 282 2587 350 49

246 472 642 553 pronuntiavit
659 518 677 547 ,
746 490 869 534 vox
933 472 1032 533 est
1094 467 1487 553 desperantis
1550 466 1737 532 credo
1796 472 1862 531 et
1923 465 2004 531 ad
2051 466 2367 531 athetesin
2411 464 2595 532 velut

246 574 514 639 ultimum
573 575 901 663 refugium
964 596 1028 640 se
1093 573 1492 660 applicantis.
1561 572 1689 639 Sed
1735 575 1805 637 in
1849 572 2117 659 proclivi
2164 576 2285 639 erit
2334 592 2594 637 versum

243 683 536 747 restituere
554 730 572 759 ,
647 684 706 746 81
769 681 958 747 180ᾱο
1021 682 1546 766 inquisiverimus
1604 685 1919 766 quatenus
1982 700 2154 744 error
2214 678 2421 745 latens
2483 679 2596 764 qui

243 809 498 853 numeros
562 791 880 873 corrupit,
932 790 1131 853 etiam
1177 808 1536 853 sermonem
1582 789 1934 852 vitiaverit.
1982 786 2058 850 In
2107 787 2289 851 bonis
2334 787 2596 871 scripto-

243 894 414 971 ribus,
475 897 683 981 poetis
745 897 1082 980 praecipue
1101 942 1118 971 ‚
1166 894 1439 959 verbum
1485 915 1688 958 unum
1739 892 1845 959 vel
1891 892 2219 958 levissime
2263 897 2594 957 mutatum

243 998 448 1065 cladem
508 1000 698 1087 paulo
756 999 1054 1066 latiorem
1097 1021 1394 1088 spargere
1442 999 1625 1066 solet.
1673 998 1966 1065 Profecto
2014 999 2286 1065 verbum
2330 998 2595 1081 occipere

243 1126 408 1191 neque
462 1106 688 1173 idonee
754 1128 957 1193 neque
1021 1105 1455 1192 significanter
1499 1109 1656 1171 satis
1702 1112 1799 1171 est
1846 1108 2155 1192 positum.
2228 1104 2490 1170 Etenim
2536 1106 2594 1170 si

243 1214 482 1277 maxime
529 1212 875 1277 dimidium
924 1213 1111 1291 facti,
1163 1215 1274 1297 qui
1315 1214 1557 1298 coepit,
1600 1213 1831 1277 habere
1870 1212 2125 1289 dicitur,
2164 1232 2317 1275 cum
2358 1212 2594 1275 amoris

241 1321 546 1383 meretricii
627 1318 1062 1384 Mnesilochus
1133 1317 1562 1384 Pistoclerum
1628 1316 1965 1383 insimulat
1982 1365 1998 1395 ,
2072 1339 2199 1383 non
2272 1316 2594 1381 dimidiati

241 1427 436 1488 amoris
496 1445 647 1490 eum
697 1429 950 1490 accusat
997 1424 1107 1489 sed
1153 1427 1286 1489 iam
1331 1423 1637 1489 elaborati
1686 1430 1878 1509 atque
1927 1426 2185 1509 patrati.
2236 1423 2592 1489 Lenissima

241 1536 420 1595 autem
478 1530 727 1596 medela
785 1552 981 1596 suum
1039 1530 1309 1596 verbum
1373 1533 1724 1595 sententiae
1743 1579 1760 1607 ,
1826 1533 2043 1595 versui
2093 1550 2241 1595 suos
2291 1551 2593 1596 numeros

241 1634 380 1701 nullo
425 1640 681 1723 negotio
731 1636 970 1703 reddet.
1023 1635 1296 1722 Scripsit
1342 1638 1517 1701 enim
1564 1640 1797 1722 polita:

859 1745 985 1807 nisi
1034 1763 1184 1807 cum
1226 1741 1342 1806 illa
1364 1791 1380 1821 ,
1432 1763 1628 1828 quam
1672 1764 1793 1829 ego
1840 1743 2245 1809 mandassem
2293 1744 2433 1823 tibi,

467 1847 913 1932 decuparee
961 1849 1100 1914 tute
1147 1869 1361 1913 amare
1407 1854 1473 1913 et
1517 1851 1615 1913 mi
1659 1849 1784 1913 ires
1830 1849 2198 1914 consultum
2244 1849 2433 1917 male.

241 1952 356 2016 Nisi
413 1976 730 2037 occupares
793 1977 994 2018 amare
1039 1957 1082 2018 i.
1111 1975 1166 2020 e.
1214 1957 1340 2018 nisi
1386 1962 1461 2019 tu
1506 1975 1720 2020 meam
1766 1956 1931 2019 mihi
1976 1958 2251 2022 amicam
2300 1962 2447 2022 ante
2492 1957 2601 2023 ad-

245 2066 474 2125 ventum
523 2082 750 2126 meum
797 2064 1223 2146 praeriperes‚
1272 2061 1323 2126 εἰ
1373 2062 1462 2138 μὴ
1503 2058 1783 2141 ἔφθασας
1830 2060 1987 2142 ἐρῶν,
2029 2067 2095 2127 et
2131 2082 2356 2127 meum
2379 2060 2596 2128 locum

243 2164 524 2250 impleres.
571 2164 948 2231 Formulam
993 2162 1178 2231 illam
1229 2187 1509 2253 „occupo
1560 2166 1808 2232 facere''
1858 2202 1938 2227 =
1982 2166 2197 2248 φθάνω
2246 2175 2424 2232 ποιῶν
2462 2170 2597 2233 iam

249 2278 420 2337 aetate
488 2271 797 2337 Plautina
861 2274 1016 2358 quin
1075 2274 1145 2336 in
1190 2294 1317 2337 usu
1358 2272 1553 2338 fuerit
1601 2275 1944 2359 quominus
1992 2273 2245 2339 dubites
2292 2273 2371 2339 cf.
2422 2272 2589 2339 Rud.

241 2374 344 2441 249
385 2400 635 2460 occupas
669 2378 995 2463 praeloqui
1043 2402 1193 2464 quae
1237 2402 1365 2443 mea
1413 2380 1663 2443 oratiost
1679 2428 1696 2457 ‚
1746 2378 1945 2445 Stich.
1990 2377 2075 2444 89
2117 2378 2172 2444 ie
2210 2386 2295 2443 eet
2331 2388 2556 2444 ecastor
2572 2406 2591 2443 .-

229 2482 376 2564 ferre
435 2486 749 2548 adversum
813 2484 1039 2548 homini
1099 2508 1438 2568 occupemus
1499 2486 1760 2550 oso-ubam
1777 2535 1794 2564 ‚
1841 2484 2125 2552 Mostell.
2176 2485 2237 2565 3,
2269 2486 2301 2551 1
2311 2535 2327 2565 ,
2357 2484 2443 2551 33
2488 2488 2596 2551 ced

241 2592 489 2671 occupabo
551 2590 728 2654 adire
743 2639 759 2669 ,
825 2590 1057 2676 quibus
1104 2591 1264 2657 adde
1311 2591 1606 2678 exempla
1653 2614 1733 2657 ex
1777 2592 1985 2657 Ennio
2002 2642 2019 2671 ‚
2070 2594 2262 2658 Accio
2282 2642 2299 2672 ‚
2350 2592 2591 2659 Titinio

241 2694 379 2777 apud
417 2694 578 2761 Non.
627 2695 1010 2762 Marcellum
1058 2696 1182 2777 (ed.
1232 2697 1306 2762 L.
1355 2698 1657 2763 Muelleri
1705 2702 1855 2764 anni
1907 2696 2079 2765 1889
2128 2698 2180 2779 1,
2230 2720 2293 2785 p.
2346 2696 2528 2780 5¹75).

311 2873 384 2941 V.
437 2878 748 2945 Eiusdem
805 2878 1058 2945 fabulae
1120 2883 1338 2945 versui
1401 2878 1532 2945 584
1580 2882 1780 2947 thesis
1828 2884 2023 2967 primi
2066 2880 2246 2967 pedis
2296 2881 2585 2969 deperiit.
2624 2906 2793 2956 Bacch.
2831 2909 2939 2959 584.

245 2978 396 3048 Varie
439 2984 798 3079 suppletur.
849 2986 984 3050 Aut
1031 3005 1154 3072 ego
1201 2986 1405 3064 fallor,
1455 2992 1571 3053 aut
1614 2988 1911 3053 omnibus
1959 2986 2091 3052 illis
2131 2987 2593 3073 supplementis

244 3086 418 3155 valere
459 3094 653 3156 iussis
701 3091 1010 3157 damnum
1055 3095 1146 3157 sic
1195 3095 1438 3179 optime
1485 3100 1863 3160 resarcietur

881 3196 1088 3263 PIST.
1138 3197 1304 3277 Quid
1347 3196 1558 3265 istuc?
1607 3220 1767 3285 quae
1814 3205 2011 3265 istaec
2058 3206 2155 3266 est
2200 3198 2527 3288 pulsatio?

391 3304 564 3386 [Aut]
614 3303 775 3388 quae
821 3308 888 3369 te
935 3304 1108 3370 mala
1151 3325 1308 3369 crux
1355 3305 1595 3393 agitat,
1645 3308 1756 3392 qui
1806 3306 1886 3372 ad
1928 3306 2142 3371 istunc
2190 3307 2459 3374 modum

392 3408 618 3474 Alieno
665 3412 822 3475 viris
867 3416 1012 3476 tuas
1058 3415 1343 3477 extentes
1391 3409 1601 3477 ostio?

317 3509 624 3579 Particula
681 3522 792 3579 aut
835 3516 994 3582 duas
1039 3519 1569 3605 interrogationes
1618 3523 1922 3605 cognatae
1973 3518 2457 3606 significationis
2503 3540 2598 3584 ar-

249 3618 457 3685 u‘ssime
511 3624 682 3689 inter
743 3642 810 3687 se
871 3628 1244 3690 connectens
1288 3645 1438 3689 cum
1485 3626 1727 3710 passim
1774 3624 1944 3712 apud
1990 3646 2211 3690 omnes
2260 3627 2595 3710 scriptores

249 3732 532 3804 occurrat,
592 3728 1085 3795 usitatissimam
1144 3728 1492 3795 formulam
1555 3729 1867 3816 exemplis
1928 3730 2253 3797 illustrare
2301 3750 2599 3816 superva-

251 3845 412 3895 cuum
454 3840 570 3899 est.

1265 3941 1536 4009 Eumne.

321 4082 432 4153 VI.
495 4086 962 4178 Fragmentum
1026 4090 1501 4159 Ennianum
1562 4093 1732 4180 quod
1778 4095 1961 4160 nobis
2009 4097 2292 4160 servavit
2336 4092 2598 4161 Orosius

255 4188 362 4269 (Π,
407 4194 463 4273 1,
490 4195 622 4278 14),
699 4218 824 4283 quo
893 4201 1251 4265 continetur
1317 4200 1550 4265 titulus
1615 4221 1652 4265 a
1712 4222 1866 4287 rege
1925 4201 2180 4289 Pyrrho
2243 4200 2598 4289 profligatis

258 4298 394 4380 apud
431 4298 805 4370 Heracleam
850 4303 1156 4371 Romanis
1202 4308 1271 4370 in
1319 4307 1560 4393 templo
1610 4306 1935 4373 Tarentini
1975 4307 2148 4374 Iovis
2187 4308 2433 4387 affixus,
2470 4308 2601 4374 levi

261 4404 452 4471 mendo
485 4412 796 4475 vitiosum
833 4416 949 4476 est.
998 4410 1204 4492 Quem
1248 4415 1422 4478 enim
1455 4412 1675 4481 locum
1699 4412 1991 4479 Orosiani
2012 4414 2165 4483 libri
2185 4418 2277 4481 sic
2300 4415 2603 4482 exhibent

2282 4540 2315 4585 4
