3192 5009
1276 377 1676 432 wnnms‘nns.
2220 387 2225 392 ·
2542 359 2671 430 309

284 552 455 630 Φασὶ
521 551 844 628 γενέσθαι,
917 551 995 615 cf.
1060 549 1311 617 Aelian.
1385 553 1525 615 Var.
1571 551 1805 615 Histor.
1868 552 1944 628 A,
2006 551 2088 614 15
2155 550 2325 616 Ἰνδοὶ
2388 551 2452 616 δέ
2514 559 2677 630 Φασι

293 659 496 734 λόγοι.
545 658 619 737 Β,
670 657 777 724 32.

384 765 542 851 Pag.
593 763 679 828 39
698 785 754 828 a.
809 765 1092 844 ἀφήσετε
1140 761 1236 828 οὖν
1274 764 1627 847 με[λοιπὸν]
1668 769 1773 828 τοῦ
1815 764 2203 840 συμβολαίου
2247 764 2281 838 ἢ
2324 766 2487 829 οὕτω
2528 765 2677 828 δοκῶ

287 870 508 938 ἱκανῶς
561 872 706 944 ὑμῖν
755 869 1190 947 διαλελύσθαι;
1241 869 1406 950 Quid
1454 871 1579 935 sibi
1628 869 1790 936 velit
1838 890 1900 934 v.
1952 872 2159 934 λοιπὸν
2206 870 2392 936 facile
2440 870 2679 936 intelli-

283 997 440 1062 gas,
503 996 652 1040 cum
713 978 1137 1042 reminiscaris
1199 976 1697 1062 Byzantinorum
1761 979 2093 1053 συνήθειαν,
2141 976 2312 1061 apud
2359 997 2551 1060 quoe,
2601 981 2677 1041 ut

283 1082 460 1167 apud
517 1103 630 1146 nos
677 1103 878 1160 nunc,
928 1082 1136 1147 λοιπὸν
1184 1103 1300 1167 pro
1348 1080 1444 1149 οὖν
1490 1083 1596 1148 vel
1640 1087 1836 1148 τοίνυν
1883 1085 1950 1146 in
2000 1103 2124 1146 usu
2171 1087 2324 1148 erat.
2375 1080 2535 1147 Tam
2582 1083 2677 1147 fu-

281 1188 434 1254 tilia
495 1197 560 1254 et-
619 1192 834 1274 inepta
893 1188 1280 1276 glossemata
1341 1189 1440 1254 illi
1499 1193 1667 1255 inter
1724 1189 2071 1276 legendum
2117 1189 2550 1255 adscribebant
2596 1190 2676 1254 ad

281 1315 474 1361 voces
520 1298 812 1380 antiquas
830 1345 845 1373 ‚
894 1317 1050 1381 quas
1098 1317 1176 1361 ne
1223 1317 1384 1381 puer
1428 1297 1689 1382 quidem
1734 1296 1922 1361 hodie
1966 1299 2243 1382 ignoret.
2287 1294 2390 1361 Sic
2428 1297 2494 1359 in
2534 1295 2675 1360 cod.

281 1403 346 1466 A
403 1421 549 1488 pag.
612 1401 736 1466 131
759 1421 796 1466 a
855 1401 936 1466 ad
997 1423 1059 1466 v.
1124 1401 1328 1484 ταύτῃ
1393 1405 1724 1468 annotavit
1786 1401 2181 1487 Byzantinus
2244 1401 2675 1466 homunculus

286 1511 501 1572 τοῦτον
548 1506 650 1571 τὸν
698 1505 952 1588 τρόπονέ
1208 1593 1214 1600 .

379 1613 538 1700 Pag.
578 1611 719 1677 588.
753 1634 886 1698 sqq.
928 1621 1038 1686 τῆς
1064 1613 1178 1688 μὲν
1203 1612 1607 1690 Ἀλεξάνδρου
1632 1613 1931 1692 εὐτυχίας
1962 1612 2182 1678 Πέλλα
2208 1613 2372 1678 οὐδὲν
2397 1611 2674 1678 συναπώ-

282 1742 436 1784 νατο
461 1719 524 1800 [ἢ
550 1720 1066 1802 συναπέλαυσεν],
1108 1722 1284 1782 ἀλλὰ
1325 1723 1630 1792 τοσαύτην
1660 1728 1777 1796 γῆν
1806 1721 2187 1792 κτησάμενος
2214 1721 2273 1782 έν
2301 1720 2499 1798 ἑαυτῷ
2529 1721 2675 1784 πλέ-

282 1826 395 1902 θρῳ
433 1824 513 1888 ἑνὶ
556 1824 742 1903 μείζω
785 1827 892 1889 οὐκ
932 1826 1176 1897 ἐποίησε
1220 1827 1326 1899 τὴν
1369 1826 1661 1903 πατρίδα.
1703 1825 2126 1890 Manifestum
2151 1825 2467 1891 emblema
2492 1828 2669 1891 eieci.

281 1927 388 1996 Cf.
441 1928 639 1996 1080.
705 1932 1011 1994 ἀπώνατο.
1083 1930 1278 1996 1430.
1345 1929 1479 2011 (Sic
1539 1933 1608 1996 in
1668 1930 1805 1996 cod.
1861 1931 1918 1994 A
1982 1952 2127 2017 pag.
2186 1929 2367 1995 l3la
2428 1930 2674 2017 legitur

281 2043 436 2121 post
497 2039 756 2102 εὐθύνει·
808 2038 840 2112 ἢ
892 2037 1165 2118 κακίζει,
1214 2037 1547 2116 αἰτιᾶται).
1611 2036 1737 2101 Pro
1786 2041 1845 2100 ἐν
1896 2037 2092 2115 ἑαυτῷ
2141 2040 2415 2122 pessime
2464 2036 2679 2102 Iacob-

279 2144 420 2206 sius
467 2145 815 2208 coniecerat
861 2143 940 2206 ἑνὶ
989 2147 1201 2218 ἀγῶνι.
1249 2141 1476 2208 Deleta
1520 2145 1985 2228 praepositione
2035 2144 2096 2204 ἕν
2143 2142 2351 2207 clarus
2401 2143 2672 2207 efficitur

285 2268 546 2325 sensus,
595 2255 1003 2334 opponuntur
1047 2251 1221 2312 enim
1266 2270 1330 2313 v.
1382 2249 1578 2328 ἑαυτῷ
1628 2254 1693 2312 et
1740 2251 1847 2319 τὴν
1898 2250 2192 2324 πατρίδα.

377 2353 535 2441 Pag.
584 2353 672 2420 83
689 2355 746 2420 b.
807 2355 1244 2434 εὐτυχέστερον
1307 2355 1368 2418 δὲ
1422 2403 1436 2418 .
1467 2402 1482 2418 .
1512 2403 1527 2419 .
1579 2355 1679 2417 καὶ
1730 2359 1836 2419 τοῦ
1885 2357 2164 2418 καθελεῖν
2213 2356 2314 2419 τὸν
2360 2355 2505 2419 ὄντα
2555 2379 2671 2419 κοι-

277 2461 460 2523 νωνὸν
529 2469 638 2533 τῆς
701 2465 901 2541 ἀρχῆς
966 2463 1034 2524 τὸ
1099 2461 1460 2537 προελέσθαι
1522 2462 1626 2524 τὸν
1687 2463 2151 2533 κοινωνήσαντα.
2215 2460 2533 2526 Emendat
2603 2462 2671 2525 τὸ

275 2567 686 2643 προσελέσθαι
739 2568 838 2631 τὸν
888 2568 1338 2641 κοινωνήσοντα.

376 2671 534 2758 Pag.
583 2671 668 2737 85
691 2693 747 2736 a.
812 2675 1034 2749 ἀγαθοὶ
1085 2674 1196 2749 μὲν
1247 2667 1344 2737 οὖν
1391 2673 1494 2736 καὶ
1545 2672 1836 2751 μοχθηροὶ
1887 2672 1991 2736 καὶ
2041 2673 2303 2736 ἐπαίνων
2348 2670 2505 2747 ἄξιοι
2556 2672 2663 2736 καὶ

271 2778 638 2851 τοῦμπαλιν
687 2782 1144 2862 [κατηγορίας].
1200 2777 1358 2844 Dele
1404 2779 1778 2857 κατηγορίας
1803 2797 1820 2853 ;
1870 2781 2161 2862 sequitur
2208 2779 2575 2858 μακαριστοὶ
2629 2781 2662 2853 ἢ

271 2884 650 2948 τούναντίον.

259 2997 274 3014 ”
377 2990 534 3077 Pag.
584 2991 670 3056 88
688 2991 746 3056 d.
803 2996 907 3055 τοῦ
971 2991 1033 3055 δὲ
1095 2995 1350 3070 (Πώρου)
1414 2991 1730 3069 Φῆσαντος
1794 2991 1854 3054 ἐν
1920 2991 2003 3070 τῷ
2063 2990 2402 3067 βασιλικῶς
2453 2990 2665 3055 πάντα

269 3093 462 3163 εἶναι.
534 3096 706 3184 Lege
773 3099 1026 3174 ἐνεῖναι,
1087 3104 1165 3161 ut
1225 3117 1372 3182 pag.
1425 3095 1568 3161 893.
1628 3095 1721 3161 ὅτι
1788 3095 1997 3160 πάντα
2064 3094 2291 3162 ἔνεστιν
2338 3133 2423 3145 —-
2466 3099 2525 3161 ἐν
2576 3101 2659 3176 τῷ

271 3204 650 3281 βασιλικῶς.

376 3308 532 3395 Pag.
583 3309 668 3374 89
685 3329 741 3374 a.
793 3311 1176 3386 μεμνημένον
1223 3309 1510 3384 μάλιστα
1559 3311 1697 3390 [πρὸ
1740 3307 2031 3390 πάντων]
2079 3307 2219 3372 Hoc
2256 3307 2453 3382 illud,
2497 3308 2664 3393 quod

269 3415 364 3482 ad
409 3436 554 3502 pag.
606 3414 747 3480 393.
791 3415 1091 3480 diximus
1145 3413 1460 3495 Βυζάντιος
1511 3417 1656 3490 ἀνὴρ
1707 3417 2264 3494 παραφθέγγεται.

376 3521 533 3608 Pag.
585 3520 742 3586 90a.
807 3520 961 3587 Dele
1024 3523 1167 3585 λίαν
1229 3543 1262 3586 e
1325 3521 1764 3607 dittographia
1825 3527 2086 3586 natum:
2136 3524 2415 3598 Τυφῶνα
2462 3523 2663 3604 [λιάν]

271 3630 628 3701 ἑναιμακτὶ
679 3630 1092 3708 κατειργάσω.

376 3735 534 3821 Pag.
587 3733 741 3799 980.
808 3735 894 3798 διό
956 3743 1143 3810 Φησιν
1201 3731 1471 3812 Ὅμηρος
1529 3735 1666 3802 τοὺς
1716 3735 1826 3808 μὲν
1875 3731 2104 3802 ἄλλους
2153 3733 2315 3803 θεοὺς
2368 3735 2661 3811 τρεπτοὺς

269 3837 458 3907 εἶναι.
508 3841 924 3906 Homericum
970 3839 1358 3906 vocabulum
1405 3847 1502 3905 est
1553 3841 1865 3917 στρεπτοί.

375 3948 534 4034 Pag.
588 3947 715 4012 102
735 3969 786 4012 0.
853 3947 886 4020 ἣ
950 3949 1154 4011 παλαι
1220 3947 1370 4011 ποτε
1417 3947 1516 4008 ἐπὶ
1567 3947 1684 4016 τὰς
1737 3949 1961 4024 μάχας
2013 3947 2063 4008 οἱ
2114 3945 2297 4024 Ξέρξῃ
2341 3945 2666 4026 στρατευό-

265 4077 474 4132 μενοι.
522 4053 700 4118 Adde
745 4055 1088 4138 praeposit.
1135 4052 1264 4129 ξὺν,
1311 4058 1387 4116 ut
1433 4054 1548 4116 sit-2
1600 4051 2163 4129 ξυστρατευόμενοι.

375 4158 534 4224 Ibid.
583 4162 686 4222 καὶ
736 4162 1082 4236 εὐφημοῦσι
1135 4160 1246 4232 μὲν
1293 4157 1514 4221 ἄνωθεν
1563 4160 1715 4239 [ἀπὸ
1762 4163 1870 4229 τῆς
1916 4155 2253 4240 §radicem-J,
2296 4160 2379 4220 τὰ
2422 4157 2480 4222 δὲ
2524 4157 2663 4222 εἵσω

269 4265 495 4343 μεστὰ
540 4267 821 4343 ὀδυρμῶν.
870 4263 1209 4329 Emblema
1255 4283 1389 4328 esse
1427 4284 1489 4327 v.
1533 4263 1659 4326 ain-b
1699 4270 1807 4336 τῆς
1847 4263 2135 4338 γλώσσης
2176 4262 2451 4327 ostendit
2486 4263 2662 4328 locus

277 4371 475 4438 102d
523 4371 830 4450 ἐπιτρέχει
881 4368 936 4434 δ’
989 4370 1015 4432 ὃ
1063 4371 1263 4447 γέλως
1316 4367 1556 4432 ἄνωθεν.

373 4479 532 4565 Pag.
584 4476 710 4544 107
728 4476 788 4544 d.
856 4484 1224 4558 Φιλοσοφεῑν
1285 4477 1398 4550 μὲν
1462 4477 1543 4554 τῷ
1610 4473 1874 4552 βασιλεῖ
1930 4477 2049 4553 οὐχ
2110 4470 2269 4546 ὅπως
2318 4475 2661 4553 α’ναγκαῒον
