3192 5009
1144 366 1229 413 nn
1272 365 1425 413 uum
1470 366 1754 415 Romo,
2505 346 2632 413 185

350 528 425 593 In
485 532 605 596 hoe
668 532 1028 619 frag-mento
1088 531 1299 597 multa
1354 531 1698 597 offendunt.
1744 533 2044 598 Primum
2087 535 2354 598 aetionis
2403 553 2636 599 nomen

254 637 376 714 „si
421 644 711 702 certum
748 640 1140 721 μαθόνθ’,
1191 637 1359 724 quod
1394 637 1547 703 ferri
1584 660 1710 704 non
1750 646 1978 725 potest.
2027 639 2213 705 Actio
2254 642 2462 717 enim,
2508 660 2634 725 qua

248 748 497 808 certam
557 747 838 829 petimus
896 747 1234 833 pecuniam
1252 793 1268 822 ,
1316 747 1410 808 ita
1454 744 1668 809 audit:
1718 745 1874 809 actio
1921 753 2116 810 certae
2159 746 2422 810 creditae
2454 768 2638 829 pecu-

249 848 401 912 m'ae
444 871 647 936 neque
694 853 906 937 potuit
953 850 1294 936 appellari:
1345 850 1501 915 actio
1546 852 1618 914 si
1666 859 1957 916 certum
1990 859 2343 935 petetur.
2390 851 2634 917 Deinde

251 954 518 1020 offendit
554 955 817 1021 alterius
856 960 1119 1022 actionis
1165 976 1395 1021 nomen
1414 1005 1430 1033 ‚
1478 956 1547 1021 id
1594 961 1694 1022 est
1738 957 2030 1021 condictio
2077 958 2416 1035 critic-aria,
2467 957 2636 1044 quod

246 1082 487 1127 nomen
554 1064 819 1127 aetionis
882 1082 1201 1148 nusquam
1264 1060 1418 1126 alibi
1480 1065 1756 1127 occurrit
1773 1110 1790 1140 ,
1841 1085 2043 1149 quum
2087 1066 2290 1149 ipsius
2336 1066 2599 1128 aetionis
2617 1111 2634 1141 ,

247 1188 385 1253 qua
449 1172 690 1233 certam
753 1190 890 1254 rem
950 1169 1130 1233 nobis
1190 1167 1473 1233 debitam
1535 1174 1830 1254 petamus
1848 1218 1865 1245 ,
1929 1172 2276 1235 sexcenties
2293 1217 2310 1247 ,
2376 1172 2477 1233 uti
2522 1188 2637 1255 par

249 1278 391 1352 est,
438 1277 679 1339 mentio
725 1274 856 1339 fiat.
932 1272 1160 1341 Graeci
1206 1280 1491 1339 auctores
1540 1279 1691 1339 sunt
1709 1323 1725 1352 ,
1765 1296 1997 1340 nomen
2034 1274 2175 1341 ideo
2217 1275 2442 1340 datum
2482 1296 2635 1352 esse,

249 1380 467 1454 ἐπειδὴ
515 1380 575 1443 ἐν
622 1390 699 1457 τῇ
746 1381 916 1444 κατὰ
966 1380 1035 1444 τὸ
1083 1382 1289 1445 πάλαι
1338 1382 1805 1457 πολιτευόμενον
1848 1382 2037 1445 αὐτοῦ
2077 1382 2407 1464 Φορμούλᾳ
2447 1380 2641 1444 muci

248 1487 515 1550 ἐνέκειτο
562 1488 799 1563 μνήμη.
850 1484 980 1572 Ipsi
1018 1487 1297 1572 profecto
1335 1486 1483 1552 inde
1519 1508 1752 1552 nomen
1789 1487 1940 1553 huic
1974 1489 2208 1552 actioni
2248 1487 2635 1553 indiderunt.

248 1591 535 1678 Ulpiano
575 1594 631 1657 si
669 1594 1001 1679 cognitum
1041 1594 1267 1670 fuerit,
1310 1612 1503 1678 quare
1525 1614 1649 1659 non
1674 1596 1928 1678 scripsit
1947 1596 2016 1658 in
2054 1593 2099 1659 1.
2126 1592 2168 1658 8
2193 1615 2288 1679 pr.
2315 1592 2394 1658 D.
2427 1592 2530 1658 13.
2563 1593 2636 1659 1:

242 1698 323 1761 in
364 1720 433 1761 re
458 1698 719 1784 furtiva
764 1698 1058 1763 condictio
1105 1700 1416 1764 tritiearia
1461 1700 1736 1781 competit
1753 1698 1790 1762 ?
1837 1698 2110 1785 Scripsit
2153 1705 2408 1764 autem:
2459 1699 2527 1763 in
2573 1722 2639 1763 re

225 1804 499 1891 furtiva
560 1806 853 1869 confictio
916 1805 1183 1887 ipsorum
1247 1827 1551 1887 corporum
1599 1806 1894 1888 competit.
1964 1805 2299 1871 Praeterea
2347 1805 2605 1871 offendit
2620 1855 2636 1884 ,

246 1910 427 1997 quod
471 1910 787 1977 condictio
836 1912 1159 1976 tribuatur
1204 1914 1265 1977 ei
1309 1914 1421 1997 qui
1466 1911 1816 1997 stipulatus
1863 1913 1948 1977 sit
1990 1912 2138 1991 (sive
2175 1913 2271 1976 im
2309 1912 2639 1994 stipulatus

246 2016 393 2104 quis
447 2017 531 2080 eit
547 2066 563 2095 ,
610 2017 773 2082 velut
818 2018 1301 2103 usumfructum).
1350 2016 1670 2083 Novimus
1718 2019 1894 2083 enim
1942 2038 2020 2083 ex
2068 2017 2482 2103 stipulatione
2529 2016 2640 2082 Ul-

247 2126 525 2210 pianum
585 2145 712 2189 non
770 2122 919 2187 dare
981 2123 1445 2215 condictionem
1474 2121 1544 2203 1).
1594 2121 1768 2188 Huic
1813 2126 1908 2188 rei
1956 2123 2217 2189 fortasse
2262 2126 2354 2189 ita
2400 2123 2643 2189 mederi

249 2250 589 2316 possemus
606 2278 623 2307 ,
688 2232 745 2294 si
804 2250 919 2315 pro
983 2229 1352 2293 condictione
1412 2232 1724 2295 tritiearia
1768 2230 2112 2316 formulam
2156 2232 2535 2295 tritioariam
2581 2232 2642 2295 ei

251 2336 688 2402 redderemus.
738 2335 864 2401 Sed
903 2341 1181 2423 surgunt
1218 2335 1379 2401 aliae
1419 2335 1844 2401 difficultates.
1893 2335 2199 2402 Formula
2236 2340 2546 2401 tritioaria
2567 2357 2642 2403 ea

252 2464 397 2511 esse
438 2442 852 2528 intelligitur,
895 2464 1021 2527 qua
1056 2464 1193 2507 rem
1235 2441 1520 2527 aliquam
1558 2448 1777 2505 certam
1816 2441 2097 2508 debitam
2123 2444 2301 2508 nobis
2325 2426 2640 2527 petamusss

252 2552 349 2616 At
397 2570 549 2615 esse·
580 2548 815 2614 dieitur
862 2568 935 2614 ea
951 2598 967 2625 ‚
1018 2570 1144 2634 qua
1189 2569 1407 2614 omnes
1454 2570 1554 2615 res
1590 2554 1886 2633 petamus
1905 2598 1921 2627 ,
1961 2549 2018 2611 si
2054 2572 2206 2635 quae
2239 2551 2365 2613 sint
2392 2556 2644 2631 praeter

240 2656 573 2741 pecuniam
617 2663 1000 2721 numeratam.
1049 2655 1239 2720 Dicat
1284 2658 1463 2741 quis:
1510 2654 1968 2741 intelliguntur
2014 2677 2114 2721 res
2159 2660 2363 2721 certae
2383 2704 2399 2732 ,
2445 2658 2644 2721 ineer-

254 2770 365 2828 tae
406 2764 597 2827 tacite
633 2759 1081 2827 excluduntur.
1124 2760 1301 2827 Haeo
1339 2760 1600 2827 videtur
1639 2780 1773 2826 esse
1812 2764 2124 2827 sententia
2149 2759 2398 2827 Ottonis
2421 2760 2639 2827 Lenel.

258 2868 391 2934 Sed
451 2875 668 2933 eontra
716 2874 844 2932 est:
894 2867 1183 2933 consulto
1228 2873 1475 2933 tacetur
1522 2867 1600 2933 de
1647 2866 1954 2952 qualitate
2001 2871 2192 2946 certi,
2241 2873 2317 2931 ut
2361 2888 2644 2953 compre-

255 2975 578 3041 hendatur
636 2974 871 3039 fundus
932 2973 1269 3061 vectigalis
1288 3023 1304 3052 ‚
1367 2976 1528 3039 item
1589 2976 1751 3038 iura.
1817 2973 2152 3037 Dicendum
2197 2980 2284 3037 eet
2301 3022 2318 3050 ,
2367 2996 2467 3037 eas
2511 2996 2607 3038 ree
2623 3022 2640 3052 ,

244 3104 373 3165 per
416 3082 571 3144 hanc
614 3081 901 3145 actionem
933 3066 1071 3163 peti
1091 3130 1107 3159 ,
1155 3080 1213 3143 ei
1258 3103 1409 3165 quae
1454 3080 1581 3143 sint
1615 3087 1868 3162 praeter
1896 3080 2218 3162 pecuniam
2255 3086 2638 3157 numeratam,

262 3236 464 3253 .....
529 3210 768 3272 quare
811 3187 1090 3272 fundum
1148 3208 1372 3272 quoque
1420 3209 1541 3269 per
1599 3188 1754 3251 hane
1813 3186 2099 3251 actionem
2135 3186 2434 3269 petimus,
2485 3193 2542 3250 et
2586 3186 2642 3249 si

258 3293 576 3375 veetiqabie
618 3293 703 3357 sit
749 3298 867 3358 eto.
920 3340 1115 3358 .....
1162 3292 1464 3359 Fundam
1512 3292 1898 3380 vectigalem
1943 3314 2055 3379 per
2100 3295 2479 3357 tritioariam
2525 3292 2646 3357 for-

260 3399 515 3469 mulam
576 3401 857 3486 petimus
875 3448 892 3477 ,
955 3403 1105 3485 quia
1160 3422 1287 3466 non
1332 3406 1429 3465 est
1474 3403 1746 3486 pecunia
1791 3405 2145 3465 numerata.
2208 3399 2490 3465 Dixisset
2535 3398 2646 3463 Ul-

261 3511 497 3593 pianus
514 3554 531 3584 ,
594 3508 648 3569 si
719 3508 779 3570 ei
847 3503 1189 3590 placuisset
1253 3509 1323 3569 in
1393 3512 1634 3572 certam
1704 3504 2049 3571 formulam
2108 3506 2325 3569 venire
2373 3505 2645 3569 fundum

263 3611 687 3699 vectigalem:
750 3611 892 3676 ideo
955 3614 1163 3688 venit,
1236 3614 1386 3697 quia
1453 3632 1553 3677 res
1626 3618 1796 3677 certa
1867 3615 1981 3675 est.
2047 3607 2232 3677 Cadit
2277 3613 2533 3675 omnino
2577 3614 2648 3675 in

264 3725 559 3785 nostrum
617 3718 1055 3805 fragmentum
1073 3766 1089 3795 ,
1147 3719 1315 3803 quod
1362 3718 1531 3783 eadit
1575 3720 1645 3783 in
1691 3718 2132 3804 fragmentum
2179 3717 2254 3781 de
2302 3719 2458 3782 certi
2505 3738 2648 3781 con-

270 3825 579 3890 dictione:
628 3823 905 3889 hominis
954 3827 1053 3888 est
1095 3822 1387 3888 consulto
1437 3826 1763 3889 actionum
1808 3825 2117 3888 terminos
2166 3824 2482 3887 exarantis
2505 3820 2580 3902 ³).

361 3929 663 4017 Superest
723 3951 926 4015 usque
987 3930 1175 3995 hodie
1238 3927 1497 4017 Ulpiani
1562 3932 2058 3995 commentarius
2121 3930 2196 3992 de
2241 3929 2610 3993 condictione
2627 3978 2644 4006 ,

270 4058 460 4121 quem
506 4035 586 4100 ad
631 4034 934 4101 Edictum
979 4034 1159 4100 libris
1206 4035 1299 4100 ibi
1345 4038 1650 4113 inseruit,
1701 4035 1812 4101 ubi
1861 4033 2090 4100 titulus
2138 4039 2233 4099 est
2280 4036 2369 4097 de
2413 4035 2542 4097 reb
2562 4056 2647 4097 ue

271 4142 630 4207 creditu.
678 4141 882 4207 Periit
927 4150 1143 4207 autem
1192 4141 1479 4207 eiusdem
1522 4142 1602 4207 ad
1641 4147 1982 4227 utramque
2023 4148 2263 4207 certam
2300 4139 2647 4206 formulam

343 4412 390 4471 1)
422 4412 495 4462 Cf.
530 4428 675 4479 supra
708 4428 809 4479 cap.
845 4412 1015 4463 XVII.

340 4495 390 4557 2)
424 4494 570 4546 Aliud
602 4498 940 4561 argumentum
974 4496 1191 4561 sequenti
1224 4496 1373 4546 inerit
1406 4495 1571 4563 capiti.
