3192 5009
1251 375 1767 424 mnopnmsws.
2565 355 2694 422 329

413 542 513 604 καὶ
579 541 800 616 ἐζηκὼς
867 545 1004 620 πρὸς
1058 543 1139 622 τῷ
1189 543 1406 622 ςαθμῷ
1456 542 1704 616 adama
1756 542 1869 618 μὲν
1916 541 2128 622 κρέας,
2177 541 2227 606 εἷ
2280 540 2341 604 δὲ
2392 545 2477 614 μὴ
2528 541 2696 607 ὅςοῦν

309 649 403 718 εἷς
470 651 568 712 τὸν
639 648 899 728 ζωμὸν
973 648 1304 726 ἐμβαλεῖν.
1378 647 1549 714 Fieri
1609 653 1821 734 potest
1882 653 1957 712 ut
2024 654 2282 735 propter
2342 647 2697 712 Henricum

311 752 655 840 Heynium
713 755 840 817 und
895 754 1058 818 aeine
1114 777 1270 834 qamz
1330 753 1703 834 vorzic'qliche
1768 754 2187 838 Kraftbric'ken
2251 752 2416 818 illud
2462 755 2547 823 εἷς
2595 754 2694 816 τὸν

311 857 516 941 ζωμὸν
582 859 810 924 multis
871 859 1214 925 lectoribus
1277 861 1510 924 eximie
1573 859 1853 944 placeat,
1920 858 2030 925 sed
2092 862 2347 925 etiamsi
2394 861 2563 924 ὀςοῦν
2612 860 2695 931 εἰς

311 967 423 1032 τὸν
471 965 665 1048 ζωμὸν
715 966 984 1031 fortasse
1025 971 1193 1031 recte
1239 965 1506 1042 dicatur,
1557 986 1725 1029 nunc
1776 972 1991 1030 tamen
2037 965 2303 1031 ridicule
2349 968 2442 1030 ita
2487 966 2702 1030 scribi-

310 1079 449 1150 tur,
514 1094 664 1138 cum
726 1073 811 1143 εἷς
869 1075 969 1137 τὸν
1019 1071 1217 1152 ζωμὸν
1264 1074 1476 1158 magis
1521 1070 1925 1158 iungendum
1971 1071 2268 1138 videatur
2313 1087 2460 1137 cum
2508 1072 2699 1137 verbo

314 1178 652 1255 ἐμβαλεῖν.
723 1177 796 1242 In
862 1176 1277 1243 deterioribus
1340 1175 1522 1241 libris
1584 1179 1913 1242 invenitur
1976 1179 2058 1248 εἷς
2122 1178 2223 1242 τὸν
2286 1175 2490 1258 ζυγόν,
2540 1198 2701 1264 quae

311 1283 547 1348 multis
593 1283 670 1348 de
716 1285 922 1348 causis
967 1304 1221 1368 prorsus
1268 1282 1538 1347 absurda
1581 1281 1771 1347 lectio
1812 1289 1929 1348 est.
1977 1282 2213 1348 Ussinx
2252 1284 2338 1355 εἰς
2379 1287 2481 1349 τὸν
2521 1283 2700 1360 σωρὸν

312 1393 609 1476 scripsit,
675 1387 842 1476 quod
901 1388 1092 1475 paulo
1155 1387 1414 1474 quidem
1474 1391 1711 1453 rectius
1776 1410 1843 1454 66
1906 1389 2099 1454 habet
2116 1437 2131 1466 ‚
2198 1411 2312 1455 nec
2358 1396 2571 1455 tamen
2620 1390 2699 1454 ab

313 1500 499 1562 omni
558 1503 736 1582 parte
797 1495 1049 1561 sufficit.
1117 1492 1587 1561 Commendabo
1635 1493 1966 1581 equidem:
2017 1497 2100 1566 εἰς
2164 1496 2263 1559 τὸν
2313 1492 2354 1558 ὦ
2375 1521 2515 1560 νον.
2584 1496 2702 1561 Est

314 1623 470 1668 sane
518 1599 652 1673 ὦνος
698 1606 982 1687 pretium
1029 1600 1195 1687 quod
1242 1608 1492 1686 emptor
1538 1600 1844 1686 persolvit
1883 1599 2239 1679 venditori,
2280 1601 2390 1666 sed
2429 1602 2700 1667 dixerim

313 1712 520 1774 etiam
565 1711 780 1793 ipsum
823 1707 890 1772 id
938 1706 1106 1793 quod
1152 1709 1383 1772 emeris
1431 1702 1565 1770 ὦνον
1608 1709 1889 1792 potuisse
1929 1706 2075 1772 dici.
2124 1706 2469 1793 Impudens
2507 1708 2699 1774 homo

313 1837 452 1879 non
509 1821 831 1901 exspectat
891 1813 1046 1879 lanii
1106 1812 1621 1880 benevolentiam
1640 1860 1655 1888 ‚
1708 1813 1816 1878 sed
1864 1816 1920 1877 si
1966 1818 2177 1898 potest
2195 1861 2211 1891 ,
2262 1814 2699 1893 carunculam,

315 1923 381 1985 ni
448 1923 664 1984 minus
729 1923 973 2005 potest,
1047 1925 1215 1984 certe
1286 1941 1354 1984 os
1427 1921 1594 2003 rapit
1657 1919 1871 2005 magis
1933 1940 2126 2005 quam
2187 1918 2434 1985 lanium
2496 1927 2699 2007 rog-at.

317 2025 700 2090 Mentissam
764 2024 870 2090 vel
916 2024 1250 2090 cumulum
1297 2025 1570 2089 Romani
1616 2023 1967 2109 appellant,
2018 2025 2082 2087 la
2129 2022 2527 2110 resimis-nance
2572 2047 2703 2090 ma-

315 2140 540 2197 tronae
601 2131 764 2216 apud
832 2130 1166 2216 Heynium
1188 2178 1203 2207 ,
1267 2128 1651 2195 Plutarchus
1713 2135 1932 2194 autem
1994 2133 2368 2206 παρενθήκην
2430 2128 2700 2199 Conviv.

315 2259 387 2323 p.
443 2235 566 2302 151
593 2237 680 2300 E:
731 2237 967 2313 γένοιτο
1006 2239 1132 2315 γὰρ
1171 2237 1246 2300 ἂν
1287 2239 1560 2307 πλείονος
1606 2233 1755 2310 ἀξία
1798 2243 1905 2308 τῆς
1952 2237 2243 2315 ἐμπορίας
2276 2237 2309 2311 ἦ
2337 2240 2700 2317 παρενθήκη,
2824 2257 2835 2277 ·

317 2344 388 2409 h.
414 2364 469 2408 e.
516 2345 823 2408 mantissa
869 2343 1124 2408 obsonia
1169 2345 1370 2407 vincit
1387 2390 1404 2420 ‚
1453 2344 1554 2406 uti
1600 2341 1889 2407 Lucilius
1933 2341 2238 2428 loquitur.

417 2449 575 2514 Ibid.
643 2450 744 2512 καὶ
811 2443 925 2512 ὅσα
976 2447 1296 2523 ἐωνημένοι
1348 2445 1542 2522 ἄξιοὶ
1594 2472 1683 2519 τις
1736 2449 1940 2529 Φέρει,
1989 2448 2373 2530 ριείηαδοΰνοιιἱ
2412 2455 2702 2516 κελεῦσαι

323 2561 430 2620 καὶ
496 2557 680 2635 αὐτῷ.
745 2554 857 2620 Nil
918 2563 1097 2620 curat
1142 2555 1334 2620 homo
1380 2553 1491 2619 1116
1539 2575 1663 2638 quo
1710 2556 1855 2640 quis
1900 2555 2176 2640 quidque
2222 2558 2427 2639 pretio
2475 2560 2717 2654 emerint-3

321 2673 388 2728 et
409 2711 426 2739 ‚
487 2665 542 2726 si
607 2668 820 2738 curat,
885 2682 1027 2726 cara
1089 2682 1284 2747 quam
1347 2659 1502 2724 vilia
1564 2658 1783 2724 malet.
1850 2659 2171 2726 Emendo:
2224 2658 2313 2742 ὥρ
2336 2687 2352 2726 ι
2376 2687 2438 2726 α.
2486 2661 2701 2728 Veluti

321 2766 495 2854 finge
541 2774 604 2832 te
650 2769 719 2832 in
764 2767 898 2831 foro
945 2786 1150 2853 pruna
1188 2768 1418 2831 emisse
1458 2785 1581 2850 quo
1626 2770 1911 2849 tempore
1953 2768 2238 2850 primum
2279 2775 2705 2852 provenerunt

325 2881 391 2939 et
449 2872 699 2938 venalia
757 2877 910 2938 sunt
925 2895 941 2952 ;
1009 2873 1375 2958 supervenit
1436 2872 1628 2936 homo
1688 2871 2027 2957 impudens
2090 2879 2155 2937 et
2220 2881 2525 2959 tanquam
2572 2874 2701 2940 vile

321 2979 782 3044 munusculum
831 2978 1290 3068 propemodum
1337 2977 1586 3064 flagitat
1634 2976 1801 3062 quod
1849 2978 1969 3042 tibi
2016 2998 2251 3064 magno
2302 2983 2592 3046 constitit
2640 2986 2705 3046 et

324 3094 467 3171 post
511 3085 758 3171 aliquot
804 3086 936 3152 dies
984 3086 1247 3151 demum
1293 3083 1581 3150 vilescet.

416 3190 571 3256 Ibid.
636 3193 738 3256 καὶ
807 3193 906 3255 ἐπὶ
974 3195 1080 3264 τὴν
1144 3193 1478 3269 ἀλλοτρίαν
1551 3188 1743 3253 οὶκίαν
1809 3190 1987 3254 ἐλθὼν
2033 3190 2410 3271 δανείζεσθαι
2462 3194 2701 3272 κριθὰς,

325 3300 500 3378 (ποτὲ
554 3301 662 3372 μὲν
715 3300 916 3379 κριθὰς
964 3299 1210 3378 Herw.)
1259 3298 1407 3361 ποτὲ
1449 3295 1512 3361 δὲ
1560 3295 1862 3376 ἄχυρον
1915 3297 2016 3360 καὶ
2060 3304 2269 3361 ταῦτα
2310 3299 2474 3378 (τοὺς
2512 3303 2701 3366 inser.

325 3401 632 3485 Cobetus)
670 3409 1032 3484 χρήσαντας
1072 3404 1437 3481 ἀναγκάσαι
1480 3405 1814 3484 ἀποφέρειν
1852 3404 1992 3482 πρὸς
2019 3405 2224 3468 αὐτόν.
2277 3406 2543 3492 Propter
2565 3429 2705 3492 pro-

324 3511 620 3576 verbium
668 3511 836 3596 apud
883 3511 1230 3576 Photium:
1280 3509 1402 3580 ὄνος
1453 3511 1534 3579 εἷς
1585 3506 1833 3589 ἄχυρα·
1892 3512 2193 3586 παροιμία
2252 3511 2350 3576 ἐπ)
2401 3520 2517 3575 τῶν
2560 3516 2702 3592 παρ’

327 3616 584 3686 ἐλπίδας
627 3619 706 3687 εἷς
751 3618 969 3693 ὦγαθοὶ
1008 3616 1434 3690 ἐμπιπτόντων
1475 3614 1580 3678 καὶ
1626 3617 1856 3686 τούτοις
1898 3617 2330 3688 ἆπολαυςικῶς
2359 3621 2702 3698 χρωμένων,

323 3724 578 3787 asinum
623 3722 727 3787 hic
775 3722 901 3787 dici
945 3730 1131 3807 putes
1148 3743 1165 3800 ;
1215 3719 1325 3786 sed
1373 3718 1526 3806 quid
1573 3720 1937 3805 impudenti
1984 3722 2229 3787 homini
2287 3743 2437 3788 cum
2483 3721 2705 3809 palea?

321 3827 571 3914 Nempe
631 3827 821 3893 modo
885 3828 1198 3894 hordeum
1261 3830 1458 3914 petit,
1520 3827 1710 3891 modo
1774 3824 1973 3912 quid?
2024 3825 2171 3892 ἄλε
2192 3853 2224 3890 υ
2244 3851 2363 3906 ρον
2414 3829 2703 3895 arbitror.

325 3931 666 3998 Neminem
716 3934 833 3998 hoc
878 3930 1152 3999 vidisse!

418 4035 569 4124 Cap.
624 4038 726 4106 10.
777 4041 1198 4121 μικρολογίας.

418 4147 521 4208 καὶ
586 4153 882 4210 συσσιτῶν
946 4146 1234 4226 (Parisiis
1279 4146 1524 4233 leg-itur
1569 4149 1599 4209 ὅ
1647 4154 2077 4228 συσσιτῶν)
2128 4149 2397 4226 ἀριθμεῖν
2444 4149 2559 4219 τὰς
2608 4151 2707 4214 κύ-

324 4267 505 4323 λικας
574 4253 769 4322 πόσας
845 4251 1062 4323 ἔκαε-ος
1137 4253 1404 4316 πέπωκε.
1477 4251 1663 4317 Ν11116
1730 4273 1981 4338 quoque
2042 4255 2478 4319 animadverto
2541 4257 2707 4340 quod

323 4378 510 4442 saepe
558 4379 680 4423 11611
724 4361 934 4436 venit,
984 4362 1360 4444 interpretes
1408 4358 1564 4424 dum
1610 4359 1821 4423 verbis
1868 4359 2347 4439 adhaerescant,
2392 4363 2563 4447 ipsas
2608 4383 2708 4426 res

321 4462 740 4552 indiligenter
809 4471 1099 4530 tractare.
1173 4463 1392 4530 Veluti
1465 4463 1743 4532 Ooraeus
1812 4463 1916 4529 hic
1988 4463 2064 4531 de
2134 4463 2449 4531 collaticia
2518 4487 2709 4533 coena

2353 4586 2419 4635 82
