3192 5009
512 220 644 287 230
1502 240 1876 290 sormones,

507 409 655 473 inde
716 408 839 473 sibi
884 430 1010 474 non
1056 408 1469 475 desumsisset
1487 459 1502 488 ‚
1554 413 1794 495 opinor,
1845 431 1968 495 quo
2016 412 2244 475 Artem'
2290 430 2473 475 suam
2524 408 2910 475 oratoriam

506 514 879 581 illustraret.
924 515 1093 595 Quos
1130 522 1349 581 autem
1385 515 1492 581 ille
1532 538 1754 582 versus
1797 515 2098 603 Sophocli
2137 520 2270 582 sine
2310 516 2447 582 ulla
2489 516 2910 582 dubitatione

510 622 772 699 tribuit,
837 644 969 688 esse
1034 645 1159 689 non
1214 630 1505 709 poterant
1547 624 1780 689 insulsi
1828 630 1892 689 et
1939 625 2219 706 obscuri,
2268 645 2391 688 non
2439 629 2616 688 erant
2661 622 2914 711 lingua

506 728 721 793 hiulca
766 736 831 794 et
876 732 987 793 vix
1036 727 1276 796 Graeca
1322 733 1698 815 compositi,
1746 729 1854 795 sed
1903 730 2061 795 tales
2109 737 2287 795 erant
2327 752 2550 795 versus
2591 730 2822 817 quales
2868 750 2914 793 a

506 856 761 900 summo
823 842 1011 922 poeta
1074 840 1423 921 expectari,
1488 843 1656 901 certe
1717 840 1783 901 in
1831 840 2073 902 summi
2116 842 2340 923 poetae
2389 858 2574 922 opere
2630 836 2912 903 tolerari

508 942 783 1027 possent.
856 942 1029 1028 Ergo
1090 940 1507 1028 philosophus
1569 964 1696 1007 non
1755 963 1830 1007 66
1887 941 2051 1031 legit
2113 964 2274 1029 quae
2322 950 2541 1008 extant
2589 946 2654 1007 in
2705 948 2906 1007 textu

507 1049 825 1113 hodiern0.
897 1048 1070 1135 Ergo
1130 1052 1415 1135 graviter
1476 1058 1812 1135 corruptus
1875 1056 1971 1115 est
2017 1049 2194 1115 locus
2211 1071 2228 1127 ;
2282 1053 2392 1135 qui
2439 1053 2494 1114 si
2539 1052 2904 1136 pristinum

396 1216 405 1227 ,
509 1175 702 1218 61111111
762 1158 1035 1220 nitorem
1097 1162 1494 1241 recuperaret
1510 1204 1525 1232 ,
1590 1156 1890 1221 credibile
1955 1159 2089 1221 imo
2151 1156 2502 1222 verisimile
2551 1164 2648 1221 est
2695 1154 2906 1219 talem

508 1281 855 1325 evasurum
872 1309 888 1337 ‚
954 1259 1207 1346 qualem
1268 1264 1587 1346 scripsisse
1648 1282 1852 1347 neque
1915 1260 2215 1349 Sophocli
2259 1282 2462 1347 neque
2511 1260 2624 1326 alii
2671 1268 2906 1346 poetae

513 1369 755 1453 tragico
804 1365 1091 1431 dedecori
1138 1370 1241 1431 sit.
1291 1366 1462 1446 Quae
1508 1388 1660 1432 vero
1708 1370 2111 1453 reperiuntur
2155 1370 2224 1432 in
2293 1370 2527 1433 nostris
2574 1366 2906 1432 codicibus

513 1476 656 1559 quis
704 1472 966 1537 tandem
1012 1472 1225 1538 credat
1271 1474 1461 1539 scribi
1507 1478 1792 1559 potuisse
1840 1512 1924 1521 —·
1968 1495 2092 1539 non
2141 1475 2278 1539 dico
2321 1494 2358 1539 6
2395 1472 2708 1559 Sophocle
2729 1521 2745 1549 ‚
2789 1472 2906 1537 sed

515 1602 552 1645 a
621 1602 942 1665 quoquam
1011 1588 1196 1666 poeta.
1262 1584 1544 1667 potuisse
1615 1582 1803 1646 scribi
1865 1602 2022 1647 aevo
2086 1582 2252 1667 quod
2313 1583 2672 1646 intercessit
2733 1582 2912 1643 inter

514 1674 787 1752 mortem
837 1686 1167 1773 Sophoclis
1214 1693 1280 1753 et
1327 1687 1686 1753 Aristotelis
1727 1684 2044 1752 aetatem?
2083 1687 2328 1774 Iophon
2363 1686 2475 1751 ille
2494 1736 2510 1764 ‚
2551 1689 2658 1750 cui
2699 1683 2908 1749 multi

515 1794 668 1857 haec
740 1794 1067 1871 tribuunt,
1132 1799 1205 1857 ut
1264 1793 1459 1858 fuerit
1520 1794 1793 1880 frig-idus
1856 1799 1921 1859 et
1983 1793 2266 1858 insulsus
2327 1800 2546 1879 poeta,
2597 1798 2663 1856 at
2711 1798 2910 1876 poeta

516 1905 732 1964 tamen
793 1906 927 1963 erat
946 1946 962 1975 ,
1026 1906 1092 1964 et
1156 1898 1491 1985 aliquando
1556 1899 1835 1964 dubitari
1897 1902 2109 1985 potuit
2155 1899 2309 1985 quid
2358 1902 2525 1985 patri
2572 1898 2727 1983 quid
2772 1900 2909 1981 ipsi

520 2004 930 2070 tribuendum
993 2012 1191 2082 esset,
1255 2011 1416 2071 teste
1481 2006 1904 2091 Aristophane
1952 2009 2020 2069 in
2066 2006 2392 2071 Ranarum
2439 2002 2670 2070 fabula.
2721 2000 2904 2067 Talis

515 2132 667 2175 vero
730 2114 833 2175 vir
894 2114 1069 2195 operi
1129 2117 1391 2197 paterno
1453 2134 1579 2177 non
1624 2115 1836 2198 potuit
1881 2111 2253 2177 intercalare
2298 2114 2638 2198 nugatoria
2682 2108 2798 2174 1116
2849 2110 2910 2171 si

517 2217 771 2281 maritus
833 2240 989 2281 meus
1048 2218 1145 2280 vel
1188 2219 1373 2301 filius
1432 2226 1694 2282 mortuus
1755 2226 1901 2283 esset
1922 2268 1937 2295 ,
2001 2241 2101 2299 eqo
2149 2241 2245 2282 eos
2290 2241 2408 2281 non
2453 2217 2856 2300 sepelivissent
2883 2264 2902 2293 ,

518 2323 769 2410 aliaque
808 2323 1087 2389 eiusdem
1118 2325 1376 2401 farinae,
1404 2346 1563 2410 quae
1589 2331 1735 2412 post
1758 2324 1917 2389 alios
1941 2325 2079 2389 fuse
2104 2346 2412 2409 exponere
2437 2320 2600 2387 nihil
2625 2322 2900 2387 adtinet.

610 2428 681 2494 Si
724 2451 875 2496 vero
924 2436 1057 2494 tam
1103 2434 1390 2517 graviter
1438 2452 1630 2515 quam
1675 2436 1832 2515 puto
1879 2438 2216 2516 corruptus
2256 2438 2354 2496 est
2389 2429 2598 2505 locus,
2639 2426 2910 2514 singula

517 2534 848 2621 Sophoclis
895 2536 1087 2601 verba
1132 2544 1207 2601 ut
1252 2539 1506 2602 restitui
1553 2540 1793 2621 possint
1840 2540 1952 2601 vix
2000 2535 2133 2600 11116
2177 2558 2318 2621 spes
2365 2545 2480 2600 est.
2543 2534 2633 2600 Ut
2681 2542 2908 2598 tamen

514 2642 789 2707 indicem
839 2641 993 2727 quid
1039 2642 1165 2708 fere
1213 2663 1250 2707 a
1296 2649 1483 2729 poeta.
1525 2642 1884 2728 profectum
1932 2663 2067 2707 esse
2105 2644 2406 2727 suspicer,
2447 2644 2541 2706 ita.
2579 2640 2900 2727 refingam

516 2750 631 2813 hos
690 2770 913 2814 versus
976 2755 1050 2813 ut
1109 2771 1404 2834 possum;
1472 2770 1710 2814 nexum
1759 2755 1977 2814 autem
2025 2752 2510 2813 enunciatorum
2554 2750 2902 2812 restituere

514 2875 697 2938 posse
766 2854 931 2918 mihi
993 2856 1231 2933 videor,
1296 2855 1404 2920 sed
1448 2857 1587 2940 ipsa
1632 2854 1942 2919 vocabula
1987 2876 2092 2919 me
2139 2875 2266 2919 non
2313 2860 2632 2940 praestare
2683 2855 2906 2937 quivis

514 2960 855 3047 intellegit.
904 2959 1186 3046 Expecto
1232 2963 1439 3047 igitur
1484 2962 1638 3025 haec
1687 2961 1848 3025 fere:

788 3069 987 3131 καίτοι
1036 3074 1296 3137 καλῶς
1346 3069 1406 3130 σ’
1457 3066 1725 3145 ἔθαψα.
1760 3063 1808 3147 1)
1856 3073 1981 3135 τοῖς
2030 3069 2344 3143 Φρονοῦσιν
2391 3058 2479 3129 εὖ.

786 3176 854 3237 οὗ
905 3174 1027 3251 γάρ
1076 3175 1212 3237 ποτ’
1258 3173 1385 3239 οὔτ’
1426 3172 1511 3238 ἄν’
1546 3174 1597 3237 εἰ
1649 3172 1880 3241 τέκος
1929 3172 2012 3235 τὸ
2061 3171 2514 3249 <plau-arou,

790 3278 923 3344 οὔτ’
970 3282 1018 3344 εἰ
1070 3280 1244 3349 πόσις
1292 3282 1392 3354 μοι
1442 3280 1750 3343 κατθανὼν
1803 3279 2185 3353 ἐσήπετο,

792 3384 989 3450 οὕτω
1038 3387 1375 3457 δικαίως
1423 3384 1583 3450 τόνδ’
1635 3384 1710 3450 ἂν
1756 3384 1976 3465 ἠρόμην
2023 3384 2214 3447 πόνον.

792 3494 945 3565 τίνος
998 3492 1179 3565 νόμου
1228 3494 1296 3566 δὴ
1350 3498 1556 3556 ταῦτα
1596 3492 1750 3578 ,πρὸς
1801 3492 1985 3572 χάριν
2032 3489 2236 3567 λέγως

792 3598 963 3669 πόσις
1014 3600 1125 3674 μὲν
1175 3599 1249 3663 ἄν
1298 3623 1399 3674 μοι
1450 3602 1587 3663 τοῦ
1640 3599 1910 3668 θανόντος
1963 3594 2156 3667 ἄλλος
2209 3592 2296 3673 ἦν,

790 3706 893 3768 καὶ
946 3713 1093 3774 παῖς
1144 3703 1236 3770 ἂν
1285 3704 1574 3782 ἄλλος,
1624 3710 1882 3784 <pero-2
1936 3704 1986 3766 εἱ
2039 3701 2202 3766 τοῦδ’
2251 3702 2582 3776 ἤμπλακον
2608 3696 2684 3780 ²),

791 3812 1016 3888 μητρὸς
1068 3810 1123 3875 δ’
1175 3818 1292 3877 etc.

518 3917 698 3983 Talia
759 3920 888 3983 fere
935 3918 1345 3984 Aristotelem
1390 3921 1459 3982 in
1505 3921 1832 4004 Antigona
1877 3916 2109 4003 legisse
2158 3920 2223 3979 et
2268 3914 2563 4000 probasse
2610 3912 2905 3981 arbit-ror.

518 4024 690 4104 Quae
738 4046 939 4111 neque
987 4023 1229 4089 insulsa
1274 4047 1475 4110 neque
1524 4026 1602 4089 ab
1646 4032 2026 4111 erg-umento
2065 4021 2270 4086 aliena
2310 4041 2445 4085 esse
2484 4018 2906 4088 concedamus

594 4300 645 4361 1)
682 4300 878 4365 Epicnm
914 4298 1069 4347 ’irum
1102 4299 1429 4352 commendare
1465 4315 1561 4351 non
1599 4300 1762 4350 61111611.

588 4386 645 4445 2)
681 4384 735 4432 Si
770 4383 871 4432 vita
906 4395 967 4433 118
1003 4386 1163 4450 erepta
1198 4386 1332 4435 esset.
