3192 5009
966 271 1049 319 mi
1092 271 1243 320 Imm
1291 271 1745 320 osmruum.
2425 249 2552 321 109

177 459 355 525 quam
398 443 575 505 inest
618 439 792 526 quod
838 438 1191 525 displiceat.
1242 438 1422 519 Quod
1470 443 1737 506 comitia
1782 440 2056 527 impedit
2104 447 2170 506 et
2211 441 2557 526 impeditu-

176 567 309 610 rum
350 553 487 625 est,
538 569 663 614 non
710 553 808 612 est
838 547 1127 632 sumen,
1180 547 1291 612 sed
1336 550 1721 613 caerimonia
1767 548 2135 634 auspicandi
2181 569 2375 634 quam
2413 569 2559 613 con-

179 663 465 739 sequatur
532 653 836 718 nuntiatio
898 652 1058 734 (vid.
1124 675 1299 739 supr.
1365 675 1513 741 pag.
1564 653 1680 734 83)
1697 675 1714 732 ;
1779 658 1890 740 qui
1938 658 2382 741 auspicaturus
2429 659 2555 731 est,

180 763 343 824 novit
404 781 475 826 se
540 763 783 825 vitium
843 759 1195 826 allaturum
1260 781 1395 826 esse
1441 761 1522 826 ad
1571 764 1836 826 comitia
1852 811 1868 840 ,
1920 782 2314 848 quamquam
2359 762 2560 827 nescit

180 877 387 932 utrum
434 867 689 933 fulmen
737 868 861 933 sibi
908 866 1147 953 fingere
1196 889 1356 953 opus
1402 868 1701 933 futurum
1748 871 1833 932 sit
1880 890 2074 934 necne
2103 871 2186 949 1);
2239 870 2357 934 hoc
2405 868 2560 934 adeo

182 995 389 1039 verum
438 981 542 1040 est
582 981 659 1038 ut
706 973 954 1038 fulmen
999 981 1181 1038 nocte
1230 980 1342 1038 aut
1380 994 1571 1039 mane
1610 997 1745 1037 vere
1764 976 2016 1060 sactum
2054 975 2218 1040 nihil
2251 973 2564 1061 impediat

182 1084 425 1146 comitia
448 1131 467 1158 ,
542 1084 598 1145 si
670 1081 833 1147 forte
892 1086 1039 1145 tum
1099 1083 1319 1167 ipsum
1382 1101 1570 1145 nemo
1621 1082 2088 1166 auspicabatur,
2137 1084 2182 1146 i.
2211 1102 2288 1160 e.,
2341 1084 2397 1146 si
2441 1080 2562 1146 hoc

182 1187 407 1253 fulmen
446 1209 579 1252 non
626 1191 799 1253 venit
838 1195 1140 1275 rogatum
1161 1235 1177 1264 ,
1222 1194 1287 1252 et
1327 1189 1730 1272 quaesitum,
1772 1195 1838 1253 et
1860 1189 2276 1252 comitiorum
2299 1187 2561 1273 quidem

184 1313 353 1358 causa
414 1296 791 1380 quaesitum
856 1293 934 1359 ab
998 1314 1071 1358 eo
1122 1295 1229 1357 cui
1274 1294 1378 1358 ius
1426 1295 1515 1356 sit
1559 1292 1717 1373 (vid.
1769 1314 1943 1378 supr.
1993 1312 2142 1380 pag.
2194 1292 2330 1373 94).
2378 1291 2562 1372 Quod

186 1399 501 1485 displicere
572 1403 809 1485 possit,
879 1421 1006 1465 non
1081 1402 1248 1464 inest
1315 1402 1385 1464 in
1444 1398 1559 1464 illa
1621 1403 1868 1465 ratione
1929 1399 2254 1477 edicendi,
2322 1399 2434 1464 sed
2493 1401 2562 1462 in

186 1509 467 1570 universa
514 1505 633 1572 hac
680 1512 995 1592 potestate
1044 1504 1411 1590 auspicandi
1456 1504 1712 1591 publice
1763 1504 2171 1584 confirmata;
2217 1505 2373 1570 haec
2419 1506 2567 1569 niti-

190 1626 279 1676 tur
332 1611 555 1699 aliqua
618 1615 1073 1699 superstitione
1122 1617 1235 1677 aut
1283 1609 1441 1676 falsa
1488 1614 1698 1697 specie
1743 1611 2076 1700 religionis
2093 1661 2110 1690 ,
2161 1634 2311 1677 cum
2354 1614 2414 1677 is
2459 1613 2566 1676 cui

190 1723 273 1782 ius
330 1722 417 1784 sit
480 1720 856 1806 auspicandi
916 1719 1211 1784 credatur
1254 1739 1389 1783 esse
1440 1718 1819 1785 administer
1864 1720 2130 1784 deorum
2175 1722 2282 1784 cui
2326 1739 2568 1783 nuncu-

192 1847 319 1911 pare
376 1825 573 1892 liceat
634 1829 998 1912 auspicium
1058 1825 1227 1911 quod
1276 1824 1437 1890 utile
1484 1827 1545 1891 ei
1592 1825 1908 1904 videatur,
1958 1847 2234 1912 cumque
2281 1830 2564 1913 potestas

192 1933 319 1998 huic
388 1955 527 1999 esse
590 1933 886 1999 credatur
946 1931 1315 1998 excitandae
1376 1952 1490 2018 per
1550 1952 1777 1998 vocem
1841 1954 2039 2018 quam
2097 1932 2233 1998 edit
2277 1931 2561 2014 imaqinis

197 2041 439 2126 auspicii
484 2061 647 2126 quae
700 2040 869 2125 apud
918 2040 1067 2105 deos
1114 2060 1240 2103 non
1288 2040 1505 2104 minus
1554 2038 1768 2104 valeat
1813 2059 2013 2125 quam
2055 2038 2302 2104 fulmen
2353 2041 2565 2124 auspi-

200 2149 343 2210 mnti
389 2167 539 2212 vere
587 2151 1024 2212 monstratum
1072 2145 1414 2224 (Mnemos.
1456 2143 1675 2209 XVIII
1712 2166 1859 2232 pag.
1905 2144 2038 2211 438
2063 2153 2184 2232 sq.)
2201 2166 2218 2223 ;
2259 2145 2368 2210 sed
2410 2145 2566 2210 haec

204 2255 549 2336 superstitio
620 2254 1067 2338 antiquissima
1128 2257 1227 2316 est
1290 2257 1353 2316 et
1414 2250 1545 2316 fere
1605 2251 1835 2316 itidem
1898 2254 2175 2337 pertinet
2236 2251 2314 2317 ad
2361 2257 2566 2316 totam

204 2357 584 2444 disciplinam
629 2360 1067 2443 auspiciorum
1085 2406 1102 2435 ,
1154 2363 1219 2422 et
1262 2359 1366 2420 ius
1405 2357 1775 2442 auspicandi
1813 2363 1950 2422 tam
1990 2357 2248 2444 plenam
2286 2360 2567 2422 continet

204 2471 562 2550 potestatem
626 2467 1099 2552 auspiciorum,
1160 2471 1237 2529 ut
1284 2466 1687 2528 ementiri
1735 2467 2125 2551 auspicia
2171 2467 2231 2529 ei
2277 2464 2396 2530 soli
2442 2464 2568 2529 dici

204 2575 423 2656 possint
484 2575 597 2658 qui
657 2578 913 2637 careant
956 2574 1099 2636 iure
1147 2570 1517 2656 auspicandi
1566 2569 1904 2656 (fingendi)
1953 2576 2019 2636 et
2066 2577 2282 2636 tamen
2329 2570 2396 2636 id
2443 2571 2567 2636 sibi

203 2686 474 2765 arrogent
498 2676 571 2759 ⁹).
624 2677 749 2744 Sed
794 2684 1012 2743 tamen
1057 2699 1136 2743 ne
1184 2680 1471 2742 severius
1517 2677 1880 2742 iudicemus
1927 2677 2003 2743 de
2051 2677 2169 2743 hac
2214 2699 2282 2744 re
2301 2728 2318 2756 ,
2367 2681 2567 2743 anim-

204 2783 639 2850 advertendum
686 2791 783 2850 est
821 2791 1206 2871 potestatem
1247 2782 1530 2870 fingendi
1570 2786 1662 2849 eis
1701 2790 1957 2848 tantum
1980 2782 2348 2870 plenissime
2371 2785 2566 2850 fuisse

206 2911 537 2956 concessam
555 2940 572 2970 ,
635 2894 749 2978 qui
797 2891 1163 2974 prohibendi
1226 2913 1406 2954 causa
1472 2893 1973 2976 auspicarentur,
2025 2911 2293 2977 eamque
2340 2890 2568 2956 multis

208 3000 455 3063 vinculis
514 3019 651 3064 esse
709 2997 1045 3085 alligatam
1107 3000 1177 3062 in
1237 3000 1328 3063 eis
1395 3000 1506 3083 qui
1572 2998 1793 3078 aqench’
1855 3021 2036 3061 causa
2082 3001 2267 3085 signa
2313 3019 2571 3083 quaere-

208 3113 344 3168 rent.
404 3106 709 3191 Auspicia
770 3107 1102 3191 impetrita
1162 3125 1242 3169 ex
1304 3107 1470 3170 extis
1517 3110 1582 3168 et
1630 3103 1828 3190 pullis
1877 3107 2148 3169 minime
2193 3105 2454 3170 fuerunt
2499 3107 2567 3170 in

210 3217 497 3294 potestate
541 3213 931 3297 auspicantis
976 3209 1176 3276 solius
1224 3209 1497 3291 (Mnem.
1548 3208 1768 3274 XVIII
1815 3232 1878 3296 p.
1931 3210 2091 3291 412)
2108 3232 2125 3289 3
2181 3214 2250 3275 in
2298 3211 2566 3276 fulmine

210 3317 579 3402 impetrando
659 3339 897 3383 munus
963 3317 1252 3404 fingendi
1320 3316 1801 3402 relinquebatur
1865 3315 2177 3403 pullario;
2244 3320 2570 3404 auspicato

213 3447 361 3504 aqere
428 3445 549 3490 non
616 3425 965 3511 putabatur
1029 3427 1142 3510 qui
1202 3427 1517 3489 niteretur
1580 3425 1863 3508 auspicio
1926 3423 2097 3509 quod
2159 3422 2383 3488 fictum
2437 3445 2573 3490 esse

214 3529 367 3594 sciret
426 3531 601 3610 (ibid.
651 3554 715 3617 p.
768 3530 947 3611 414).
1022 3529 1230 3611 Quam
1291 3529 1582 3595 multum
1645 3535 1864 3595 autem
1924 3532 1990 3594 in
2036 3531 2156 3595 hac
2203 3551 2270 3595 re
2315 3533 2571 3596 intersit

214 3637 359 3702 iuter
400 3637 721 3724 agendum
766 3645 831 3703 et
877 3637 1347 3724 prohibendum
1364 3687 1381 3716 ,
1424 3636 1607 3702 facile
1646 3635 2072 3723 intelligitur;
2117 3658 2244 3702 vox
2282 3639 2420 3702 eius
2460 3639 2574 3723 qui

217 3745 331 3810 iure
398 3767 511 3810 suo
582 3745 1035 3823 obnuntiabat,
1101 3764 1497 3831 quamquam
1558 3746 1716 3830 quin
1780 3743 1998 3810 divina
2065 3751 2232 3809 esset
2280 3744 2572 3809 dubitare

220 3873 321 3916 non
381 3852 609 3919 licebat
670 3856 731 3918 ei
792 3855 897 3918 cui
957 3853 1474 3930 obnuntiabatur,
1540 3857 1759 3917 tamen
1779 3900 1797 3929 ,
1865 3854 1919 3916 si
1968 3851 2130 3916 forte
2180 3850 2399 3916 divina
2443 3872 2573 3916 non

274 4066 325 4130 1)
364 4066 457 4118 δὲ..
502 4067 627 4116 Phil.
670 4069 715 4118 2.
737 4067 803 4117 82
823 4067 911 4116 812
954 4065 1296 4132 ‚quisquamne
1332 4065 1548 4115 divinare
1581 4069 1769 4130 potest,
1804 4064 1919 4129 quid
1955 4063 2063 4113 vitii
2100 4064 2152 4114 in
2185 4064 2408 4130 auspiciis
2441 4066 2576 4117 futu-

222 4161 313 4196 τοι
350 4148 434 4208 nit,
478 4149 569 4200 nisi
612 4149 697 4215 qni
730 4149 789 4198 de
820 4148 950 4198 eaelo
983 4163 1173 4198 servare
1206 4147 1460 4198 constitnit
1473 4146 1529 4196 ἴθ’·
1567 4174 1630 4186 -
1666 4148 1722 4210 Β)
1759 4152 2004 4210 Augai-etz
2041 4145 2143 4195 biv.
2178 4147 2260 4196 al.
2281 4147 2359 4196 63.
2384 4151 2438 4206 ὃς
2477 4147 2574 4198 Cio.

222 4227 333 4278 Phil.
364 4231 407 4280 Β.
427 4233 581 4282 83.88
616 4235 665 4281 et
697 4234 741 4282 Β.
766 4233 845 4282 85.
866 4233 956 4290 88;
994 4230 1178 4280 tribuni
1212 4229 1364 4296 plebis
1399 4229 1641 4295 spectione
1676 4233 1918 4278 carentes:
1955 4227 2058 4278 cio.
2094 4228 2192 4278 div.
2232 4229 2275 4278 l.
2299 4229 2378 4279 16.
2399 4229 2476 4280 2⁹.
2511 4257 2578 4268 —

226 4310 311 4375 Qui
349 4311 447 4362 iure
486 4330 571 4364 sno
615 4314 910 4380 auspicetur,
959 4329 1221 4377 numquam
1271 4312 1452 4363 dicitur
1498 4311 1726 4362 ementiri
1763 4311 1989 4377 auspicia.
2027 4312 2210 4364 Mnem.
2247 4311 2432 4362 xvlu
2468 4327 2579 4378 pag.

226 4393 311 4440 ⁴42
344 4409 390 4445 a.
422 4399 463 4444 ³.
