3192 5009
609 160 740 227 238
1414 180 1498 265 na
1540 181 1695 231 maa
1741 180 2193 228 onnunmnm.

603 350 729 413 nisi
788 353 934 412 ante
997 366 1051 411 a.
1107 345 1193 412 58
1248 346 1537 412 licuisset
1583 347 2076 433 magistratibus
2122 349 2409 432 patriciis
2459 348 2827 415 obnuntiare
2873 352 2966 413 tri-

603 455 791 539 bunis
837 454 1053 540 legem
1099 454 1447 519 ferentibus
1464 476 1481 533 ;
1534 454 1758 520 deinde
1805 474 1957 519 vero
2005 453 2277 519 Bibulus
2324 475 2450 519 cos.
2501 477 2629 520 non
2676 458 2965 542 potuisset

604 583 657 627 a.
714 560 797 626 59
854 582 1080 627 mense
1127 559 1506 639 FebruariO,
1555 582 1706 626 cum
1753 558 1984 627 Caesar
2028 561 2227 626 fasces
2273 562 2568 640 haberet,
2617 563 2966 628 obnuntiare

602 668 890 755 collegae
961 690 1076 733 suo
1148 671 1380 733 maiori
1448 667 1665 754 legem
1734 670 2054 754 agrariam
2128 668 2358 734 ferenti
2376 718 2392 746 ,
2457 672 2584 733 nisi
2643 668 2749 735 lex
2809 668 2969 733 Aelia

598 774 784 841 Fufia
828 777 895 840 in
942 775 1061 839 hac
1107 780 1286 860 parte
1336 774 1706 840 sustulisset
1751 777 1855 839 ius
1902 774 2163 840 vetandi
2209 774 2486 840 consulis
2533 777 2794 841 maioris
2832 776 2966 856 (vid.

601 904 750 969 pag.
800 880 933 947 233
982 881 1123 946 adn.
1181 881 1265 961 1).
1545 943 1547 945 ,

688 988 825 1054 Has
887 989 965 1054 ob
1026 1008 1245 1053 causas
1292 991 1541 1066 statu0,
1592 988 1671 1053 ab
1720 1008 1777 1052 a.
1832 986 1981 1052 154·
2009 988 2090 1053 ad
2138 987 2224 1053 58
2271 988 2638 1054 consulibus
2686 994 2753 1055 et
2796 989 2973 1053 tribu-

597 1099 696 1161 nis
741 1096 828 1184 pl.
876 1096 1053 1183 leges
1100 1096 1447 1161 ferentibus
1496 1096 1875 1161 obnuntiare
1922 1102 1987 1161 et
2034 1096 2207 1161 diem
2253 1099 2486 1162 vitiare
2524 1100 2810 1182 potuisse
2847 1118 2971 1162 con·

598 1201 803 1281 sules,
873 1208 1223 1288 praetores,
1299 1223 1588 1267 censores
1607 1250 1622 1279 ,
1699 1202 1934 1267 aediles
1953 1251 1969 1279 ,
2043 1208 2440 1287 quaestores,
2515 1203 2806 1268 tribunos
2866 1201 2964 1288 pl„

601 1313 752 1396 quia
833 1308 964 1373 illis
1047 1331 1173 1374 non
1241 1308 1476 1373 licebat
1545 1311 1968 1395 magistratus
2040 1313 2258 1375 vetare
2329 1309 2406 1374 de
2477 1309 2649 1374 caelo
2720 1329 2973 1374 servare.

602 1416 825 1482 'Palem
896 1415 1329 1480 condicionem
1396 1417 1558 1479 iuris
1633 1412 1852 1482 Cicero
1915 1418 2195 1501 respexit
2258 1437 2409 1481 cum
2474 1417 2775 1481 scriberet
2835 1415 2973 1500 (leg.

605 1519 980 1603 3.12.27):
1050 1522 1386 1607 „deinceps
1449 1521 1749 1586 omnibus
1810 1521 2299 1608 magistratibus
2366 1525 2651 1607 auspicia
2699 1571 2714 1586 .
2744 1572 2757 1586 .
2789 1572 2802 1585 .
2848 1522 2980 1585 dan·

602 1636 711 1693 tur
758 1676 772 1692 .
804 1676 817 1693 .
852 1677 865 1692 .
886 1677 901 1706 ,
953 1635 1027 1692 ut
1092 1627 1332 1693 multos
1401 1627 1667 1693 inutiles
1737 1630 2111 1693 comitiatus
2178 1627 2538 1713 probabiles
2605 1628 2979 1713 impedirent

602 1734 885 1813 morae’',
934 1756 1096 1821 quae
1144 1735 1337 1800 verba
1383 1738 1495 1799 vix
1542 1741 1689 1821 apte
1740 1735 1910 1800 dicta
1956 1740 2198 1812 essent,
2249 1737 2306 1799 si
2351 1757 2451 1800 res
2497 1738 2592 1800 ita
2640 1757 2705 1801 se
2743 1736 2981 1800 habuis·

603 1849 699 1908 set
760 1848 835 1905 ut
895 1844 1133 1927 spectio
1199 1840 1559 1906 multorum
1618 1844 2124 1928 magistratuum
2187 1844 2453 1927 reprimi
2513 1848 2729 1927 posset
2774 1842 2849 1906 ab
2893 1844 2978 1906 eis

603 1950 712 2035 qui
775 1948 952 2034 leges
1013 1948 1267 2013 ferrent.
1331 1947 1450 2012 Est
1511 1954 1732 2013 autem
1777 1951 1949 2013 inter
1993 1968 2092 2013 res
2141 1970 2220 2012 ex
2266 1948 2386 2013 hoc
2432 1951 2738 2034 temporis
2785 1950 2979 2033 spatio

601 2056 949 2120 memoriae
1010 2053 1277 2118 traditas
1340 2055 1538 2118 etiam
1601 2053 1726 2117 alia
1789 2058 2066 2138 (praeter
2113 2053 2180 2118 id
2226 2053 2396 2139 quod
2440 2053 2577 2119 dixi
2624 2053 2701 2119 de
2754 2055 2981 2119 obnun-

601 2161 975 2225 tiationibus
1048 2159 1313 2240 Bibuli),
1383 2182 1544 2246 quae
1615 2163 1870 2225 nonnisi
1940 2182 2019 2225 ex
2087 2161 2208 2225 hoc
2268 2162 2410 2225 iure
2472 2164 2626 2226 satis
2688 2160 2980 2248 explicari

603 2270 826 2354 possit.
878 2268 956 2331 A.
1017 2266 1143 2331 100
1192 2266 1421 2331 accidit
1465 2273 1542 2331 ut
1588 2274 1865 2351 quaestor
1909 2268 2173 2329 urbanus
2222 2265 2319 2347 (Q.
2375 2266 2690 2333 Servilius
2737 2266 2985 2352 Caepio)

601 2379 933 2439 conaretur
990 2376 1059 2439 vi
1126 2379 1372 2438 armata
1434 2373 1795 2438 disturbare
1858 2374 2236 2452 concilium,
2301 2377 2369 2438 in
2415 2396 2540 2460 quo
2587 2375 2858 2438 tribunus
2887 2373 2984 2456 pl.

601 2478 986 2566 (Appuleius
1059 2478 1470 2559 Saturninus)
1540 2480 1758 2565 legem
1829 2480 2368 2562 (frumentariam)
2428 2481 2692 2546 ferebat.
2766 2481 2855 2546 De
2917 2501 2985 2543 ea

597 2585 742 2672 lege
807 2592 1063 2650 senatus
1125 2592 1491 2663 censuerat,
1542 2592 1762 2650 contra
1809 2586 2275 2671 rempublicam
2324 2587 2652 2652 facturum
2700 2608 2833 2652 esse
2877 2588 2983 2671 qui

508 2699 521 2714 ‘
599 2713 742 2757 eam
807 2692 998 2757 ferret
1018 2712 1033 2769 ;
1098 2693 1343 2757 tribuni
1390 2692 1477 2777 pl.
1528 2695 2015 2757 intercesserant
2062 2692 2196 2779 legi
2217 2713 2233 2769 ;
2285 2692 2668 2758 Saturninus
2716 2694 2816 2757 his
2861 2714 2985 2756 om—

597 2800 785 2864 nibus
831 2802 1061 2883 spretis
1109 2798 1324 2885 legem
1371 2799 1532 2863 ferre
1575 2803 1871 2883 coeperat
1903 2797 1982 2878 ¹);
2027 2805 2164 2863 erat
2201 2801 2429 2885 igitur,
2463 2821 2588 2864 cur
2625 2802 2716 2864 eis
2757 2802 2985 2885 magis-

598 2905 872 2970 tratibus
935 2907 1047 2989 qui
1111 2926 1261 2968 cum
1323 2911 1547 2969 senatu
1617 2910 1858 2969 starent
1918 2908 2348 2970 necessarium
2408 2894 2615 2970 videri
2659 2912 2865 2991 posset
2915 2912 2984 2968 ut

596 3015 736 3076 vim
784 3010 1191 3088 adhiberent,
1241 3018 1531 3095 quatenus
1578 3035 1650 3074 ea-
1694 3034 1787 3074 res
1834 3014 1918 3074 ad
1963 3033 2059 3074 eos
2094 3011 2451 3093 pertineret.
2502 3010 2625 3077 Sed
2668 3018 2880 3077 tamen
2920 3015 2983 3074 in

595 3117 710 3182 illo
776 3116 903 3182 Seu
950 3115 1069 3183 Oto
1120 3124 1184 3181 et
1230 3120 1298 3180 in
1336 3120 1794 3182 intercessione
1858 3118 2267 3181 tribunorum
2313 3117 2605 3205 neglecta
2651 3117 2817 3182 nihil
2859 3123 2985 3183 erat

599 3223 771 3308 quod
834 3229 948 3287 aut
1009 3225 1295 3307 privatos
1343 3232 1456 3287 aut
1502 3226 1925 3309 magistratus
1976 3227 2253 3288 minores
2301 3222 2610 3289 adducere
2657 3231 2871 3309 posset
2918 3230 2985 3287 ut

596 3331 750 3394 huic
811 3332 905 3393 rei
968 3351 1034 3394 se
1096 3330 1504 3415 praeficerent
1524 3350 1539 3406 ;
1610 3328 1735 3394 Sen
1783 3327 1882 3395 Gt.
1950 3328 2276 3394 Ultimum
2337 3331 2584 3395 factum
2648 3350 2772 3395 non
2821 3336 2983 3403 erat,

598 3458 722 3522 quo
790 3457 1011 3501 omnes
1058 3438 1230 3500 cives
1278 3435 1356 3499 ad
1404 3455 1582 3500 arma
1631 3438 1842 3500 vocati
1891 3442 2119 3501 essent.
2168 3435 2394 3522 Itaque
2442 3442 2844 3521 quaestorem
2893 3456 2985 3499 ur-

597 3545 840 3608 banum
897 3542 1012 3608 tali
1059 3545 1154 3607 rei
1202 3542 1372 3607 ultro
1421 3562 1488 3607 se
1533 3544 1900 3607 immiscere
1947 3548 2011 3606 et
2058 3545 2127 3606 vi
2170 3545 2465 3607 resistere
2515 3545 2747 3607 actioni
2793 3543 2983 3606 tribu-

601 3652 836 3726 niciae,
889 3652 944 3713 si
991 3648 1248 3713 nullum
1294 3650 1632 3734 proprium
1673 3651 1778 3713 ius
1823 3649 2086 3712 haberet
2133 3648 2302 3733 quod
2346 3651 2413 3713 in
2461 3669 2536 3713 ea
2577 3668 2643 3712 re
2685 3647 2984 3713 vindicari

599 3763 663 3821 et
735 3756 985 3820 defendi
1056 3755 1345 3830 deberet,
1418 3776 1543 3819 non
1615 3753 1831 3819 solum
1892 3776 2151 3839 prorsus
2214 3755 2583 3819 inauditum
2644 3759 2816 3831 erat,
2884 3751 2983 3817 sed

604 3866 800 3927 etiam
845 3862 1030 3948 plane
1081 3862 1461 3927 seditiosum
1508 3865 1573 3926 et
1613 3860 1822 3925 multo
1863 3864 2128 3947 gravius
2166 3860 2500 3926 ferendum
2542 3882 2738 3947 quam
2777 3863 2982 3947 ipsum

595 3970 839 4034 facinus
886 3969 1148 4034 tribuni.
1199 3967 1324 4033 Sed
1373 3989 1446 4033 ea
1491 3989 1591 4033 res
1641 3966 1809 4032 clara
1856 3967 1964 4045 fit,
2017 3989 2167 4032 cum
2216 3971 2493 4033 sciamus
2513 4018 2529 4047 ,
2577 3990 2650 4034 eo
2700 3975 2980 4054 tempore

595 4078 878 4141 actiones
925 4076 1299 4141 tribunicias
1346 4078 1731 4159 pertinuisse
1779 4075 1858 4139 ad
1904 4096 2123 4139 omnes
2170 4078 2590 4161 magistratus
2608 4124 2625 4152 ,
2676 4079 2875 4140 etiam
2911 4070 2983 4138 ad

662 4321 716 4386 1)
751 4321 892 4370 Auct.
940 4319 1154 4369 Herem.
1194 4320 1447 4371 1.12.21.
