3192 5009
648 311 779 380 178
1503 335 2149 383 ossnan'rmnounu

731 496 988 564 Titulus
1034 503 1132 565 est
1181 501 1312 576 „de
1357 501 1587 564 rebus
1634 500 2038 565 creditis’'.
2087 500 2280 566 Hunc
2328 500 2568 564 titubant
2610 498 3030 584 interpretari

636 626 773 671 sese
835 605 1002 671 velle
1017 655 1035 683 ‚
1099 604 1414 692 Ulpianus
1462 607 1855 673 demonstrat
1870 657 1887 685 ,
1938 615 2013 672 ut
2059 611 2149 673 sic
2196 608 2421 674 deinde
2462 607 2541 672 ad
2587 607 2887 670 verborum
2938 606 3035 666 in-

634 714 1159 797 terpretationem
1229 716 1577 798 perveniat.
1651 713 1873 799 Itaque
1943 714 2214 780 titulum
2281 715 2757 799 subsequuntur
2828 710 3033 777 edicti

633 818 861 896 verba,
911 840 1113 905 neque
1161 820 1371 885 medio
1418 820 1615 885 titulo
1661 819 1836 885 locus
1882 820 2284 906 relinquitur.
2348 820 2467 884 Est
2510 822 2718 907 igitur
2762 820 3032 883 omnino

630 926 801 989 inter
866 926 1043 989 verba
1108 926 1509 992 referendum
1576 926 1747 992 illud
1814 926 1886 990 εἰ
1953 934 2246 991 eertum
2302 933 2662 1010 petetur.
2737 923 2923 1004 Quod
2974 925 3031 985 si

630 1051 861 1095 verum
923 1038 1055 1110 est,
1118 1034 1338 1119 negari
1397 1054 1526 1098 non
1570 1038 1817 1119 potest,
1866 1031 2108 1117 aliquid
2153 1032 2300 1097 inde
2347 1032 2668 1097 abaciam
2712 1030 2911 1094 fuisse
2962 1035 3030 1092 et

630 1138 890 1223 quidem
945 1137 1107 1216 tale,
1170 1136 1359 1225 quale
1421 1141 1738 1224 posterior
1781 1144 1958 1205 aetas
2004 1160 2129 1204 non
2175 1140 2455 1204 curabat.
2502 1136 2728 1222 Itaque
2775 1138 2868 1200 sic
2916 1156 3028 1199 ex-

628 1243 936 1328 plendum
984 1247 1283 1310 coniicio:

900 1352 968 1413 ei
1013 1358 1310 1414 eertum
1343 1357 1747 1433 pet(a)tur
1793 1350 1945 1429 (ita
1975 1350 2428 1435 formulam
2472 1347 2939 1430 concipito).

717 1454 1115 1541 Sequebatur
1175 1456 1398 1521 deinde
1462 1454 1775 1520 formulae
1839 1462 2043 1522 certae
2094 1456 2331 1542 duplex
2378 1457 2703 1541 conceptio
2722 1502 2740 1532 ,
2790 1460 2867 1517 ut
2912 1472 3022 1536 ap—

626 1568 878 1646 pareret
938 1560 1143 1647 qualis
1206 1560 1444 1626 edenda
1504 1566 1671 1625 esset
1733 1564 1793 1626 ei
1858 1564 1968 1647 qui
2027 1569 2268 1628 certam
2313 1564 2651 1648 pecuniam
2695 1563 2856 1625 item
2902 1559 3020 1644 qui

626 1677 867 1733 certam
913 1689 1050 1732 rem
1095 1666 1233 1732 dari
1277 1667 1399 1732 sibi
1446 1672 1736 1752 oportere
1781 1670 2146 1733 intenturus
2190 1678 2374 1735 esset.

716 1773 1069 1838 Notissima
1136 1794 1235 1837 res
1303 1778 1400 1837 est
1446 1809 1531 1820 —-
1581 1779 1678 1837 est
1750 1779 1967 1839 autem
2039 1796 2118 1840 ex
2190 1796 2316 1861 quo
2383 1773 2674 1839 Wlassak
2737 1773 3015 1837 eximiae

623 1877 889 1964 plenum
929 1878 1247 1943 doctrinae
1285 1876 1579 1943 libellum
1597 1927 1614 1955 ,
1659 1880 1764 1942 cui
1788 1881 2160 1945 inscribitur
2185 1881 2411 1958 „Edict
2434 1882 2562 1943 und
2583 1875 3012 1963 Kla9qform”,

622 1984 867 2071 publici
934 1985 1084 2050 fecit
1149 1987 1309 2049 iuris
1340 1986 1388 2064 ¹)
1438 2022 1523 2032 —
1572 1984 1869 2050 formulis
1938 1989 2007 2050 in
2075 1990 2177 2052 ius
2247 1990 2565 2072 conceptis
2624 2006 2748 2050 non
2811 1982 3013 2048 solere

623 2092 993 2156 Praetorem
1076 2093 1485 2175 praemittere
1568 2090 1850 2155 edictum
1871 2140 1886 2168 ,
1974 2113 2099 2177 quo
2177 2092 2490 2158 iudicium
2567 2113 2633 2157 se
2704 2091 3011 2155 daturum

624 2198 937 2262 ostendat.
999 2195 1177 2261 Solet
1235 2196 1493 2281 quidem
1545 2233 1630 2242 —
1678 2217 1879 2281 neque
1916 2183 2059 2262 ⁶hoc
2120 2205 2336 2264 tamen
2398 2219 2649 2285 semper
2709 2198 2864 2262 facit
2921 2231 3007 2241 —-

623 2306 757 2368 suis
826 2303 1179 2368 actionibus
1239 2304 1331 2366 ita
1390 2302 1748 2387 praedicere
1763 2324 1780 2380 3
1849 2303 1959 2368 sed
2020 2326 2274 2389 prorsus
2337 2325 2810 2390 supervacuum
2857 2304 3011 2367 fuis·

622 2415 754 2487 set,
818 2416 972 2473 tunc
1032 2411 1125 2473 ita
1186 2407 1461 2485 edicere,
1526 2429 1730 2493 quum
1774 2430 1900 2474 non
1948 2431 2026 2475 ex
2075 2431 2190 2475 sua
2236 2410 2673 2476 iurisdictione
2722 2412 3005 2476 actiones

619 2521 974 2601 promeret,
1046 2513 1157 2579 sed
1226 2534 1329 2578 eas
1390 2512 1601 2591 daret,
1666 2535 1822 2599 quas
1883 2536 1961 2580 ex
2022 2518 2163 2581 iure
2224 2515 2520 2603 legitimo
2570 2517 2707 2582 dari
2755 2536 3006 2582 necesse

620 2627 807 2687 esset.
871 2621 1179 2684 Attamen
1223 2640 1372 2683 cum
1415 2621 1497 2683 iis
1542 2641 1668 2684 non
1712 2621 1873 2685 facio
1919 2623 2030 2706 qui
2074 2628 2338 2707 putant,
2389 2644 2704 2709 umquam
2752 2621 3007 2687 Praeto-

618 2749 757 2793 rem
804 2728 896 2791 sic
941 2724 1107 2790 nude
1153 2727 1557 2810 proposuisse
1605 2725 1911 2791 formulas
1927 2747 1943 2802 ;
1994 2747 2244 2813 semper
2290 2748 2364 2793 ea
2408 2732 2742 2814 praemisit
2788 2728 3002 2803 verba,

620 2834 852 2919 quibus
914 2831 1193 2915 demptis
1254 2852 1441 2895 nemo
1501 2834 1661 2897 scire
1720 2839 2003 2917 poterat,
2068 2834 2316 2919 quando
2380 2842 2446 2900 et
2495 2835 2800 2901 adversus
2847 2855 3004 2920 quos

615 2938 732 3003 illa
793 2936 900 3003 vel
957 2934 1071 3000 illa
1134 2934 1409 3002 formula
1468 2937 1783 3002 utendum
1845 2944 2029 3001 esset.
2084 2937 2307 3025 Neque
2373 2940 2603 3006 desunt
2666 2941 2863 3006 huius
2911 2943 3003 3005 rei

616 3045 893 3130 vestig-ia
958 3044 1015 3106 si
1083 3043 1227 3126 quis
1281 3049 1447 3106 recte
1508 3043 1848 3107 attenderit
1908 3042 1987 3107 ad
2049 3064 2158 3122 ea,
2223 3067 2384 3129 quae
2444 3047 2522 3111 de
2570 3047 3003 3112 formularum

615 3149 1018 3232 conceptione
1063 3149 1301 3232 passim
1349 3147 1710 3212 traduntur.
1759 3148 1972 3213 Habet
2019 3147 2220 3216 Gaius
2265 3150 2379 3231 (IV
2427 3152 2686 3237 §136):

887 3252 1027 3315 item
1087 3252 1445 3316 admonendi
1503 3275 1730 3329 sumu-5,
1793 3254 1847 3315 si
1909 3278 2036 3318 cum
2092 3255 2224 3338 ipso
2271 3281 2514 3338 aqamus
2560 3259 2664 3343 qui
2712 3258 3002 3321 incertum

875 3357 1247 3441 promiserit,
1285 3359 1379 3422 ita
1415 3358 1581 3422 nobie
1588 3358 1931 3444 formulam
1954 3383 2074 3423 esse
2084 3362 2482 3445 propositam,
2507 3372 2576 3427 ut
2588 3363 3000 3446 praescriptio

887 3464 1113 3526 inserta
1159 3463 1243 3526 sit
1267 3465 1586 3549 formulae
1632 3464 1756 3526 loco
1804 3465 2322 3531 demonstrationis
2359 3470 2467 3532 hoc
2502 3472 2669 3533 modo
2712 3477 2776 3535 et
2812 3470 2926 3534 rel.

706 3568 805 3633 Ex
866 3571 946 3632 iis
1009 3589 1169 3653 quae
1225 3574 1579 3654 sequuntur
1640 3570 1820 3636 facile
1883 3579 1978 3635 est
2037 3572 2333 3661 colligere
2396 3576 2513 3639 hac
2569 3576 2850 3642 formula
2897 3579 2999 3640 uti

615 3698 739 3741 non
797 3674 987 3740 licere
1050 3675 1349 3740 adversus
1395 3695 1500 3739 eos
1547 3677 1659 3759 qui
1708 3697 1817 3759 pro
1865 3674 1991 3741 alio
2039 3677 2229 3772 fidem
2274 3702 2457 3746 suam
2505 3682 2996 3758 adstrinxerint‚

613 3785 739 3847 nisi
782 3780 850 3845 id
894 3783 1110 3865 ipsum
1158 3780 1640 3866 praescribatur.
1688 3779 1950 3845 Praetor
1995 3784 2200 3870 igitur
2244 3789 2333 3852 sic
2381 3787 2510 3852 fere
2558 3788 2876 3854 edixerat:

887 3886 986 3966 (si
1047 3910 1133 3949 ex
1191 3885 1610 3969 stipulatu
1660 3885 2046 3952 incertum
2084 3899 2445 3973 petatur)
2494 3895 2566 3957 ei
2612 3919 2771 3958 cum
2816 3896 2993 3979 ipso

683 4197 735 4258 1)
772 4195 1086 4257 Posteaquam
1122 4191 1234 4240 huso
1269 4189 1573 4256 scrip-nram.
1612 4191 1816 4257 ‹unnpvrl
1856 4193 2083 4244 (monem
2127 4196 2344 4246 Karlowa
2379 4199 2851 4264 (Rechtsqesehichte
2883 4204 2907 4251 Ι
2944 4219 2994 4267 p.

610 4279 761 4336 463¹)
804 4276 1051 4324 inventum
1098 4272 1185 4321 eibi
1224 4271 1473 4321 vindic-ro.
1520 4272 1663 4322 Nolui
1704 4277 1857 4323 tannem
1898 4274 1942 4324 ln
1980 4281 2112 4327 textu
2149 4278 2329 4342 aliquid
2368 4287 2553 4330 mutare
2588 4283 2702 4346 quia
2735 4284 2879 4334 huius
2913 4284 2989 4333 ob·

609 4359 817 4409 servatio
864 4358 912 4406 in
946 4359 1061 4404 nota
1094 4355 1295 4419 quadam
1334 4356 1388 4403 ml
1427 4354 1573 4419 {polus
1614 4355 1881 4404 tmm'aeoku·
1926 4358 2224 4422 (Rubrenus
2258 4378 2345 4410 eur
2378 4364 2485 4412 zeit
2515 4366 2602 4414 der
2635 4365 2991 4430 Leyieactiom

611 4457 657 4505 p.
694 4440 810 4500 878,
844 4439 1093 4504 plerosque
1129 4436 1176 4485 nl
1214 4435 1354 4486 fallor
1393 4435 1532 4485 latuit
