3192 5009
1226 287 1549 335 nonnus.
1645 371 1652 379 .
2457 266 2586 335 307

228 450 531 515 interdum
593 452 887 537 sperandi
956 451 1489 537 significationem
1558 451 1940 528 adsciscer03
2013 451 2185 536 quod
2247 455 2304 516 si
2359 451 2584 517 itidem

227 558 620 642 probaveritis
637 606 654 636 ,
697 555 864 622 nihil
902 559 1025 623 erit
1062 577 1176 622 cur
1216 577 1365 622 cum
1404 556 1644 622 futuris
1680 578 2024 644 pergamus
2065 555 2310 622 bellum
2346 577 2587 643 gerere.

226 660 377 742 Quin
434 671 501 730 et
554 665 767 750 magis
829 662 1207 729 crediderim
1252 665 1521 728 aoristos
1566 668 1634 727 et
1680 683 1938 748 praesen
1946 665 2038 727 tis.
2080 661 2407 727 interdum
2453 661 2589 728 loco

225 768 423 834 cedere
471 769 711 835 debere.
763 767 1079 834 Similiter
1126 772 1345 836 ςεῦται
1394 789 1545 834 cum
1590 768 1808 835 futuro
1856 771 2268 835 construitur.

299 987 597 1054 XXXIX.
659 988 937 1054 Minime
982 987 1277 1075 intelligo
1322 987 1814 1075 Polydamantis
1861 989 2056 1054 verba
2101 997 2159 1054 N
2189 986 2357 1056 738:

475 1102 677 1176 Τρῶες
722 1096 788 1160 δὲ
834 1095 1229 1175 μεγάθυμοι,
1279 1093 1414 1160 ἐπεὶ
1458 1095 1634 1160 κατὰ
1681 1103 1890 1175 τεῖχος
1942 1093 2200 1174 ἔβησαν,

480 1193 533 1267 οἳ
576 1203 693 1280 μὲν
740 1203 1056 1282 ἑφεςοῖσιν
1101 1201 1215 1268 σὺν
1258 1200 1684 1282 τεύχεσιν,
1736 1194 1789 1266 οἳ
1834 1200 1898 1265 δὲ
1947 1201 2269 1283 μάχονται

471 1306 825 1389 παυρότεροι
871 1306 1237 1386 πλεόνεσσι,
1287 1308 1684 1378 κεδασθέντες
1734 1310 1904 1372 κατὰ
1953 1317 2158 1391 usiae„

222 1412 319 1478 sed
370 1413 491 1479 hoc
543 1413 797 1492 voluit,
862 1414 1105 1499 opinor,
1166 1417 1415 1500 equites
1478 1435 1607 1478 non
1667 1434 1855 1479 ausos
1915 1415 2110 1480 fuisse
2157 1436 2420 1480 currum
2465 1436 2578 1500 per

218 1519 435 1584 fossam
500 1541 687 1607 agere
704 1568 721 1598 ,
787 1519 959 1606 quod
1016 1519 1192 1586 solus
1236 1522 1431 1585 nimis
1476 1519 1920 1605 imprudenter
1965 1521 2159 1586 Asius
2207 1526 2584 1587 tentaverat.

216 1623 369 1690 Hinc
412 1629 772 1712 suspicatus
819 1646 969 1691 sum
1011 1624 1360 1712 legendum
1408 1646 1579 1692 esse:

468 1727 520 1798 οἳ
565 1736 681 1810 μὲν
730 1734 1047 1814 ἄφες-ἄσιν
1095 1735 1203 1798 σὺν
1256 1731 1653 1814 ὄχεσφιν,
1703 1733 1792 1797 τοὶ
1845 1734 1908 1799 δὲ
1954 1731 2298 1814 μάχονται.

296 1933 427 1999 XL.
488 1933 769 2022 Egregie
818 1934 1100 2000 stultum
1149 1939 1246 2000 est
1292 1941 1351 1998 N
1382 1931 1542 2000 754:

471 2038 506 2114 ἦ
550 2043 627 2122 ῥα
676 2042 783 2106 καὶ
830 2042 1071 2119 ὁρμήθη
1118 2039 1285 2120 ὅρεῖ
1330 2039 1704 2120 νιφόεντι
1753 2041 1972 2112 ἐοικώς.

216 2143 659 2212 Hsrwerdenus
704 2147 1177 2212 commendavit
1224 2146 1402 2228 κίρκῳ
1452 2145 1606 2225 ἴρηκι
1655 2147 1761 2213 vel
1809 2147 2020 2212 simile
2068 2148 2243 2233 quid.
2318 2146 2578 2234 Cogita-

220 2272 417 2317 voram
479 2252 775 2339 equidem
844 2252 922 2320 de
988 2253 1451 2334 χειμαρρόῳ
1524 2252 1735 2318 ἄντα
1808 2251 2047 2333 ἐοικώς,
2113 2253 2258 2320 coll.
2328 2253 2581 2320 0630.

222 2355 509 2424 Similiter
563 2358 762 2426 E87:
836 2360 970 2425 θῦνε
1038 2361 1163 2442 γὰρ
1236 2359 1335 2438 ἃμ
1408 2359 1613 2425 πεδίον
1684 2361 1950 2440 ποτῶμῳ
2024 2361 2312 2436 πλήθοντι
2380 2363 2578 2434 ἐοικώς

226 2464 531 2546 χιιμαρόῳ.
576 2465 713 2532 Alii
757 2465 882 2532 alia
928 2467 1422 2554 excogitabant,
1472 2464 1668 2533 donec
1713 2488 1945 2533 verum
1989 2469 2331 2533 inventum
2377 2469 2519 2533 erit.

298 2666 459 2734 XLI.
518 2666 616 2736 De
662 2667 801 2734 oleo
848 2689 975 2755 quo
1022 2666 1183 2734 Iuno
1229 2688 1296 2734 se
1342 2669 1604 2756 inungit
1621 2717 1640 2747 ,
1688 2667 1972 2755 legimus
2021 2666 2261 2738 5173:

469 2779 575 2840 τοῦ
623 2775 730 2840 καὶ
780 2773 1247 2853 κινυμένοιο
1292 2775 1436 2846 Διὸς
1483 2775 1658 2840 κατὰ
1705 2775 2120 2856 χαλκοβατὲς
2171 2775 2247 2842 δῶ

470 2881 673 2958 ἔμπης
724 2883 784 2952 ἐς
834 2880 1033 2960 γαῖάν
1079 2904 1149 2946 τε
1196 2881 1303 2946 καὶ
1352 2882 1593 2961 οὐρανὸν
1641 2877 1793 2946 ἵκετ’
1840 2881 2079 2957 ἀϋτμή.

226 2983 397 3051 Fatue
454 3007 528 3053 ea
580 2989 649 3052 in
708 3008 777 3052 re
820 2989 1153 3074 proprium
1198 2987 1473 3052 verbum
1519 2985 1899 3066 κινυμένοιοῗ
1946 2987 2116 3053 Mihi
2166 2988 2430 3075 quidem
2477 3011 2584 3076 ap-

228 3093 337 3157 tius
377 3093 633 3162 videtur
676 3093 1237 3174 κιδναμὲνοιο.

302 3312 492 3379 XLII.
551 3315 907 3401 Postquam
942 3313 1329 3401 Polydamas
1369 3311 1599 3382 Graeci
1635 3313 1815 3382 ducis
1854 3315 2203 3380 humerum
2247 3315 2586 3394 transfixit,

234 3418 459 3486 effertur
516 3420 753 3508 gaudio
812 3427 878 3487 et
941 3420 1255 3487 exclamat
1300 3420 1708 3507 triumphans
1755 3441 1881 3486 non
1930 3421 2168 3487 frustra
2215 3443 2284 3488 se
2330 3425 2587 3488 torsisse

233 3523 443 3606 telum,
494 3538 537 3594 Ξ
564 3526 736 3592 456:

473 3634 649 3700 ἄλλα
696 3657 790 3706 τις
839 3634 1135 3715 Ἀργείων
1184 3633 1402 3713 κόμισε
1445 3633 1622 3714 χροΐ,
1671 3633 1782 3699 καί
1827 3657 1932 3709 μιν
1978 3632 2076 3699 ὀίω

476 3741 689 3820 αὐτῶ
734 3740 1157 3818 σκηπτόμενον
1206 3742 1471 3818 κατίμεν
1517 3739 1697 3816 δόμον
1740 3739 1955 3812 ’Ἄϊδος
2004 3738 2166 3806 εἴσω.

237 3841 589 3932 Suspectum
651 3845 844 3912 Vobis
891 3851 991 3912 est
1038 3847 1205 3928 αὐτῷ
1254 3853 1319 3912 et
1365 3849 1600 3912 merito
1648 3852 2020 3932 suspectum
2039 3895 2054 3924 ,
2103 3867 2252 3912 nam
2299 3849 2590 3914 novicius

238 3948 321 4016 hic
376 3959 471 4020 est
528 3954 925 4040 pronominis
989 3973 1165 4020 usus.
1218 3952 1385 4032 Quid
1429 3951 1635 4017 latet?
1685 3951 1934 4038 Nempe
1979 3952 2128 4030 ξυς
2151 3955 2192 4033 ᾧ
2243 3954 2594 4032 σκηπτόμε-

242 4079 331 4134 νον,
374 4079 496 4145 quo
542 4081 733 4126 sensu
780 4065 879 4126 est
927 4058 1111 4140 ἔγχε’
1159 4059 1505 4138 ἐρειδομένω
1558 4067 1616 4123 Τ
1645 4056 1754 4122 49.

312 4277 533 4346 nm.
592 4279 977 4367 Interpretes
1024 4300 1091 4346 se
1138 4300 1265 4345 non
1312 4281 1628 4345 extr-icant
1677 4287 1731 4342 0
1764 4275 1932 4344 714:

484 4386 637 4465 ὀξέσι
687 4387 758 4460 δὲ
802 4387 1130 4452 πελέκεσσι
1182 4387 1283 4450 καὶ
1337 4383 1573 4466 ἀξίνφσ’
1621 4383 1934 4466 ἐμάχοντο
