3192 5009
1139 337 1222 384 nr.
1268 335 1538 384 'ramus
1585 335 1885 384 nomme.
2571 309 2701 378 379

299 506 480 566 sunt·
509 499 590 586 ι);
618 501 892 567 alterum
919 501 1216 567 definitur
1239 525 1348 564 ara
1375 502 1647 566 divorum
1670 523 1706 566 a
1732 522 1855 587 qua
1878 504 2167 586 proxime
2192 501 2369 565 abest
2387 548 2403 576 ,
2428 497 2703 563 alterum

293 607 493 670 aelbie
552 609 942 689 auquralibm
965 606 1038 694 ²).
1105 647 1190 658 --
1252 608 1326 672 In
1389 608 1588 674 altera
1650 607 1930 674 formula
1953 657 1969 685 ,
2035 628 2161 693 qua
2221 606 2393 671 linea
2438 606 2703 668 interior

299 715 598 798 pomerii
664 713 1058 792 describitur,
1108 717 1406 799 quamvis
1451 712 1663 779 multa
1708 735 1835 779 non
1884 717 2038 778 satis
2084 711 2379 799 intellegi
2424 713 2667 796 possint
2684 755 2701 786 ‚

297 826 540 886 tamen
603 821 804 886 simili
862 825 1108 887 ratione
1171 821 1368 888 lineas
1433 821 1785 887 secundum
1844 820 1986 886 loca
2049 820 2401 885 adiacentia
2448 818 2703 883 demon-

301 933 558 992 stratas
606 949 741 993 esse
787 933 1050 1013 apparet
1077 926 1149 1006 ³).

415 1033 1071 1098 Animadvertendum
1148 1039 1246 1099 est
1323 1037 1522 1098 etiam
1540 1082 1554 1110 ,
1634 1037 1703 1098 in
1782 1031 2175 1119 templorum
2238 1030 2441 1116 effatis
2508 1030 2701 1094 fuisse

301 1139 676 1205 indicatum
723 1160 756 1204 e
804 1161 928 1225 qua
974 1143 1232 1226 regione
1279 1146 1523 1226 pateret
1569 1140 1781 1204 aditus
1826 1139 1903 1204 ad
1950 1137 2270 1224 templum
2288 1186 2304 1215 ,
2353 1157 2501 1202 nam
2547 1141 2705 1200 tem-

301 1245 507 1332 plum
555 1245 822 1311 debebat
869 1249 1004 1324 „ita
1050 1266 1185 1311 esse
1225 1245 1486 1311 effatum
1523 1252 1599 1310 ut
1636 1267 1713 1310 ex
1756 1266 1881 1310 une
1921 1251 2099 1330 parte
2140 1242 2423 1330 pateret”
2446 1291 2463 1320 ,
2506 1241 2699 1322 (Fest.

301 1373 472 1438 pag.
515 1348 639 1417 157
679 1351 810 1416 vid.
861 1373 1033 1436 supr.
1085 1373 1232 1438 pag.
1287 1349 1462 1432 375).
1525 1351 1859 1417 Praeterea
1920 1351 2235 1436 quomodo
2296 1353 2366 1414 in
2411 1347 2703 1414 formulis

303 1455 740 1544 auguralibus
809 1457 1110 1522 Romanis
1176 1456 1435 1522 definita
1503 1459 1743 1522 fuerint
1818 1457 2061 1543 templa
2132 1454 2391 1543 singula
2408 1504 2425 1534 ,
2497 1454 2703 1519 veluti

303 1564 582 1640 Bostra,
654 1560 884 1630 Curiae
905 1612 920 1640 ,
994 1563 1199 1629 Aedes
1219 1613 1233 1640 ,
1307 1563 1550 1629 Sacella
1569 1613 1584 1640 ,
1659 1585 1933 1649 quorum
2001 1562 2297 1649 pleraque
2356 1560 2699 1627 admodum

301 1691 515 1756 parvo
575 1677 752 1734 erant
813 1673 1084 1735 circuitu
1105 1718 1120 1746 ‚
1185 1673 1578 1756 ignoramus.
1647 1669 1717 1735 Si
1780 1669 1937 1755 quid
1983 1671 2265 1734 conicere
2310 1668 2494 1745 licet,
2544 1667 2699 1731 haec

305 1777 447 1841 fere
493 1779 802 1842 contineri
849 1775 1134 1841 solebant
1179 1776 1476 1842 formulis
1524 1775 1980 1863 auguralibus:

459 1881 526 1946 1⁰
585 1882 1022 1969 longitudines
1083 1882 1404 1948 linearum
1465 1886 1599 1948 sive
1666 1882 2005 1948 distantiae
2063 1880 2481 1969 angulorum,
2533 1885 2701 1944 certo

313 1989 544 2076 aliquo
593 2011 928 2054 mensurae
974 1988 1233 2054 modulo
1279 1990 1591 2055 definitae.

461 2096 532 2160 2⁰
595 2096 970 2161 directiones
1017 2095 1355 2161 linearum.

457 2201 527 2266 3⁰
593 2201 1082 2289 significationes
1145 2201 1435 2268 locorum
1481 2202 1906 2268 adiacentium
1956 2209 2021 2268 et
2068 2202 2413 2267 confinium
2430 2250 2446 2278 ,
2493 2197 2701 2264 veluti

311 2307 664 2374 fundorum
732 2308 1164 2373 aedificiorum
1227 2307 1606 2373 sacellorum
1625 2357 1641 2386 ,
1706 2329 1865 2394 quae
1926 2311 2222 2394 inprimis
2284 2313 2432 2392 apta
2494 2309 2701 2371 essent

313 2415 400 2480 ad
447 2413 717 2502 angulos
765 2412 990 2498 templi
1039 2413 1442 2479 definiendoe.

412 2518 483 2582 4⁰
544 2540 744 2605 pauca
797 2521 992 2584 verba
1040 2520 1269 2604 quibus
1318 2520 1855 2585 demonstraretur
1901 2542 1935 2585 e
1983 2541 2107 2605 qua
2154 2523 2408 2606 regione
2454 2523 2699 2604 pateret

318 2626 534 2691 aditus
585 2624 842 2710 templi.
892 2629 934 2689 i.
963 2646 1015 2690 e.
1069 2647 1194 2711 qua
1238 2632 1403 2692 esset
1449 2647 1593 2712 pars
1642 2627 1877 2704 antica,
1926 2647 2049 2712 qua
2083 2627 2341 2709 postica.

389 2901 444 2963 1)
495 2901 813 2950 Eodemmodo
863 2903 988 2966 apud
1039 2903 1146 2950 Tac.
1189 2905 1310 2951 Ann.
1366 2903 1442 2953 12.
1462 2905 1528 2953 24
1582 2905 1974 2953 demonstrantur
2022 2906 2135 2953 fluet
2184 2903 2275 2952 loci
2324 2903 2450 2952 muri
2484 2903 2566 2966 qui
2604 2902 2697 2950 fuit

315 2983 445 3031 circa
494 2981 657 3032 urbem
702 2985 997 3047 quadratam.
1046 2985 1162 3034 Eam
1197 2985 1455 3035 formulam
1488 3001 1677 3049 quoque
1714 3002 1769 3034 ex
1805 2985 1941 3034 libris
1976 2985 2283 3050 auguralibua
2316 2985 2565 3033 deductam
2601 2999 2700 3032 caea

315 3065 588 3128 auspicatur
631 3065 805 3114 Iordan
850 3066 1054 3131 Topogr.
1106 3067 1136 3114 2
1183 3082 1282 3131 pag.
1327 3067 1440 3124 269,
1490 3067 1576 3116 cfr.
1620 3069 1726 3116 1.1.
1764 3084 1863 3132 pag.
1906 3068 1983 3116 88.
2022 3094 2087 3104 —
2122 3067 2177 3131 2)
2212 3066 2323 3115 Tab.
2366 3065 2435 3115 v1
2471 3068 2507 3116 Δ
2549 3067 2699 3130 Beqq.

319 3145 606 3212 (secundum
657 3147 1020 3196 translationem
1073 3147 1166 3196 viri
1210 3149 1269 3196 cl.
1325 3148 1636 3213 Buecheler):
1690 3149 1951 3212 -templum
2000 3148 2078 3198 ubi
2115 3149 2285 3197 flamen
2325 3151 2545 3197 versatur
2578 3148 2700 3196 arcia

319 3229 542 3294 piniadae,
593 3229 642 3276 id
691 3229 917 3278 stativum
967 3229 1034 3278 sic
1085 3229 1275 3279 finitum
1326 3237 1422 3279 eat:
1478 3229 1535 3278 ab
1586 3231 1762 3293 angulo
1815 3231 1912 3280 imo
1963 3231 2045 3294 qui
2100 3229 2311 3294 proxime
2358 3229 2416 3278 ab
2450 3245 2533 3277 ara
2568 3229 2699 3278 divo·

317 3327 428 3360 rum
464 3315 560 3366 eet.
609 3311 666 3359 ad
713 3311 941 3372 angulum
982 3327 1220 3360 summum
1257 3313 1338 3375 qui
1373 3313 1587 3378 proxime
1622 3312 1680 3361 ab
1713 3313 1844 3360 sellia
1878 3310 2183 3376 auguralibus
2218 3316 2316 3371 est,
2350 3316 2397 3360 et
2434 3310 2490 3359 ab
2526 3311 2699 3375 angulo

317 3407 505 3441 summo
549 3393 608 3440 ad
657 3393 798 3441 aellaa
839 3393 1090 3456 augurales
1134 3395 1192 3442 ad
1232 3394 1446 3443 urbicum
1483 3396 1653 3453 finem,
1689 3395 1747 3442 ab
1780 3395 1957 3457 angulo
1992 3395 2089 3442 imo
2124 3395 2182 3442 ad
2219 3409 2348 3442 aram
2386 3393 2603 3442 divorum
2640 3393 2697 3442 ad

319 3473 539 3524 urbicum
575 3475 763 3524 finem’'.
800 3502 866 3512 —
904 3477 958 3539 3)
993 3473 1106 3523 Tab.
1149 3476 1218 3524 vl
1254 3480 1294 3525 Α
1331 3479 1506 3540 8⁸qu
1543 3479 1659 3526 tinea
1694 3477 1866 3526 urbieiz
1908 3477 1964 3525 ab
1998 3477 2129 3525 aelli·
2156 3475 2462 3540 auguralibus
2489 3475 2547 3524 ad
2577 3475 2699 3524 oatia

320 3557 382 3604 ad
429 3556 691 3605 ooaerclum
725 3557 784 3605 ad
819 3557 1076 3622 praesiolaa
1111 3558 1290 3622 Nurpii
1329 3559 1386 3606 ad
1426 3558 1679 3608 vaairalum
1713 3560 1769 3606 ad
1806 3559 2031 3608 smuraim
2068 3559 2121 3606 ad
2160 3558 2408 3608 delubrum
2448 3559 2700 3608 Miletinae

319 3639 380 3687 ad
425 3639 620 3688 tertiam
666 3654 860 3703 pracnm
908 3651 1238 3703 pracatarnm,
1285 3639 1344 3688 ab
1377 3639 1506 3688 sellia
1539 3640 1851 3704 auguralibua
1884 3641 1941 3689 ad
1978 3641 2140 3689 fanum
2180 3640 2375 3690 vestieii
2407 3640 2465 3690 ad
2502 3640 2697 3690 tandem

321 3719 464 3769 Rufri
500 3721 559 3768 ad
594 3719 844 3770 delubrum
879 3721 1066 3770 Noniae
1102 3721 1158 3770 ad
1194 3721 1446 3770 delubrum
1479 3722 1601 3770 Salii
1636 3723 1695 3770 ad
1732 3721 1893 3771 fanum
1932 3723 2048 3770 Hoii
2082 3724 2141 3771 ad
2170 3723 2333 3772 iannm
2353 3720 2611 3771 Patellae”.
2634 3749 2699 3760 —-

320 3801 444 3850 Cum
491 3801 604 3850 haee
648 3801 904 3866 deecriptio
950 3801 1104 3851 lineae
1138 3803 1340 3869 pomerii
1375 3804 1423 3852 in
1460 3804 1576 3853 duaa
1610 3809 1772 3869 partes
1804 3805 1955 3853 divisa
1984 3805 2073 3863 ait.
2112 3820 2315 3868 quarum
2348 3807 2550 3868 utraque
2584 3803 2701 3854 inci-

319 3883 422 3948 piat
465 3883 524 3932 ab
571 3884 733 3932 eodem
780 3887 957 3949 puncto
991 3883 1148 3946 (sellie
1181 3885 1524 3948 auguralibus),
1561 3901 1671 3935 cnm
1706 3902 1820 3935 vero
1858 3887 1945 3935 hoc
1977 3891 2206 3952 punctum
2243 3887 2389 3936 fuerit
2422 3887 2635 3952 proxime
2671 3902 2699 3934 a

319 3965 500 4031 templo
533 3966 583 4014 in
618 3981 711 4030 quo
745 3965 915 4014 flamen
951 3971 1224 4016 venaretur
1257 3967 1376 4029 (vid.
1413 3969 1504 4016 adn
1558 3969 1633 4030 2),
1670 3973 1867 4034 apparet
1904 3969 1977 4018 hia
2016 3969 2169 4018 verbis
2202 3985 2297 4018 non
2327 3975 2514 4032 parton
2548 3969 2699 4018 lineae

319 4047 522 4113 pomerii
556 4048 840 4112 descriptam
875 4063 972 4096 ease
1017 4051 1098 4110 (ut
1133 4053 1272 4098 antea
1311 4050 1542 4099 Mnemon.
1583 4051 1730 4099 1890.
1772 4053 1829 4098 18
1866 4067 1969 4116 pag.
2008 4052 2106 4101 248
2142 4067 2391 4117 perperam
2426 4053 2698 4112 affirmavi),

319 4131 399 4178 aed
449 4133 600 4178 totam
654 4128 829 4178 lineam
885 4131 1086 4194 pomerii
1156 4130 1408 4196 Templum
1453 4132 1661 4180 flaminia
1710 4133 1902 4181 videtur
1948 4133 2090 4182 fniaae
2138 4134 2188 4182 in
2226 4140 2363 4199 parte
2399 4134 2698 4184 Occidentali

322 4210 474 4268 arbim
513 4211 604 4258 duo
639 4215 816 4275 puncta
850 4211 900 4260 in
936 4212 1108 4276 quibua
1142 4212 1364 4262 desinunt
1403 4213 1637 4262 formulae
1656 4252 1668 4272 ,
1718 4215 1869 4263 tertia
1895 4231 2089 4278 pracum
2120 4221 2427 4280 pracalarnm
2470 4220 2517 4264 et
2562 4217 2701 4265 ianne

326 4292 576 4354 Patella,
611 4293 834 4343 videntur
867 4294 1012 4343 fuisse
1049 4295 1098 4343 in
1135 4295 1361 4354 Oriente,
1399 4311 1424 4344 e
1463 4297 1654 4359 regione
1690 4295 1823 4345 illiue
1858 4297 2040 4362 templi.
2076 4297 2320 4347 Eiusmodi
2356 4298 2566 4346 aedificia
2592 4303 2699 4348 tan·

321 4379 424 4424 tum
470 4375 712 4424 nominata
757 4389 856 4424 ease
900 4376 1140 4434 videntur,
1187 4393 1306 4440 quae
1352 4380 1451 4426 tarn
1487 4377 1585 4426 alta
1622 4377 1695 4425 vel
1734 4378 1884 4427 libera
1918 4383 2070 4428 essent
2110 4383 2162 4428 ut
2200 4384 2389 4444 possent
2424 4380 2481 4428 de
2515 4379 2695 4446 templo

319 4457 546 4525 conspici;
587 4458 698 4507 inde
731 4458 908 4508 factum
949 4465 1000 4508 ut
1038 4464 1136 4508 tam
1169 4475 1317 4524 pauca
1353 4459 1731 4510 nominarentur.
