3192 5009
573 357 708 425 416
1459 379 1659 427 vim
1703 380 1788 427 An
1838 377 2087 428 uiuos.

665 543 858 608 Varro
904 543 982 608 de
1025 543 1288 630 linguae
1335 543 1563 609 Latina
1610 544 1732 625 (ed.
1784 541 1855 611 C.
1905 543 1977 609 O.
2027 543 2313 624 Muller).
2365 543 2437 608 V.
2489 543 2597 610 88.

676 652 890 714 Cohors
908 700 924 728 ‚
971 653 1129 736 quod
1143 701 1159 729 ‚
1207 659 1275 714 ut
1319 651 1389 715 in
1425 650 1579 715 villa
1616 675 1689 715 ex
1718 652 2001 735 phar-ibus
2040 652 2209 717 tectis
2248 653 2628 733 eouiunyitur
2666 675 2736 716 ac
2773 651 2955 737 quid-

571 760 711 821 dam
738 760 828 840 fit
871 780 1081 834 uuum,
1127 757 1216 821 sic
1259 758 1358 821 hic
1405 781 1476 822 ex
1521 758 1856 841 manipulis
1890 759 2175 840 pburibuc
2220 759 2555 841 copulam.

666 862 906 930 Cohors
968 863 1257 929 militum
1319 885 1550 929 nomen
1610 864 1687 928 ab
1737 885 1809 929 eo
1856 867 2168 954 accepisse
2214 865 2604 950 perhibetur,
2650 862 2821 950 quod
2862 885 2954 928 ex

573 969 1006 1056 compluribus
1075 969 1422 1055 manipulis
1486 971 1556 1034 in
1618 991 1822 1035 unum
1884 973 2236 1036 coniunctis
2297 977 2543 1036 constat
2560 1019 2579 1048 ,
2645 973 2813 1036 sicut
2874 973 2954 1033 in

571 1075 730 1142 villa
789 1074 968 1141 locus
1031 1097 1154 1162 quo
1203 1075 1614 1160 compellitur
1660 1082 1723 1141 et
1768 1083 2091 1142 coercetur
2138 1097 2331 1161 pecus
2376 1076 2631 1142 cohorte
2678 1079 2957 1141 circum·

571 1180 780 1259 datur,
849 1202 1010 1268 quae
1091 1202 1168 1246 ex
1237 1181 1675 1267 compluribus
1743 1182 2033 1267 partibus
2102 1187 2198 1247 est
2260 1185 2629 1267 composita.
2702 1179 2957 1249 Cohors

573 1294 792 1354 autem
855 1293 1101 1354 constat
1161 1289 1319 1352 serie
1381 1290 1654 1352 cratium
1674 1335 1690 1364 ,
1757 1308 1918 1372 quae
1980 1287 2181 1353 altera
2244 1288 2323 1353 ad
2370 1287 2639 1353 alteram
2684 1287 2957 1353 acclina-

576 1401 678 1460 tae
695 1443 714 1473 ,
754 1397 927 1459 muri
964 1393 1071 1459 vel
1110 1395 1419 1458 maceriae
1451 1395 1657 1458 instar
1691 1413 1883 1479 pecus
1922 1392 2257 1459 includunt
2293 1392 2373 1459 cf.
2415 1393 2574 1460 Hor.
2615 1415 2717 1480 ep.
2743 1392 2807 1458 2.
2836 1393 2955 1457 45.

578 1501 972 1586 claudensque
1031 1501 1210 1565 texti-s
1271 1500 1530 1564 arabibus
1591 1500 1811 1564 laetum
1860 1523 2067 1583 pecus,
2133 1498 2377 1567 Cohors
2424 1503 2630 1587 igitur
2674 1503 2745 1564 in
2788 1499 2960 1566 villa

571 1629 696 1672 non
741 1629 818 1672 ex
866 1605 1298 1693 compluribus
1344 1606 1514 1671 teeti-9
1557 1606 1669 1671 sed
1716 1627 1793 1671 ex
1842 1606 2019 1670 textis
2066 1605 2421 1692 copulatur.
2484 1694 2491 1700 ·

664 1774 951 1841 Plautus.
1000 1776 1293 1840 Asinaria
1342 1772 1495 1839 654.

1639 1865 1723 1930 Di
1770 1865 1832 1931 te
1880 1869 2224 1932 servassint
2268 1866 2536 1952 semper,

843 1970 1074 2039 Custos
1121 1970 1296 2037 erilis
1314 2020 1330 2049 ,
1380 1970 1568 2036 decus
1615 1970 1791 2058 popli
1810 2019 1826 2049 ‚
1879 1972 2260 2037 thensaurus
2305 1971 2633 2058 copiarum
2651 2020 2668 2049 ‚

841 2076 1026 2142 Salus
1069 2078 1386 2143 interioris
1435 2078 1711 2162 corporis
1756 2079 2113 2164 amorisque
2156 2078 2523 2164 impertitor.

665 2181 736 2249 ln
784 2184 1059 2251 editione
1108 2205 1302 2270 quam
1351 2189 1735 2249 curaverunt
1780 2181 2083 2249 Goetzius
2129 2188 2195 2249 et
2236 2183 2531 2250 Loewius
2568 2183 2921 2250 adnotatur
2944 2205 2961 2248 t

573 2291 1020 2356 interioris
1066 2314 1249 2375 corp
1270 2292 1436 2355 oric
1479 2308 1668 2356 murz
1713 2290 2157 2354 interioris
2202 2291 2547 2355 hominis
2591 2309 2653 2356 Β.
2718 2290 2967 2355 Utrum·

573 2422 686 2484 que
743 2378 892 2484 quiu
952 2405 1291 2480 comptum
1349 2397 1431 2460 eit
1491 2419 1610 2460 nou
1669 2396 2003 2460 dubitamus
2020 2423 2039 2460 .·
2084 2398 2365 2483 fortasse
2416 2420 2449 2461 v
2464 2398 2491 2460 i
2507 2406 2532 2460 t
2546 2419 2629 2460 ae
2674 2421 2706 2462 c
2722 2420 2756 2461 ο
2772 2421 2808 2460 r
2825 2400 2877 2461 d
2888 2399 2917 2461 i
2930 2422 2963 2462 ε

575 2503 936 2587 corporis
1002 2503 1392 2567 scribendum.
1483 2503 1789 2566 iuter-io
1810 2525 1843 2565 r
1920 2503 2289 2587 corporis
2360 2504 2635 2567 Bothus.
2724 2503 2804 2567 vi
2824 2513 2963 2569 tae

575 2634 608 2674 r
626 2634 708 2675 ex
754 2609 1202 2692 cupidinis,
1259 2605 1549 2674 Goetziue.
1601 2609 1758 2673 Nov.
1798 2611 1957 2674 Anu,
2004 2609 2119 2674 vol.
2171 2608 2319 2675 113.
2361 2615 2443 2690 (a.
2475 2607 2677 2692 1876)
2718 2633 2782 2696 p.
2810 2609 2958 2677 360

574 2717 937 2782 dubitanter.
986 2714 1423 2780 interioris
1467 2715 1819 2780 nominis
1878 2715 2205 2797 Useiuqius.

663 2821 860 2888 Verae
918 2820 1207 2887 lectionis
1266 2829 1514 2907 partem
1577 2822 1835 2908 quidem
1899 2823 2063 2887 mibi
2124 2823 2344 2888 Bothii
2394 2825 2705 2908 scriptura
2753 2829 2965 2889 conti-

573 2951 720 2996 nere
779 2928 1055 3007 videtur,
1121 2950 1316 3014 quam
1333 2978 1349 3007 ,
1398 2931 1780 3014 permutatis
1827 2950 2134 2995 versuum
2180 2928 2503 2994 vocabulis
2549 2927 2922 2994 initialibus
2940 2979 2957 3008 ‚

575 3037 966 3123 expleverim
1011 3038 1105 3101 ita
1125 3056 1138 3101 ε

848 3141 1035 3208 Salus
1081 3141 1254 3208 erilis
1269 3191 1286 3220 ,
1335 3141 1522 3210 decus
1567 3141 1743 3229 popli
1760 3191 1777 3220 ,
1826 3142 2205 3207 thensaurus
2252 3141 2577 3227 copiarum
2594 3189 2613 3221 ,

849 3248 1078 3315 Custos
1122 3248 1386 3334 interior
1431 3249 1708 3334 corporis
1756 3250 2113 3334 amorisque
2155 3247 2496 3333 inperator.

667 3355 766 3421 Ita
823 3355 960 3421 loco
1021 3357 1322 3439 rescripto
1385 3360 1449 3420 et
1509 3354 1741 3421 melior
1800 3357 2175 3420 restituetur
2244 3374 2464 3419 sensus
2532 3359 2598 3418 et
2657 3359 2953 3420 metrum

578 3461 965 3546 expedietur.

670 3627 974 3694 Mendulo
993 3675 1008 3705 ,
1057 3630 1112 3692 si
1162 3626 1316 3713 quid
1359 3626 1542 3693 video
1560 3676 1578 3706 ,
1628 3626 1887 3693 liberari
1924 3632 2134 3712 potest
2170 3626 2487 3696 Martialis
2524 3628 2957 3716 epigramma,

579 3735 710 3818 (I'V.
763 3733 874 3816 43)
920 3740 1201 3801 ceterum
1244 3733 1563 3799 insulsum
1602 3756 2028 3821 spurcumque
2064 3737 2250 3814 satis,
2292 3738 2403 3800 vix
2442 3737 2734 3822 dig-num,
2778 3738 2960 3822 quod

580 3842 984 3908 emendetur:

1027 3948 1171 4013 Non
1217 3947 1385 4026 dixi,
1435 3945 1767 4026 Coracine,
1818 3953 1883 4013 te
1930 3947 2295 4014 cinaedum:

1029 4075 1154 4120 non
1199 4074 1346 4118 sum
1391 4059 1527 4119 tam
1569 4056 1944 4119 temerarius
1988 4074 2101 4119 nec
2143 4053 2347 4118 audax

1029 4181 1142 4226 nec
1187 4158 1516 4224 mendacia
1560 4161 1671 4243 qui
1714 4158 1939 4245 loquar
1984 4158 2275 4225 libenter.

1029 4269 1084 4331 si
1131 4266 1264 4328 dixi
1282 4312 1298 4341 ,
1348 4263 1647 4331 Coracine
1665 4314 1681 4343 ,
1731 4272 1795 4330 te
1842 4265 2177 4330 cinaedum
2198 4314 2214 4343 ,

1027 4375 1261 4436 iratam
1307 4372 1472 4436 mihi
1516 4371 1779 4437 Pontiae
1823 4370 2121 4459 lagonam
2142 4420 2157 4450 ‚

1030 4480 1269 4543 iratum
1317 4476 1577 4542 calicem
1623 4478 1787 4542 mihi
1833 4477 2048 4542 Metili
