3192 5009
565 240 693 306 148
761 327 767 332 ψ
1565 261 1915 308 nouarum.

556 425 757 507 νέρρω,
817 423 1125 503 νέα-τερος,
1187 423 1423 501 ninom,
1482 425 1616 502 flou,
1680 423 2018 501 νουλαιμός,
2081 421 2206 489 alia
2251 429 2397 508 post
2438 421 2614 488 leves
2665 425 2959 508 satisque

554 535 756 596 certas
817 552 1167 616 paucorum
1221 529 1509 596 locorum
1569 529 2102 596 correctiunculas
2161 549 2275 615 per
2323 535 2536 594 totum
2583 528 2962 594 Homerum

556 637 887 723 digamma
926 659 1121 702 suum
1156 651 1563 723 recuperant:
1605 639 1869 715 rdyuvus
1909 635 2100 714 razna&
2137 636 2418 705 rainae-m
2456 634 2736 701 mudum
2775 635 2958 707 τάλας

554 744 743 809 roim-v
790 767 867 809 rot
917 745 1102 816 νέθνος
1152 746 1338 819 τῆθος.

646 1033 779 1104 Cur
844 1038 1052 1123 igitur
1118 1057 1391 1102 consona
1456 1035 1575 1100 illa
1592 1084 1610 1114 ‚
1684 1057 1878 1122 quam
1938 1042 2278 1122 poetarum
2341 1056 2497 1102 aevo
2560 1039 2629 1101 in
2679 1035 2960 1102 illorum

551 1146 761 1230 patria
828 1145 1114 1229 viguisse
1181 1144 1322 1228 ipsa
1390 1146 1672 1208 carmina
1711 1142 2056 1210 Homerica
2098 1142 2456 1208 luculenter
2503 1142 2731 1209 docent
2751 1192 2766 1220 ‚
2821 1165 2956 1208 non

552 1252 835 1317 cernitur
891 1253 962 1314 in
1010 1255 1195 1316 textu
1242 1270 1435 1335 quem
1483 1249 1794 1314 traditum
1844 1246 2247 1336 accepimus?
2314 1249 2416 1314 Ad
2462 1249 2622 1314 hanc
2670 1251 2960 1334 quaesti-

552 1378 740 1422 onem
802 1341 1179 1442 responsum
1240 1354 1512 1440 simplex
1579 1362 1645 1420 et
1706 1361 2001 1441 apertum
2062 1377 2214 1422 cum
2272 1355 2472 1421 velles
2529 1355 2666 1421 dari
2721 1376 2918 1440 posse
2935 1403 2954 1431 ,

550 1463 857 1529 hactenus
906 1463 1043 1526 dari
1086 1483 1213 1526 non
1257 1464 1471 1547 potuit
1516 1482 1723 1546 neque
1772 1482 1810 1527 a
1855 1463 2036 1527 nobis
2083 1469 2181 1528 est
2225 1461 2715 1550 expectandum.
2769 1459 2954 1540 Quae

551 1574 767 1634 tamen
814 1567 1007 1632 verba
1055 1589 1180 1632 non
1220 1569 1315 1631 ita
1351 1566 1715 1652 accipienda
1755 1574 1907 1632 sunt
1946 1569 2127 1653 quasi
2169 1587 2307 1633 rem
2329 1566 2678 1632 admodum
2703 1569 2954 1631 miram

551 1674 860 1739 ducamus
905 1672 1275 1758 nullamque
1322 1674 1459 1738 eius
1498 1693 1759 1738 causam
1798 1676 1952 1738 satis
1993 1673 2387 1758 probabilem
2411 1674 2781 1759 excogitare
2809 1694 2954 1760 pos-

552 1783 757 1845 simus
775 1829 791 1858 ‚
843 1779 953 1846 sed
996 1781 1119 1845 hoc
1167 1778 1474 1844 dicimus:
1525 1782 1696 1844 inter
1743 1778 1900 1844 duas
1948 1801 2169 1845 causas
2188 1829 2204 1856 ,
2247 1800 2520 1865 quarum
2567 1781 2822 1844 utravis
2869 1778 2950 1844 ad

550 1909 687 1953 rem
717 1885 1157 1972 explicandam
1182 1885 1488 1964 sufficiat,
1515 1889 1711 1950 nimis
1734 1889 2045 1952 incertam
2067 1887 2274 1952 videri
2297 1888 2642 1971 optionem.
2689 1885 2951 1971 Nempe

549 1994 850 2060 credibile
898 1999 995 2058 est
1040 1996 1325 2058 carmina
1372 1995 1551 2077 epica
1570 2041 1587 2071 ,
1638 2015 1788 2058 cum
1829 1999 2014 2058 antea
2049 1996 2119 2058 in
2159 1999 2493 2058 cantorum
2533 1997 2793 2056 tantum
2838 2013 2950 2056 ore

546 2102 862 2166 vixissent
879 2149 896 2178 ,
963 2102 1032 2163 in
1094 2097 1272 2164 Ionia
1318 2097 1553 2163 alibive
1599 2098 1837 2163 litteris
1883 2099 2172 2164 mandari
2215 2121 2290 2165 eo
2337 2099 2603 2164 demum
2649 2103 2948 2183 tempore

546 2213 772 2292 coepta
818 2226 954 2271 esse
1001 2226 1127 2291 quo
1166 2227 1244 2271 ex
1281 2204 1508 2291 lingua
1547 2205 1917 2290 quotidiana
1953 2205 2089 2271 11116
2124 2207 2488 2270 evanuisset
2509 2225 2788 2270 consona
2811 2224 2948 2268 vau

546 2333 749 2398 neque
814 2333 1008 2377 suum
1066 2313 1274 2397 igitur
1334 2311 1596 2376 haberet
1659 2314 1922 2398 sig-num
1968 2315 2136 2376 inter
2184 2310 2501 2377 elementa
2545 2311 2782 2397 quibus
2831 2311 2950 2376 ho-

544 2420 751 2483 mines
796 2421 865 2482 in
914 2438 987 2482 ea
1034 2420 1291 2503 regione
1339 2419 1442 2481 uti
1488 2417 1772 2482 solebant
1803 2415 1870 2496 ¹).
1921 2419 2008 2482 At
2053 2439 2178 2482 non
2225 2420 2442 2482 minus
2490 2421 2588 2482 est
2634 2415 2946 2481 credibile

540 2527 611 2589 in
673 2524 1137 2609 antiquissimis
1199 2525 1558 2588 carminum
1621 2525 1949 2608 epicorum
1995 2522 2463 2608 exemplaribus
2508 2522 2800 2587 litteram
2853 2521 2948 2586 di-

542 2650 806 2718 gamma
867 2631 1107 2716 passim
1166 2650 1359 2693 suum
1418 2627 1636 2694 locum
1698 2630 2046 2694 obtinuisse
2064 2677 2080 2706 ,
2149 2628 2259 2694 sed
2317 2631 2622 2694 omissam
2679 2649 2822 2693 esse
2873 2632 2946 2693 111

539 2739 623 2801 118
687 2757 847 2822 111180
906 2738 1251 2801 recentiore
1314 2741 1521 2800 aetate
1569 2735 1992 2800 exarabantur
2019 2733 2090 2814 ²).
2141 2734 2276 2800 Nos
2323 2733 2511 2799 illam
2561 2736 2940 2820 opinionem

540 2866 667 2909 non
712 2845 1013 2908 reicimus
1030 2892 1046 2920 ,
1094 2845 1163 2906 in
1208 2842 1371 2906 hanc
1421 2848 1640 2906 tamen
1686 2844 1897 2928 magis
1940 2840 2348 2907 inclinamus.

632 2949 983 3035 Digamma
1050 2954 1269 3013 autem
1334 2970 1462 3013 non
1518 2968 1634 3032 per
1696 2953 1902 3013 totam
1965 2945 2302 3014 Graeciam
2366 2946 2592 3013 eodem
2641 2951 2941 3033 tempore

542 3056 939 3121 obmutuisse
1002 3059 1067 3120 et
1126 3052 1382 3118 aliunde
1442 3059 1693 3119 constat
1738 3059 1804 3118 et
1850 3074 1928 3118 ex
1972 3052 2265 3138 lapidum
2311 3055 2698 3119 testimoniis
2747 3053 2942 3119 uber-

538 3163 755 3240 rimis;
831 3183 909 3226 ex
980 3160 1159 3226 Ionia
1219 3167 1284 3225 et
1345 3161 1561 3224 Attica
1623 3161 1812 3224 citius
1874 3161 2207 3225 evanuisse
2273 3180 2469 3245 quam
2517 3179 2596 3223 ex
2633 3157 2789 3223 ‘aliis
2843 3181 2942 3225 re-

538 3268 841 3355 gionibus
858 3316 875 3344 ,
942 3265 1010 3330 id
1069 3286 1319 3352 quoque
1383 3272 1665 3343 constat3
1715 3264 1828 3330 sed
1871 3286 2075 3350 neque
2115 3271 2214 3331 est
2252 3286 2366 3330 cur
2403 3284 2716 3352 negemus
2769 3268 2940 3329 anti-

538 3377 757 3459 quitus
806 3372 900 3437 ibi
953 3392 1201 3457 quoque
1252 3371 1448 3436 illum
1508 3393 1740 3437 sonum
1796 3372 2095 3437 auditum
2151 3393 2287 3437 esse
2305 3420 2322 3448 ,
2379 3392 2584 3457 neque
2632 3378 2938 3437 accurate

538 3479 787 3545 definiri
832 3483 1042 3564 potest
1088 3498 1213 3562 quo
1261 3484 1547 3564 tempore
1592 3478 1730 3543 11116
1774 3480 2107 3542 interierit.
2160 3477 2235 3541 In
2281 3482 2460 3543 tanta
2508 3482 2727 3542 autem
2775 3481 2940 3542 rari—

538 3592 668 3651 tate
707 3587 1200 3669 inscriptionum
1237 3604 1396 3670 quae
1440 3591 1698 3648 sextum
1737 3583 2066 3649 saeculum
2104 3587 2439 3670 attingunt
2464 3582 2573 3647 vel
2597 3589 2933 3667 superant,

536 3693 807 3756 minime
863 3696 1015 3762 811111
1060 3688 1409 3775 spernenda
1452 3689 1690 3755 indicia
1737 3691 2049 3776 quaedam
2096 3711 2174 3755 ex
2223 3692 2454 3776 quibus
2504 3688 2752 3754 dudum
2800 3687 2936 3754 601-

534 3796 834 3884 legerunt
891 3799 1021 3862 viri
1081 3795 1252 3861 docti
1316 3800 1512 3862 etiam
1561 3797 1810 3862 Atticos
1857 3795 2224 3883 Ionicosque
2268 3797 2561 3863 homines
2610 3794 2771 3860 olim
2821 3795 2936 3860 ad-

534 3903 819 3969 hibuisse
864 3905 1128 3990 signum
1175 3925 1221 3966 r.

601 4135 655 4198 l)
702 4133 780 4182 Sic
824 4134 1001 4183 iudicat
1047 4149 1151 4199 ag.
1188 4135 1376 4185 cnam
1410 4137 1597 4201 Proley.
1633 4137 1780 4186 mad.
1823 4153 1869 4202 p.
1909 4139 2020 4188 1⁶1.

599 4216 649 4276 2)
688 4215 820 4264 IIacc
852 4216 1105 4280 explicatio
1138 4218 1383 4281 profertur
1419 4233 1489 4266 ex.
1524 4234 1597 4282 gr.
1634 4220 1758 4283 apud
1795 4220 2202 4270 Ruinam-Busa
2236 4217 2482 4284 aufihrl.
2523 4217 2829 4266 Omma}
2863 4219 2922 4268 1⁸

530 4313 575 4365 p.
596 4301 660 4348 85
680 4314 733 4362 sq
750 4335 765 4356 ,
797 4313 892 4362 quo
921 4297 1025 4347 loco
1060 4299 1241 4364 optime
1278 4304 1328 4349 et
1362 4300 1626 4366 perspicuis
1655 4301 1912 4352 admodum
1941 4301 2096 4351 verbis
2125 4302 2184 4350 de
2212 4300 2440 4366 digammi
2473 4299 2724 4349 Homerici
2757 4298 2930 4350 indole

530 4386 580 4432 et
612 4381 793 4431 virtute
826 4381 1002 4444 agitur.
