3192 5009
495 276 582 344 26
1510 296 1845 346 somnus.

497 463 577 528 ab
612 462 974 527 iamborum
1012 463 1413 528 vehementia
1457 464 1523 527 et
1565 462 1859 529 Inachiae
1904 465 2319 551 temporibus.
2367 464 2537 531 Hinc
2583 465 2865 531 dubitari

493 571 603 633 vix
671 574 918 655 potest,
992 571 1144 655 quin
1211 566 1647 635 Leuconoe
1707 573 1792 635 sit
1849 571 1989 658 ipsa
2046 571 2253 637 bona
2298 568 2631 650 Cinara,
2676 572 2861 637 illius

492 695 721 762 nempe
767 678 1073 761 temporis
1092 724 1109 753 ,
1173 696 1324 741 cum
1385 675 1589 741 adhuc
1648 678 2012 762 incorrupto
2074 698 2286 744 amore
2346 677 2644 765 flagraret
2704 699 2861 766 erga

488 786 777 868 poetam,
825 784 990 847 circa
1033 802 1229 847 annos
1279 780 1564 847 34—32.

577 887 795 975 Longe
857 887 1043 954 aliter
1103 890 1424 953 animatus
1487 894 1582 954 est
1645 890 1830 973 poeta
1888 889 1957 952 in
2002 888 2121 953 oda
2138 937 2155 965 ‚
2204 910 2366 975 quae
2413 893 2718 977 sequitur,
2773 889 2858 955 13

490 993 570 1059 ad
612 993 980 1080 Lydiam.
1029 991 1258 1058 Uritur
1305 1014 1518 1059 amore
1563 998 1631 1059 et
1671 992 1948 1071 invidia,
1999 1015 2149 1059 cum
2195 996 2319 1061 sibi
2365 996 2675 1062 aemulari
2722 1017 2862 1063 sen-

489 1102 644 1163 serit
702 1098 1088 1185 Telephum:
1153 1105 1182 1163 t
1196 1120 1323 1165 um
1339 1106 1418 1165 et
1475 1102 1552 1165 ie
1566 1121 1600 1165 c
1618 1121 1662 1164 u
1677 1120 1710 1163 r
1772 1101 1827 1163 si
1870 1098 2169 1165 laudatur
2213 1121 2252 1166 a
2295 1100 2511 1187 puella
2554 1104 2859 1188 rixaeque

488 1204 868 1270 immodicae
928 1208 1204 1292 vestigia
1263 1226 1301 1269 a
1345 1226 1411 1270 se
1459 1204 2033 1291 deprehenduntur.
2082 1202 2430 1273 Confirmat
2474 1228 2727 1273 carmen
2770 1210 2865 1273 ni·

491 1310 842 1377 hilominus
887 1311 955 1376 id
973 1360 989 1389 ,
1054 1311 1222 1396 quod
1280 1318 1465 1377 antea
1520 1308 1687 1390 dixi,
1738 1313 2131 1398 acquiescere
2177 1312 2467 1379 didicisse
2510 1313 2863 1380 Horatium

493 1421 564 1483 in
607 1419 723 1495 iis,
766 1436 926 1502 quae
971 1419 1318 1482 necessario
1365 1420 1641 1483 suntin
1688 1438 1963 1483 amore
2008 1416 2259 1483 mala:
2309 1418 2657 1498 bellum,
2705 1441 2864 1507 pax

494 1544 830 1590 rursum
874 1521 966 1604 (S.
1007 1522 1070 1587 H
1109 1522 1172 1587 3.
1199 1520 1381 1605 267),
1428 1526 1667 1589 etenim
1714 1523 1894 1589 nulla
1930 1528 2211 1591 convicia
2244 1528 2443 1593 iactat
2478 1531 2591 1591 aut
2628 1529 2861 1604 minas,

494 1638 571 1696 ut
607 1629 766 1696 olim
783 1679 800 1707 ‚
827 1630 936 1695 sed
958 1629 1186 1695 leniter
1209 1636 1474 1695 conatur
1495 1630 1812 1696 retrahere
1835 1628 2111 1717 Lydiam
2136 1633 2214 1697 ab
2234 1632 2507 1711 aemulo,
2530 1633 2865 1700 asserendo

493 1740 631 1803 eius
691 1737 1184 1802 inconstantiam
1243 1743 1309 1801 et
1354 1735 1592 1801 mobile
1636 1738 1990 1823 ingenium.
2062 1737 2359 1802 Nondum
2410 1746 2626 1805 tamen
2669 1739 2865 1827 longe

493 1864 560 1909 se
620 1848 940 1910 remotum
1001 1863 1136 1908 esse
1183 1842 1259 1907 ab
1305 1841 1420 1907 illo
1464 1847 1786 1928 tempore,
1836 1864 1986 1908 cum
2032 1842 2225 1909 fidam
2272 1848 2338 1909 et
2383 1866 2507 1909 non
2550 1846 2867 1931 interrup-

491 1957 629 2016 tam
665 1952 1036 2016 societatem
1073 1951 1434 2026 somniaret,
1475 1949 1751 2014 ostendit
1788 1952 2088 2014 carminis
2111 1948 2512 2015 conclusione
2536 1950 2864 2015 subtristi:

761 2053 1095 2121 Felices
1143 2060 1272 2121 ter
1315 2059 1396 2120 et
1443 2053 1804 2140 amplius

766 2181 964 2246 quos
1009 2162 1354 2247 inrupta
1397 2166 1630 2226 tenet
1676 2158 1974 2247 copula
2017 2181 2163 2226 nec
2208 2160 2454 2227 malis

700 2338 712 2349 ‚
763 2266 1150 2333 divolsus
1197 2268 1758 2352 querimoniis

764 2393 1150 2461 suprema
1195 2373 1456 2461 citiqs
1503 2372 1781 2437 solvet
1828 2393 2052 2438 amor
2097 2372 2251 2439 die.

493 2478 664 2546 Hinc
723 2502 854 2545 non
912 2480 1135 2546 dubito
1201 2482 1354 2565 quin
1413 2478 1681 2565 Lydia
1742 2499 1991 2564 quoque
2056 2482 2141 2543 sit
2202 2476 2533 2558 Cinara,
2584 2500 2863 2566 quacum

492 2585 889 2672 aliquamdiu
942 2588 1033 2651 sic
1081 2587 1454 2662 coniunctus
1499 2585 1667 2649 vixit
1683 2632 1699 2662 ‚
1749 2591 1824 2649 ut
1868 2587 2139 2671 pristina
2183 2570 2325 2671 spes
2371 2588 2569 2651 animi
2614 2577 2681 2650 in
2728 2607 2867 2671 per-

491 2698 761 2779 petuum
822 2694 1038 2757 mutui
1098 2712 1294 2777 paene
1339 2696 1758 2757 revocaretur.
1807 2689 2123 2777 Telephus
2168 2690 2281 2756 ille
2298 2739 2316 2769 ,
2364 2694 2651 2778 quisquis
2698 2692 2825 2757 fuit
2841 2741 2861 2770 ‚

489 2800 722 2864 evertit
758 2796 911 2863 felix
947 2790 1454 2873 contubernium,
1493 2799 1563 2862 in
1602 2803 1859 2883 tempus
1898 2796 2125 2862 saltem
2143 2846 2159 2875 ‚
2201 2803 2276 2862 ut
2298 2819 2451 2863 mox
2476 2798 2859 2863 videbimus.

578 2902 798 2991 Magis
833 2901 1103 2991 planum
1131 2905 1330 2967 animi
1353 2902 1813 2989 tranquillioris
1836 2903 2291 2969 documentum
2315 2903 2571 2969 exhibet
2594 2924 2863 2989 sequens

491 3009 611 3075 oda
656 3010 966 3074 amatoria
1017 3007 1134 3073 16:
1207 3006 1258 3073 Ο
1307 3013 1573 3073 matre
1623 3007 1919 3093 pulcra
1964 3006 2165 3073 filia
2213 3007 2594 3093 pulcrior
2640 3029 2693 3073 e.
2720 3030 2781 3095 q.
2809 3029 2859 3073 s.

489 3116 607 3180 Est
651 3113 971 3201 palinodia
988 3162 1003 3192 ,
1053 3135 1178 3179 non
1223 3114 1303 3180 ad
1348 3111 2067 3181 Canidiam-Gratidiam
2111 3116 2329 3179 eiusve
2377 3112 2579 3178 filiam
2625 3112 2864 3179 fabulo-

491 3241 632 3287 sam
691 3219 1121 3307 Tyndaridem
1138 3269 1155 3299 ,
1219 3223 1320 3285 uti
1381 3221 1667 3286 scribunt
1711 3222 1960 3306 antiqui
2004 3225 2532 3286 commentatores
2578 3256 2664 3268 —-
2711 3239 2861 3285 nam

491 3349 641 3393 cum
703 3324 970 3393 Canidia
1013 3326 1268 3391 nullum
1316 3331 1540 3411 poetae
1587 3328 1713 3390 nisi
1759 3328 2196 3391 conviciorum
2240 3332 2305 3391 et
2353 3325 2483 3390 odii
2528 3325 2654 3390 fuit
2698 3346 2864 3391 com·

492 3435 806 3498 mercium
825 3480 840 3510 ,
906 3438 982 3496 ut
1040 3430 1296 3495 Tibullo
1359 3452 1508 3496 cum
1551 3430 1714 3496 lenis
1760 3438 1825 3496 et
1869 3435 2040 3518 sagis
2086 3470 2194 3509 —,
2242 3431 2351 3496 sed
2394 3430 2476 3495 ad
2520 3430 2860 3497 mulierem

491 3559 684 3625 quam
730 3538 960 3604 iambis
1006 3545 1188 3603 antea
1232 3534 1518 3603 laeserat.
1569 3536 1895 3615 Quaenam
1936 3535 2051 3602 illa
2094 3532 2261 3601 fuit?

579 3644 910 3710 Habemus
957 3643 1280 3709 iambos
1339 3646 1406 3707 in
1452 3642 1895 3708 mulierem
1940 3644 2218 3728 nigris
2267 3643 2861 3730 dignissimam

487 3744 760 3816 barris
815 3750 958 3835 (ΕΡ.
1013 3749 1143 3829 12),
1192 3770 1546 3835 numquam
1593 3756 1874 3813 amatam
1920 3748 2028 3814 sed
2077 3748 2282 3814 obiter
2327 3747 2484 3813 olim
2528 3751 2861 3814 visitatam

487 3861 553 3920 et
609 3861 888 3942 spretam
933 3876 1046 3941 pro
1092 3854 1348 3920 Inachia
1392 3854 1496 3935 (cf.
1547 3876 1609 3939 p.
1658 3852 1793 3931 22),
1842 3859 1906 3918 et
1951 3856 2019 3918 in
2066 3852 2463 3919 Neaeram
2511 3854 2655 3939 (Ep.
2712 3853 2856 3935 15);

487 3982 635 4027 nam
698 3964 1065 4027 carmina
1125 3960 1424 4048 probrosa
1483 3960 1546 4025 H
1593 3958 1657 4038 8,
1707 3959 1803 4024 III
1857 3958 1960 4037 15,
2024 3959 2113 4024 Iv
2166 3958 2248 4024 13
2295 3962 2661 4045 posterioris
2712 3965 2862 4025 sunt

485 4071 732 4134 aetatis.
795 4068 914 4133 Est
957 4074 1176 4133 autem
1224 4065 1487 4153 planum
1508 4115 1523 4141 ,
1571 4067 1734 4131 hanc
1784 4066 1970 4131 odam
2020 4068 2206 4131 unice
2252 4068 2587 4132 convenire
2603 4115 2621 4145 ,
2668 4067 2861 4152 idque

487 4178 780 4261 egregie,
851 4176 918 4238 in
987 4171 1851 4239 Neaeram-Inachiam.
1923 4171 2100 4239 Haec
2169 4174 2341 4237 enim
2411 4175 2630 4238 revera
2698 4172 2859 4250 fuit,

489 4300 685 4367 quam
747 4301 936 4365 super
995 4300 1212 4344 omnes
1273 4279 1582 4343 amaverit
1642 4279 1726 4342 in
1792 4276 2025 4343 dulci
2069 4282 2425 4344 iuventa
2470 4284 2590 4359 (vs.
2639 4276 2775 4357 23),
2824 4298 2861 4343 a

489 4406 614 4472 qua
675 4387 924 4450 tristi
982 4386 1106 4449 ira
1171 4405 1237 4450 se
1302 4385 1534 4448 avertit
1599 4389 1725 4463 (vs.
1771 4382 1810 4448 9
1860 4389 1925 4448 et
1972 4380 2086 4463 26)
2134 4388 2199 4448 et
2245 4404 2519 4470 quacum
2569 4382 2861 4471 deinceps
