3192 5009
1028 1069 1170 1158 AD
1225 1067 1717 1160 VITRUVH
1779 1079 1859 1156 V.
1905 1082 1973 1158 8.

1392 1273 1639 1315 sompsrr

1211 1428 1294 1494 K.
1361 1427 1786 1494 DUMON.

1301 1735 1692 1800 m

411 1995 744 2060 Vitruvius
803 1997 872 2058 in
923 1994 1304 2079 praefatione
1351 1992 1503 2058 libri
1551 1991 1710 2070 VII,
1762 1999 2101 2079 postquam
2150 1997 2409 2058 nomina
2454 1991 2686 2057 multo-

320 2122 469 2165 rum
550 2101 950 2164 enumeravit
1026 2099 1515 2164 architectorum
1602 2096 1990 2164 Graecorum
2008 2149 2023 2177 ‚
2112 2102 2221 2184 qui
2296 2097 2536 2185 singuli
2610 2099 2686 2162 de

321 2206 726 2293 singulorum
785 2228 1051 2291 operum
1112 2209 1508 2292 symmetriis
1571 2208 2023 2270 commentaria
2084 2205 2512 2291 reliquerunt;
2562 2225 2687 2290 qua

321 2315 564 2378 ratione
623 2319 688 2376 et
755 2332 948 2396 quem
1009 2311 1088 2375 ad
1148 2311 1341 2377 finem
1402 2310 1731 2375 volumina
1790 2331 1903 2375 sua
1966 2311 2041 2376 de
2110 2313 2504 2441 symmetriis
2564 2312 2687 2375 tria

323 2420 779 2504 composuerit,
827 2419 1106 2483 breviter
1150 2421 1409 2503 exponit
1457 2418 1770 2482 scribens:

418 2524 741 2604 „Quorum
803 2546 880 2589 ex
942 2526 1409 2589 commentariis
1471 2545 1631 2608 quae
1696 2523 1885 2588 utilia
1930 2545 2063 2588 esse
2109 2525 2209 2589 his
2256 2525 2441 2589 rebus
2490 2526 2688 2590 anim-

323 2631 567 2696 adverti
629 2629 888 2695 collecta
945 2633 1013 2694 in
1071 2651 1276 2694 unum
1338 2633 1517 2716 coegi
1583 2651 1807 2715 corpus
1828 2679 1843 2707 ‚
1894 2637 1959 2694 et
2002 2630 2144 2695 ideo
2191 2634 2471 2696 maxime
2520 2631 2687 2716 quod

323 2737 747 2801 animadverti
789 2739 856 2799 in
902 2756 974 2800 ea
1021 2757 1087 2800 re
1133 2736 1211 2800 ab
1261 2731 1518 2800 Graecis
1566 2735 1896 2799 volumina
1939 2735 2123 2821 plura
2168 2735 2337 2800 edita
2357 2785 2372 2814 ‚
2422 2738 2500 2801 ab
2549 2758 2686 2801 nos-

323 2845 438 2906 tris
486 2842 714 2928 oppido
777 2863 968 2926 quam
1014 2863 1232 2926 pauca.
1281 2841 1561 2907 Fuficius
1609 2843 1782 2906 enim
1829 2845 2066 2906 mirum
2116 2842 2192 2906 de
2239 2843 2339 2907 his
2386 2843 2574 2908 rebus
2618 2845 2686 2906 ni

319 2951 566 3033 primus
611 2950 895 3011 instituit
939 2947 1121 3013 edere
1166 2947 1502 3022 volumen,
1543 2950 1702 3011 item
1744 2945 2075 3011 Terentius
2118 2946 2314 3011 Varro
2348 2947 2423 3013 de
2450 2969 2685 3012 novem

323 3053 674 3140 disciplinis
734 3075 938 3117 unum
1001 3055 1075 3118 de
1126 3055 1546 3119 architectura
1564 3101 1580 3131 ,
1631 3052 1901 3118 Publius
1948 3051 2298 3138 Septimius
2330 3037 2487 3118 duo,
2536 3054 2685 3118 Am-

321 3160 493 3248 plius
530 3181 678 3225 vero
717 3163 783 3224 in
823 3159 888 3223 id
926 3181 1128 3246 genus
1166 3162 1514 3245 scripturae
1539 3159 1745 3224 adhuc
1770 3179 1955 3224 nemo
1979 3160 2340 3224 incubuisse
2364 3160 2681 3224 videtur.'’

415 3268 757 3332 Penuriam
825 3269 1030 3352 igitur
1087 3266 1592 3331 animadvertens
1653 3265 2059 3330 voluminum
2126 3266 2201 3330 de
2255 3269 2648 3353 symmetriis
2666 3315 2683 3346 ,

325 3374 681 3459 meliusque
743 3373 860 3437 hac
923 3373 998 3437 de
1057 3394 1124 3437 re
1185 3372 1519 3458 populares
1580 3393 1728 3437 suos
1788 3372 2006 3437 docere
2064 3375 2355 3458 cupiens,
2406 3393 2478 3438 ea
2525 3393 2684 3458 quae

325 3479 512 3546 utilia
558 3500 690 3545 esse
729 3478 1039 3542 iudicavit
1081 3499 1156 3543 ex
1196 3478 1478 3543 fontibus
1517 3476 1775 3544 Graecis
1816 3483 2152 3541 mutuatus
2192 3482 2306 3543 est.
2353 3477 2445 3542 Hi
2483 3479 2685 3543 fontes

326 3591 545 3652 autem
607 3584 681 3650 de
745 3586 1140 3671 symmetriis
1200 3583 1394 3648 fuisse
1457 3583 1775 3661 dicuntur,
1834 3583 2000 3648 unde
2048 3585 2337 3668 sequitur
2381 3591 2457 3647 ut
2503 3604 2687 3670 argu-

327 3696 617 3756 mentum
662 3689 1006 3776 principale
1051 3692 1406 3754 constiterit
1448 3692 1515 3752 in
1553 3691 1951 3775 symmetriis
1988 3688 2391 3774 explicandis.
2449 3689 2687 3769 Quodsi

325 3797 652 3862 architecti
709 3798 776 3859 in
838 3795 1110 3881 singulis
1167 3797 1641 3860 commentariis
1689 3795 1765 3859 de
1813 3793 2217 3882 singulorum
2255 3795 2685 3861 aedificiorum

325 3904 720 3990 symmetriis
779 3901 1078 3966 disserere
1143 3906 1556 3978 consuerunt,
1618 3922 1743 3964 non
1804 3900 2075 3965 dubium
2138 3906 2235 3965 est
2253 3949 2269 3977 ,
2319 3905 2473 3986 quin
2520 3903 2687 3987 quod

185 4007 202 4022 ’
326 4029 548 4073 eorum
596 4009 822 4092 cuique
866 4009 935 4070 in
982 4009 1375 4093 symmetriis
1421 4005 1877 4071 constituendis
1915 4008 2245 4092 proprium
2284 4006 2477 4071 fuerit
2514 4008 2581 4072 id
2617 4010 2687 4071 in

325 4115 800 4180 commentariis
846 4111 1234 4177 declaratum
1281 4113 1383 4176 sit.
1432 4111 1583 4176 'I'ale
1632 4113 1787 4197 quid
1834 4133 1867 4176 e
1914 4113 2193 4176 fontibus
2230 4133 2354 4177 non
2395 4113 2683 4199 desump-

325 4223 410 4284 sit
469 4217 801 4284 Vitruvius
862 4217 1272 4302 multumque
1318 4239 1469 4283 eum
1516 4238 1552 4282 a
1597 4219 1881 4283 fontibus
1931 4220 2254 4284 recessisse
2304 4241 2381 4284 ex
2429 4241 2687 4305 sequen-

327 4327 498 4390 tibus
568 4325 910 4410 apparebit.
1000 4323 1289 4408 Namque
1311 4373 1326 4402 ,
1398 4329 1839 4409 praeterquam
1900 4324 2067 4410 quod
2132 4329 2541 4411 symmetrias
2608 4329 2685 4393 ab

329 4429 731 4517 Hermogene
793 4431 1165 4495 constitutas
1225 4432 1294 4494 in
1356 4431 1560 4494 tribus
1626 4429 1903 4515 explicat
1950 4429 2207 4494 aedium
2255 4431 2477 4496 formis
2526 4453 2684 4517 quae

327 4537 646 4624 pertinent
690 4535 770 4600 ad
816 4534 1053 4621 eustyli
1099 4537 1371 4620 speciem
1407 4536 1601 4600 ionici
1640 4537 1892 4621 generis
1910 4584 1926 4613 ,
1964 4535 2203 4601 scilicet
2238 4537 2306 4601 in
2330 4537 2682 4624 tetrasty10,
