3192 5009
1232 299 1651 349 Pmsssch.
2503 275 2632 342 383

154 541 161 548 .
264 483 335 526 an
378 463 883 529 adversariorum
930 464 1273 530 crudeliter
1288 461 1357 528 ?'’
1408 465 1485 529 ad
1533 465 1704 551 quod
1750 465 1923 530 haud
1970 469 2341 529 cunctanter
2379 483 2634 550 respon-

264 568 533 634 dendum
599 575 795 658 puto:
882 574 1088 636 immo
1158 571 1694 638 adversariorum.
1763 571 1925 638 'l'ota
1993 575 2165 638 enim
2237 592 2310 636 ea
2377 590 2635 656 pugnae

264 675 667 762 descriptione
714 697 921 742 sermo
969 684 1067 742 est
1113 677 1190 743 de
1238 674 1525 745 Caesaris
1570 677 1979 744 crudelitate:
2027 678 2234 743 rabies
2279 675 2392 742 ille
2436 695 2634 762 popu-

262 779 337 844 116
396 781 825 868 stimulusque
869 784 1159 849 furorum
1206 784 1459 861 dicitur,
1508 785 1747 872 ubique
1791 791 2120 871 tamquam
2169 783 2368 848 durus
2411 785 2636 846 immo—
2745 791 2750 796 “

261 893 481 972 tusque
542 895 805 954 cruenta
862 889 1155 954 militum
1216 911 1481 955 suorum
1542 890 1731 956 caede
1793 891 2182 976 depingitur.
2246 887 2370 968 Qui
2429 890 2637 974 igitur

261 991 379 1057 tale
424 992 797 1060 clementiae
844 1015 915 1060 ac
962 997 1385 1060 humanitatis
1432 999 1698 1082 signum
1747 997 1851 1061 hic
1896 999 1964 1060 in
2009 994 2148 1060 loco
2193 1015 2330 1060 6666
2376 989 2634 1079 posset?

342 1100 429 1163 At
471 1108 623 1164 sunt
667 1101 955 1166 hostium
1000 1101 1271 1166 vulnera
1317 1122 1478 1186 quae
1523 1100 1754 1168 Caesar
1791 1105 2080 1186 apposita
2116 1104 2230 1177 (sic
2271 1103 2442 1164 enim
2483 1120 2632 1163 cum

262 1200 471 1270 Gortio
517 1204 862 1293 legendum
912 1213 1035 1285 est)
1084 1228 1281 1274 manu
1327 1211 1563 1292 premit
1580 1258 1597 1285 ,
1647 1213 1861 1273 totum
1907 1207 2126 1272 fusura
2171 1227 2456 1272 cruorem
2505 1207 2549 1270 i.
2577 1226 2632 1270 e.

259 1316 327 1374 ut
370 1310 693 1377 effundant
736 1319 951 1378 totum
996 1334 1308 1379 cruorem.
1440 1327 1451 1336 ·

334 1547 566 1634 Pugna
622 1551 759 1613 iam
806 1547 988 1613 finita
1034 1569 1273 1636 magna
1317 1548 1661 1614 vulturum
1715 1551 1809 1614 vis
1858 1569 2121 1634 corpora
2169 1553 2634 1634 prostratorum

254 1652 556 1719 devorant
574 1703 591 1731 ‚
644 1653 753 1720 sed

336 1757 505 1823 841:
608 1762 698 1824 sic
744 1781 995 1846 quoque
1040 1782 1166 1825 non
1214 1765 1421 1826 omnis
1466 1761 1746 1847 populus
1797 1763 2088 1847 pervenit
2133 1761 2214 1825 ad
2260 1781 2402 1826 ossa
2419 1809 2435 1837 ,

604 1868 798 1950 inque
844 1866 1005 1931 feras
1054 1866 1411 1951 discerptus
1458 1867 1628 1932 abit:
1679 1869 1830 1948 [non
1875 1869 2110 1932 intima
2155 1873 2378 1931 curant

612 1973 857 2036 viscera
904 1994 1017 2037 nec
1067 1979 1235 2037 totas
1283 1973 1505 2038 avidae
1552 1973 1804 2038 sorbere
1849 1972 2200 2038 medullas:

608 2076 957 2163 degustant
1003 2084 1201 2144 artus.
1250 2078 1498 2162 Latiae]
1546 2099 1691 2164 pars
1738 2081 2025 2145 maxima
2072 2078 2296 2143 turbae

613 2181 899 2249 fastidita
940 2187 1141 2250 iacet:

256 2286 453 2354 Verba
500 2288 745 2355 inclusa
793 2291 1087 2356 abessent
1130 2290 1367 2357 vellem
1387 2340 1403 2368 ,
1452 2293 1680 2357 eiicere
1725 2312 1850 2356 non
1895 2295 2126 2357 ausim.

256 2523 417 2591 Vm.
462 2527 537 2590 5:
1096 2534 1291 2614 pavet
1327 2527 1439 2594 ille
1481 2514 1804 2615 fragorem
1844 2537 1958 2609 (sc.
1983 2527 2330 2615 Pompeius
2356 2529 2637 2614 fugiens)

610 2639 937 2699 motorum
982 2639 1193 2699 ventis
1240 2657 1579 2700 nemorum
1599 2685 1615 2712 ,
1663 2638 2104 2720 comitumque
2151 2656 2414 2700 suorum
2435 2684 2451 2712 ,

612 2743 723 2825 qui
769 2747 915 2826 post
962 2747 1146 2827 terga
1192 2741 1339 2806 ferit
1358 2790 1373 2817 ,
1424 2742 1755 2827 trepidum
1799 2740 2111 2825 laterique
2160 2744 2500 2805 timentem

611 2849 954 2912 exanimat.
2252 2929 2261 2936 ⁸

256 2950 535 3017 Haskins
573 2953 677 3017 ad
718 2953 927 3038 ferit.-
994 2974 1122 3031 „sc.
1190 2976 1353 3016 eum:
1403 2974 1472 3018 so
1520 2952 1751 3018 Weise.
1803 2952 1965 3018 Oud.
2015 2953 2173 3018 with
2221 2973 2400 3018 some
2446 2951 2635 3018 MSS.

256 3057 428 3122 reads
478 3058 639 3121 redit
682 3060 913 3123 ‘comes
959 3059 1232 3146 echoing
1278 3059 1511 3124 behind
1559 3060 1663 3125 1116
1710 3059 1959 3125 back'.''
2021 3062 2157 3124 Aut
2204 3057 2639 3144 Oudendorpii

258 3167 611 3229 coniectura
667 3164 830 3228 redit
890 3165 997 3230 vel
1055 3164 1184 3228 ruit
1244 3171 1359 3229 aut
1406 3165 1595 3230 lectio
1643 3164 2096 3230 nonnullorum
2141 3165 2434 3230 codicum
2479 3186 2634 3229 11166.

258 3270 415 3334 venit
476 3269 833 3362 repipienda
891 3274 1023 3335 est:
1089 3275 1187 3335 est
1235 3273 1409 3334 enim
1457 3271 1562 3356 qui
1596 3295 1668 3354 p.
1699 3279 1741 3334 t.
1771 3294 1826 3333 v.
1877 3270 1953 3335 de
2003 3290 2406 3356 quocumque
2453 3268 2634 3336 Pom-

260 3381 479 3461 peiano
528 3379 758 3443 comite
807 3375 1338 3463 intelligendum,
1389 3380 1500 3463 qui
1549 3382 1695 3462 post
1740 3379 1878 3442 eius
1927 3383 2111 3462 terga
2156 3376 2474 3442 veniebat.

343 3627 465 3693 40:
619 3631 868 3692 conscia
913 3647 1215 3691 curarum
1264 3633 1504 3692 secreta
1551 3628 1623 3690 in
1665 3625 1858 3691 litora
1901 3623 2095 3691 Lesbi

614 3733 865 3799 flectere
912 3732 1055 3798 vela
1100 3734 1282 3799 iubes
1300 3782 1316 3810 ,
1367 3753 1492 3818 qua
1538 3739 1686 3796 tum
1733 3730 1962 3796 tellure
2009 3729 2252 3796 latebas
2301 3754 2355 3797 e.
2384 3755 2443 3818 q.
2471 3755 2520 3797 s.

263 3837 573 3904 Haskins:
642 3839 843 3916 „thou
905 3836 1231 3915 Cornelia,
1297 3838 1597 3924 partaker
1657 3840 1724 3902 in
1785 3837 1888 3902 1116
1949 3858 2220 3903 sorrows
2239 3887 2256 3915 ,
2325 3838 2466 3903 dost
2527 3839 2636 3906 bid

266 3944 399 4009 him
418 3993 434 4022 ‚
484 3945 672 4010 etc.’'.
725 3941 895 4012 Cum
938 3945 1235 4010 omnibus
1282 3945 1413 4009 fere
1456 3943 1643 4008 libris
1689 3943 2094 4008 scribendum
2141 3950 2236 4008 est
2283 3945 2462 4009 iubet.
2513 3943 2638 4024 Qui

266 4052 432 4138 enim
494 4047 785 4118 Cornelia
804 4099 818 4128 ,
885 4071 1045 4136 quae
1106 4053 1175 4114 in
1236 4049 1445 4114 insula
1511 4049 1715 4115 Lesbo
1764 4057 1900 4114 erat
1917 4099 1934 4127 ‚
1984 4049 2373 4134 Pompeium
2417 4052 2637 4117 iubere

262 4153 511 4240 potuit?
556 4157 677 4221 Est
721 4157 1067 4242 Pompeius
1107 4161 1218 4242 qui
1258 4157 1439 4222 iubet
1479 4155 1627 4222 vela
1666 4159 1914 4221 conscia
1953 4177 2253 4221 curarum
2292 4159 2360 4220 in
2399 4165 2639 4222 secreta

263 4260 447 4328 litora
490 4262 679 4329 Lesbi
726 4263 995 4330 flectere.
