3192 5009
1143 325 1228 372 nn
1275 323 1543 372 murus
1587 325 1888 373 nomms.
2572 295 2700 366 345

324 488 616 554 locorum
653 489 734 554 ad
770 510 943 556 sacra
984 492 1408 576 pertinentem
1451 525 1531 538 -
1574 509 1727 554 nam
1763 510 1863 554 res
1901 494 2150 553 sanctae
2189 487 2488 552 dicuntur
2509 486 2703 550 fuisse

324 598 489 660 iuris
549 595 749 661 divini
814 632 899 644 —-
919 645 934 673 ,
984 595 1293 661 habemus
1341 599 1464 660 tria
1510 594 1813 661 vocabula
1860 595 2089 680 quibus
2118 592 2451 658 eiusmodi
2497 591 2704 657 condi-

325 704 539 766 ciones
598 701 883 767 locorum
944 701 1414 789 significentur;
1481 723 1631 766 cum
1691 722 1843 766 vero
1890 703 2013 765 tria
2058 706 2313 766 tantum
2358 699 2703 764 habeamus

325 810 858 873 caerimoniarum
895 829 1130 894 genera
1167 829 1279 894 per
1315 829 1474 895 quae
1513 807 1649 874 loca
1684 811 1755 873 in
1792 807 1991 874 talem
2027 807 2457 872 condicionem
2495 803 2703 891 redigi

325 917 574 999 possint
592 962 607 990 ,
657 934 932 1000 quarum
976 915 1138 980 duae
1183 917 1590 994 (consecratio
1610 964 1627 992 ,
1678 920 1741 980 et
1781 917 2056 979 actiones
2095 914 2327 998 quibus
2364 911 2503 977 loca
2539 910 2704 974 fiunt

324 1019 656 1107 religiosa)
716 1021 1093 1106 respondent
1153 1021 1400 1088 duobus
1463 1021 1786 1088 vocabulis
1836 1021 2091 1099 „sacer”
2140 1026 2206 1086 et
2256 1018 2700 1106 „religiosus’'‚

321 1126 488 1190 nihil
529 1126 707 1192 aliud
745 1134 1031 1213 superest
1071 1149 1197 1212 quo
1238 1129 1585 1193 referamus
1626 1131 1894 1194 tertium
1933 1125 2317 1193 vocabulum
2360 1123 2697 1203 „sanctus”

320 1237 573 1317 praeter
617 1236 875 1298 tertiam
920 1237 1368 1300 caerimoniam
1386 1284 1403 1312 ,
1449 1237 2029 1321 inaugurationem.

416 1340 778 1424 Antequam
824 1339 900 1405 de
939 1361 1012 1405 ea
1050 1361 1116 1405 re
1155 1361 1342 1427 agere
1380 1361 1646 1426 pergam
1662 1389 1678 1418 ‚
1720 1361 1921 1425 pauca
1955 1337 2515 1404 animadvertenda
2550 1342 2701 1402 sunt

323 1445 402 1510 de
464 1445 650 1510 rebus
703 1467 864 1531 quae
911 1446 1159 1522 „divini
1201 1445 1402 1511 iuris”
1455 1467 1588 1510 esse
1637 1447 1937 1511 dicuntur
1954 1496 1969 1523 ,
2022 1467 2145 1530 quo
2192 1465 2303 1510 nos
2348 1443 2702 1530 perducunt

326 1549 720 1616 definitiones
781 1571 935 1636 quas
997 1554 1209 1638 attigi.
1257 1553 1556 1617 Primum
1604 1556 1714 1616 vix
1760 1574 1919 1638 opus
1965 1558 2063 1618 est
2106 1571 2360 1617 monere
2380 1598 2396 1627 ,
2447 1552 2701 1616 etiamsi

323 1655 558 1721 divisio
608 1677 802 1740 quam
848 1658 1082 1722 faciant
1125 1660 1481 1742 iurisperiti
1527 1679 1651 1743 qua
1699 1679 1797 1723 res
1843 1664 1907 1724 et
1949 1658 2087 1724 loca
2126 1661 2255 1722 sint
2292 1663 2405 1722 aut
2441 1655 2699 1743 publica

323 1768 437 1826 aut
499 1765 749 1848 privata
769 1813 784 1838 ,
841 1785 966 1828 non
1011 1762 1268 1849 longius
1314 1767 1629 1849 pertineat
1676 1786 1871 1850 quam
1918 1764 1998 1829 ad
2046 1785 2145 1828 res
2190 1764 2458 1828 humani
2501 1764 2659 1827 iuris
2678 1811 2694 1838 ,

319 1975 396 2040 ab
444 1977 689 2060 origine
736 1996 870 2040 esse
916 1975 1204 2060 publica,
1253 1979 1492 2062 partim
1539 1980 1807 2063 privata.
1856 1976 2144 2041 Dubium
2190 1997 2313 2040 non
2361 1980 2492 2051 est,
2541 1977 2695 2060 quin

316 2081 454 2146 loca
516 2101 690 2146 sacra
752 2087 816 2146 et
875 2079 1014 2146 loca
1078 2090 1292 2148 sancta
1332 2086 1543 2148 omnia
1591 2084 1829 2148 fuerint
1876 2083 2099 2149 eadem
2144 2083 2281 2148 loca
2326 2081 2581 2168 publica
2605 2080 2657 2161 1)
2675 2101 2691 2158 3

317 2186 456 2251 loca
513 2185 812 2273 religiosa
871 2208 1022 2252 vero
1085 2191 1322 2272 partim
1367 2189 1629 2254 fuerunt
1674 2191 1941 2276 originis
1986 2193 2303 2274 privatae.
2354 2186 2561 2252 veluti
2606 2207 2696 2252 se-

316 2291 537 2379 pulcra
596 2295 663 2356 in
721 2291 876 2357 locis
940 2297 1206 2378 privatis
1267 2295 1432 2360 facta
1485 2303 1556 2360 et
1616 2294 1845 2360 sacella
1908 2298 2159 2380 privata
2177 2343 2193 2372 ,
2256 2297 2491 2379 partim
2544 2314 2695 2358 vero

320 2397 644 2484 publicae,
691 2398 899 2464 veluti
945 2397 1123 2464 locus
1163 2399 1272 2465 ille
1311 2403 1380 2464 in
1421 2399 1699 2467 Comitio
1740 2403 1857 2466 sub
1897 2422 2002 2466 ara
2042 2399 2285 2468 Cereris
2325 2399 2691 2480 (mundus),

319 2511 386 2568 et
429 2502 568 2568 loca
615 2504 727 2568 ubi
773 2503 998 2590 fulgur
1044 2505 1375 2570 conditum
1420 2515 1554 2571 erat
1576 2556 1591 2583 ,
1643 2513 1707 2571 et
1751 2506 1888 2572 loca
1935 2528 2094 2593 quae
2142 2529 2220 2572 ex
2260 2507 2507 2572 decreto
2546 2527 2694 2590 pon-

315 2607 539 2674 tificali
578 2607 876 2697 religiosa
917 2610 1312 2676 habebantur
1351 2611 1629 2690 (Doliola
1666 2615 1732 2677 in
1772 2613 1904 2678 foro
1934 2614 2149 2678 boario
2168 2661 2184 2690 ‚
2212 2611 2371 2678 Casa
2392 2610 2691 2688 Romuli,

318 2713 488 2794 alia).
551 2713 749 2779 Nulla
809 2714 946 2780 loca
1002 2723 1218 2781 autem
1267 2721 1614 2783 consecrari
1656 2739 1861 2804 neque
1909 2725 2123 2784 sancta
2170 2718 2305 2785 ficri
2348 2722 2695 2803 potuerunt

317 2823 444 2885 nisi
487 2823 667 2886 iussu
712 2821 964 2906 publico
991 2821 1076 2902 Ω);
1118 2823 1257 2889 loca
1294 2823 1593 2911 religiosa
1631 2846 1779 2890 vcro
1816 2831 2165 2911 potuerunt
2202 2827 2505 2890 constitui
2542 2845 2691 2889 cum

316 2931 496 2992 iussu
555 2926 809 3012 publico
829 2977 844 3004 ,
907 2929 1114 2994 veluti
1180 2933 1234 2994 si
1294 2933 1362 2994 in
1409 2931 1542 2996 loco
1589 2931 1840 3017 publico
1890 2931 2113 3018 fulgur
2159 2930 2541 2997 condebatur
2586 2929 2692 2995 vel

317 3031 684 3117 sepulcrum
741 3032 928 3098 fiebat
988 3034 1091 3100 vel
1137 3035 1416 3101 mundus
1469 3041 1602 3114 (ara
1646 3035 1917 3117 Cereris)
1964 3038 2499 3114 constituebatur,
2546 3043 2691 3102 tum

319 3137 568 3203 decreto
608 3139 949 3224 pontificali
967 3191 982 3221 ,
1035 3147 1179 3205 tum
1224 3163 1375 3208 vero
1421 3145 1617 3207 etiam
1663 3143 1997 3209 voluntat-e
2044 3144 2318 3218 domini,
2369 3146 2424 3206 si
2461 3145 2605 3229 quis
2626 3145 2695 3206 in

317 3243 454 3308 loco
499 3265 612 3309 suo
659 3247 966 3329 privatim
1013 3247 1321 3312 sacellum
1369 3250 1795 3314 constituebat
1822 3247 1871 3330 ³)
1919 3255 2031 3314 aut
2075 3254 2407 3313 mortuum
2438 3251 2505 3312 in
2543 3268 2693 3313 eum

318 3476 514 3519 mune
577 3455 927 3532 habebant,
985 3459 1151 3542 quod
1201 3459 1548 3524 secundum
1593 3466 1927 3545 praecepta
1972 3458 2381 3525 sacerdotalia
2408 3461 2531 3545 fae
2578 3482 2695 3522 non

320 3567 453 3624 erat
512 3581 584 3626 ea
643 3560 870 3626 violari
931 3570 1043 3627 aut
1102 3566 1353 3649 privato
1408 3587 1530 3630 usu
1578 3568 1889 3651 occupari.
1940 3563 2062 3631 Sed
2108 3564 2477 3630 huiusmodi
2524 3584 2695 3650 prae-

392 3783 444 3844 1)
495 3783 560 3829 Dc
605 3781 720 3830 locis
767 3782 912 3830 sacris
954 3781 1042 3830 cfr.
1093 3781 1312 3832 Frontin.
1359 3783 1542 3846 Agrim.
1581 3799 1691 3849 pag.
1728 3785 1815 3832 562
1858 3785 1982 3834 ‚luci
2018 3783 2163 3842 sacri,
2199 3799 2403 3848 quorum
2436 3783 2589 3834 solum
2623 3784 2692 3833 in·

317 3862 531 3913 dubitate
583 3864 748 3928 populi
802 3863 1006 3913 Romani
1055 3863 1184 3923 est”;
1237 3865 1324 3914 cfr.
1373 3867 1643 3916 Mommsen
1690 3868 1889 3916 Staatsr.
1928 3868 1961 3916 2
2006 3882 2111 3931 pag.
2150 3867 2227 3916 60.
2270 3868 2337 3916 Dc
2368 3866 2483 3916 locis
2518 3866 2693 3915 sanctis

315 3946 406 3996 cfr.
451 3947 584 3994 Serv,
629 3947 749 3995 Aen.
800 3946 875 3994 ll.
897 3946 1017 3995 285:
1077 3951 1294 3996 denatae
1328 3947 1518 3996 nonnisi
1552 3948 1613 3996 ad
1639 3949 1829 4010 publica
1865 3953 1917 3998 et
1951 3953 2188 4013 aqut-ato
2221 3949 2416 3998 condita
2448 3949 2551 3998 loca
2583 3964 2690 3997 con·

316 4028 481 4078 venire
513 4025 809 4077 consuevit’'.
847 4055 912 4064 —
947 4030 998 4087 2)
1038 4028 1272 4077 Marcion.
1312 4028 1418 4092 Dig.
1457 4031 1502 4078 1.
1522 4031 1568 4078 8.
1590 4030 1634 4078 6.
1656 4032 1710 4079 3:
1754 4030 1821 4078 ‚si
1858 4031 1964 4094 quis
1991 4047 2103 4094 ergo
2131 4031 2359 4096 privatim
2388 4029 2479 4080 sibi
2504 4046 2691 4081 sacrum

315 4109 645 4167 constituerit,
691 4124 876 4158 sacrum
922 4125 1016 4158 non
1051 4114 1153 4168 est,
1190 4110 1270 4157 sed
1307 4110 1621 4175 profanum'';
1660 4111 1769 4160 Fest
1822 4127 1929 4176 pag.
1967 4113 2091 4162 8212
2134 4113 2285 4176 ‚qnod
2319 4116 2479 4161 antem
2515 4113 2693 4176 privati

317 4207 430 4241 suae
472 4190 716 4254 religionis
758 4207 899 4240 causa
943 4191 1124 4255 aliquid
1159 4208 1324 4241 carum
1359 4209 1521 4242 rerum
1556 4194 1644 4242 deo
1680 4194 1921 4252 dedicent,
1960 4195 2010 4243 id
2044 4195 2290 4259 pontifices
2326 4195 2563 4243 Romanos
2596 4211 2691 4245 non

316 4272 588 4322 existimare
631 4272 868 4323 sacrnm’'.
915 4301 982 4310 —
1027 4276 1078 4334 3)
1126 4274 1226 4323 Cfr.
1265 4275 1681 4340 Marq.·Wiesows
1714 4277 2016 4325 Stsatsverw.
2054 4279 2083 4326 8
2120 4293 2225 4342 pag.
2265 4278 2359 4329 147
2395 4283 2441 4326 ct
2480 4279 2589 4328 158.
2624 4305 2683 4316 —

317 4356 374 4420 4)
423 4355 592 4405 lustin.
640 4355 804 4404 tuntit.
850 4355 895 4405 2.
920 4357 962 4406 1.
986 4356 1039 4405 9:
1096 4355 1404 4421 ureligiosum
1449 4357 1606 4407 locum
1644 4358 1965 4423 unnsquisque
2000 4374 2086 4408 sua
2121 4359 2367 4408 voluntate
2400 4359 2538 4419 facit,
2574 4361 2688 4412 dum

316 4439 565 4487 mortuum
597 4437 744 4486 infert
777 4437 826 4487 in
860 4437 1014 4486 locum
1051 4436 1246 4496 suum”;
1285 4438 1520 4488 Marcion.
1560 4439 1670 4505 Dig.
1715 4440 1757 4490 1.
1778 4441 1825 4492 8.
1844 4441 1888 4489 6.
1907 4442 1958 4490 4.
