3192 5009
1118 263 1202 312 1111
1246 264 1399 312 nme
1446 263 1729 315 nomo.
2490 238 2618 306 125

286 435 455 499 estin
491 432 727 497 domini
774 451 1113 518 personam
1157 429 1485 494 interdicti
1529 452 1621 492 ne
1674 428 1800 492 vie
1845 429 2037 514 fiat
2098 424 2620 512 aedificanti.

283 541 507 604 intentio
523 587 539 616 ,
580 540 731 624 quia
768 540 839 602 in
878 536 1072 603 aliam
1109 558 1235 602 non
1274 542 1489 623 potest
1506 585 1523 612 ,
1565 538 1666 600 uti
1707 556 1783 601 ex
1823 537 2030 620 ipsius
2062 533 2387 600 interdicti
2412 532 2620 598 forma

284 645 569 730 colligitur
614 645 833 724 (invito
884 650 986 723 te).

352 750 537 816 Redeo
594 750 675 816 ad
737 752 1175 835 quaestionem
1217 751 1430 835 ipsam
1447 798 1463 826 ‚
1513 770 1674 815 num
1721 756 1867 835 post·
1915 749 2350 814 remissionem
2404 746 2619 831 aliqua

282 861 535 942 supersit·
556 857 897 924 honoraria
933 859 1120 921 actio.
1161 854 1457 920 Vidimus
1496 854 1678 920 nulla
1715 875 1850 920 esse
1890 859 2188 920 veterum
2229 854 2616 929 testimonia,

283 965 473 1050 quibus
529 967 829 1029 nituntur
876 962 1121 1040 Baton,
1170 961 1505 1040 Karlowa,
1554 960 1966 1037 Burckhard3
2014 958 2367 1024 videndum
2413 960 2622 1044 igitur

280 1091 343 1134 an
378 1072 805 1136 testimonium
854 1069 1067 1134 dicant
1112 1068 1295 1133 mihi.
1346 1066 1617 1132 Videtur
1663 1067 1831 1132 mihi
1875 1087 2136 1131 mecum
2181 1065 2384 1186 tacere
2431 1062 2622 1128 Iulia-

279 1197 373 1241 nus
409 1175 581 1241 1.13
629 1175 731 1260 §2
782 1175 861 1240 D.
913 1173 1127 1240 39.1:

498 1283 553 1344 ei
598 1304 667 1344 m
712 1281 1055 1346 remissione
1084 1280 1129 1361 ι)
1170 1304 1209 1344 a
1237 1287 1423 1363 parte
1462 1279 1591 1343 eius
1627 1303 1733 1365 qm
1771 1302 1919 1362 opue
1957 1301 2172 1344 novum
2211 1277 2618 1354 nuntiaverat,

492 1394 855 1470 procurator
897 1385 1294 1464 interveniat,
1343 1386 1415 1449 id
1460 1409 1636 1467 aqere
1684 1387 2028 1450 Praetorem
2073 1391 2304 1467 oportet
2322 1432 2340 1461 ‚
2383 1407 2458 1448 ne
2478 1383 2624 1469 fal-
2681 1415 2686 1418 ·

502 1516 601 1556 sue
649 1499 1015 1575 procurator
1074 1491 1302 1556 absenti
1362 1499 1569 1555 noceat
1585 1533 1630 1569 ‚-
1668 1514 1796 1555 eum
1858 1491 1942 1554 sit
2003 1489 2318 1571 indiffusam
2363 1488 2622 1573 quobibet

503 1599 933 1664 &menime
978 1598 1321 1681 beneficium
1367 1597 1680 1661 Praetoris
1726 1596 1945 1661 amitti.

347 1704 689 1786 Beneficium
760 1704 1071 1768 Praetoris
1085 1753 1103 1781 ,
1176 1704 1346 1790 quod
1414 1705 1812 1768 nuntiatione
1886 1705 2233 1788 quaeritur,
2295 1721 2430 1766 esse
2493 1721 2622 1764 non

280 1815 449 1892 potest
504 1813 628 1874 nisi
690 1810 890 1892 operis
934 1810 1075 1874 novi
1122 1809 1433 1874 exsecutio.
1486 1808 1712 1895 Itaque
1756 1809 1914 1874 haec
1961 1810 2130 1894 perit
2146 1855 2162 1885 ‚
2215 1827 2420 1892 quum
2465 1827 2626 1870 nun-

280 1917 431 1980 tiatio
492 1919 688 1981 missa
754 1915 869 1982 fiat
885 1965 902 1994 ‚
975 1915 1148 2001 quod
1207 1915 1589 1981 beneficium
1653 1915 1915 2002 perdere
1980 1914 2312 1980 absentem
2370 1912 2621 1978 Iuliano

278 2023 470 2086 merito
511 2021 857 2109 indignum
891 2021 1247 2088 videbatur.
1300 2021 1499 2087 Video
1538 2022 1710 2086 hunc
1746 2021 1966 2088 locum
2007 2020 2194 2085 aliter
2215 2019 2622 2105 interpretari

280 2122 603 2206 Guiacium,
652 2129 763 2193 sed
810 2149 1007 2214 quam
1050 2134 1343 2194 contorta
1388 2131 1634 2194 ratione
1652 2177 1670 2206 ‚
1721 2131 1832 2192 vix
1879 2133 2092 2214 potest
2137 2126 2282 2192 dici.

1063 2662 1317 2720 cumo
1363 2661 1798 2710 numurus.

346 2791 603 2880 Explosa
663 2795 916 2861 Donelli
966 2799 1280 2862 sententia
1330 2795 1700 2861 omnimodo
1749 2797 1996 2860 remitti
2042 2797 2516 2863 nuntiationem
2562 2798 2618 2859 si

272 2897 327 2961 id
364 2901 773 2984 postulaverit
815 2905 871 2966 is
916 2905 1021 2968 cui
1068 2905 1443 2967 nuntiatum
1490 2903 1687 2967 fuerit
1707 2951 1723 2979 ‚
1774 2923 1942 2965 nunc
1990 2893 2342 2968 videndum
2388 2902 2620 2987 quibus

274 3007 486 3074 ensibus
528 3012 1002 3076 nuntiationem
1040 3009 1309 3076 Praetor
1336 3013 1617 3074 ‘missam
1656 3010 1867 3074 faciat.
1908 3009 2182 3074 Missam
2207 3010 2391 3086 facit,
2418 3031 2614 3094 quum

274 3112 569 3180 interdicto
631 3139 722 3179 ne
781 3117 905 3179 vis
954 3116 1147 3202 fiat
1192 3115 1712 3201 aedificanti
1759 3115 2006 3180 reddito
2055 3121 2264 3180 cetera
2307 3137 2386 3180 ex
2431 3119 2622 3180 inter-

276 3216 413 3284 dicto
468 3225 793 3288 nuntiator
837 3243 963 3287 non
1008 3223 1217 3288 faciat.
1267 3221 1542 3287 Missam
1587 3222 1777 3299 facit,
1828 3243 2032 3307 quum
2081 3221 2366 3308 pupillus
2411 3223 2622 3286 nunti-

274 3329 446 3391 averit
466 3349 665 3413 neque
687 3330 756 3392 in
781 3331 1153 3394 remissione
1179 3333 1357 3393 tutor
1380 3336 1601 3392 auctor
1621 3327 1973 3392 intercedat
1998 3326 2066 3408 (1.
2097 3327 2134 3393 5
2161 3349 2256 3414 pr.
2282 3327 2362 3392 D.
2396 3327 2499 3393 39.
2533 3326 2618 3408 1).

276 3427 426 3507 Quod
478 3453 667 3518 quare
732 3433 843 3499 fiat
862 3483 878 3511 ‚
942 3433 1285 3502 dicendum
1301 3482 1317 3511 ,
1381 3436 1782 3498 nuntiatione
1837 3436 2012 3498 enim
2058 3436 2222 3498 actio
2269 3436 2617 3519 quaeritur,

275 3535 563 3622 adquirere
608 3545 830 3605 autem
878 3539 1167 3627 pupillus
1215 3540 1339 3605 sibi
1385 3545 1634 3626 potest,
1684 3541 1808 3604 etsi
1854 3545 2034 3607 tutor
2083 3546 2304 3604 auctor
2349 3560 2474 3605 non
2509 3541 2616 3604 sit.

276 3639 375 3707 Sed
426 3646 562 3711 ideo
624 3649 980 3712 remittitur
1027 3649 1176 3732 quia
1222 3667 1299 3711 ex
1346 3645 1687 3711 interdicto
1747 3668 1836 3709 ne
1895 3645 2024 3708 vie
2067 3645 2260 3732 fiat
2319 3647 2465 3708 aed
2475 3644 2502 3706 i
2498 3643 2620 3731 fi-

276 3753 464 3815 canti
522 3759 727 3818 cetera
788 3774 915 3818 non
962 3758 1171 3839 potest
1218 3753 1456 3830 facere,
1505 3773 1710 3838 neque
1759 3755 1934 3816 enim
1982 3751 2165 3817 edere
2212 3772 2416 3837 neque
2464 3754 2619 3816 acci-

276 3872 395 3936 pere
427 3863 629 3943 potest
668 3859 986 3925 iudicium
1024 3861 1149 3922 nisi
1187 3864 1400 3923 tutore
1438 3865 1696 3924 auctore
1737 3859 2034 3944 impubes
2073 3856 2143 3937 (1.
2178 3856 2259 3921 15
2283 3856 2361 3921 D.
2391 3855 2498 3922 26.
2527 3855 2616 3938 8).

276 3957 445 4027 Missa
484 3963 555 4029 fit
598 3972 921 4052 praeterea
969 3967 1287 4030 nuntiatio
1336 3967 1391 4030 01
1437 3967 1873 4050 procuratorio
1922 3965 2180 4030 nomine
2226 3965 2621 4028 nuntiaverit

277 4070 423 4149 quis,
468 4069 684 4136 deinde
732 4092 861 4135 non
908 4071 1176 4136 satisdet
1222 4082 1429 4136 ratam
1474 4092 1614 4135 rem
1659 4070 1878 4134 haberi
1925 4068 1995 4150 (l.
2025 4068 2064 4132 5
2108 4067 2254 4153 §18
2279 4067 2494 4134 D.39.
2531 4068 2617 4150 1).

278 4169 355 4238 Ne
392 4179 521 4262 quis
560 4199 713 4244 vero
760 4178 929 4244 dicat
970 4177 1041 4243 id
1087 4179 1228 4244 ideo
1276 4178 1433 4257 fieri,
1484 4181 1636 4264 quia
1678 4178 1734 4241 si
1781 4177 1934 4240 eatis
1970 4199 2090 4240 non
2131 4179 2232 4240 det
2255 4183 2621 4260 procurator

334 4379 381 4446 1)
410 4381 461 4431 ld
490 4387 583 4433 ut:
619 4399 729 4433 cum
762 4382 821 4432 de
854 4381 1129 4433 remi-sione
1164 4385 1349 4446 agatur.
