3192 5009
459 220 548 289 28
1281 276 1290 283 .
1465 244 1801 294 scurrus.

551 406 973 474 Meminimus
1046 408 1392 474 Horatium
1459 414 1607 495 post
1676 406 2093 488 Cinaram,
2164 412 2327 475 circa
2392 428 2449 475 a.
2504 408 2609 485 30,
2680 428 2825 475 eam

460 532 705 580 amasse
773 534 966 600 quam
1024 514 1314 580 vetulam
1377 510 1733 602 appellavit
1790 516 2063 602 Lycen
2123 519 2193 581 in
2236 514 2324 581 IV
2376 514 2479 582 13.
2542 516 2824 581 Haecine

455 618 682 685 siletur
725 624 793 684 in
840 622 1157 707 prioribus
1202 620 1382 686 libris
1427 641 1507 686 an
1553 621 1679 687 alio
1725 625 1983 687 nomine
2030 620 2422 688 celebratur?

543 724 619 790 In
662 729 930 811 primo
975 726 1138 792 libro
1183 733 1434 813 praeter
1477 748 1615 804 eas,
1666 748 1821 813 quas
1865 728 2183 807 vidimus,
2224 730 2465 794 mentio
2506 726 2578 793 fit
2624 726 2826 815 Tyn-

453 830 776 897 daridis
828 830 931 911 17,
982 830 1391 920 Glycerae
1443 831 1523 897 19
1563 840 1629 899 et
1668 832 1777 912 30,
1823 833 2187 921 Lalages
2227 834 2334 912 22,
2386 831 2690 901 Chloes
2732 830 2819 898 23

451 942 518 1003 et
561 938 980 1026 Myrtales
1029 938 1134 1017 33,
1185 941 1416 1025 quibus
1461 940 1743 1006 addenda
1787 940 2122 1028 Phryne
2164 943 2232 1005 in
2276 938 2495 1026 Epodo
2539 938 2642 1003 14.
2694 936 2822 1003 Sed

451 1065 602 1109 cum
645 1044 827 1111 nulla
867 1046 1102 1114 harum
1150 1048 1500 1133 comparari
1546 1052 1758 1133 potest
1802 1046 1973 1134 Lyce
2020 1048 2299 1132 exceptis
2333 1045 2709 1134 Myrtale
2754 1048 2825 1109 et

449 1148 504 1213 P
521 1151 734 1238 hryn
751 1171 806 1216 e.

544 1254 822 1336 Quidni?

545 1360 718 1449 Tyn
738 1364 960 1430 daris
1007 1370 1107 1430 est
1141 1386 1220 1431 ex
1257 1348 1671 1451 psaltriarum
1708 1386 1958 1453 genere,
1992 1386 2147 1451 quas
2172 1368 2373 1431 animi
2395 1368 2605 1453 mag-is
2626 1385 2825 1450 quam

456 1472 690 1535 amoris
757 1490 945 1536 causa
1006 1472 1324 1537 invitabat
1385 1480 1450 1537 et
1511 1471 1760 1550 adibat,
1825 1474 1925 1537 uti
1990 1470 2043 1536 L
2058 1494 2105 1559 y
2126 1472 2165 1537 d
2181 1494 2215 1538 e
2232 1494 2275 1536 n
2322 1470 2420 1536 111
2464 1470 2588 1549 28;
2638 1470 2825 1536 docta

455 1580 590 1641 erat
671 1575 938 1661 psallere
1007 1582 1072 1641 et
1139 1584 1389 1643 cantare
1457 1598 1582 1643 non
1651 1580 1866 1643 minus
1950 1598 2145 1663 quam
2226 1580 2575 1664 ingenuae,
2661 1594 2827 1661 quas

450 1680 674 1748 laudat
734 1680 1001 1749 Ovidius
1065 1686 1141 1749 A.
1189 1683 1252 1748 H
1299 1684 1360 1748 4.
1389 1682 1474 1748 25
1501 1706 1635 1770 sqq.
1695 1685 1896 1750 Abest
1951 1686 2150 1751 etiam
2207 1685 2284 1750 ab
2333 1683 2451 1749 oda
2501 1679 2581 1749 1¹7
2633 1702 2826 1747 omne

455 1791 687 1853 amoris
747 1788 854 1855 vel
898 1788 1182 1855 libidinis
1226 1790 1573 1868 indicium,
1621 1811 1769 1855 cum
1819 1793 2019 1876 spiret
2065 1792 2237 1855 vitae
2282 1793 2557 1855 rusticae
2602 1789 2827 1854 caritas·

453 1902 624 1970 tem,
685 1896 994 1981 pietatem
1055 1916 1208 1982 erg-a
1253 1896 1437 1973 deos,
1486 1895 1776 1961 studium
1824 1899 2065 1961 otiosae
2110 1897 2281 1981 pacis
2328 1901 2393 1961 et
2439 1897 2671 1981 quietis
2718 1914 2829 1959 ex-

451 2000 759 2067 hilaratae
803 1999 978 2067 dulci
1024 2001 1341 2088 colloquio
1388 2007 1456 2066 et
1501 2008 1695 2067 cantu
1742 2008 1989 2067 amatae
2034 2005 2229 2068 vocis.

542 2106 959 2195 Glycerae
1019 2112 1234 2176 nitore.
1267 2111 1561 2174 incensus
1608 2113 1706 2173 est
1752 2114 2089 2195 postquam
2132 2106 2530 2194 aliquamdiu
2575 2124 2821 2171 vacuus

452 2214 610 2278 fuit:
673 2212 947 2279 Mater
1007 2234 1252 2279 saeva
1313 2212 1827 2300 Cupidinum
2028 2214 2265 2280 iubet
2309 2233 2429 2277 me
2634 2211 2823 2275 fini-

449 2322 562 2384 tis
611 2322 978 2384 animum
1022 2318 1368 2385 reddere
1414 2321 1843 2385 amoribus
1898 2318 2001 2385 19.
2034 2320 2090 2384 1.
2138 2320 2361 2405 Itaque
2399 2319 2555 2383 haec
2590 2318 2823 2383 cecinit

449 2425 712 2489 fortasse
729 2474 746 2503 ,
807 2446 958 2490 cum
1022 2430 1168 2510 post
1236 2428 1538 2492 amissam
1600 2424 1895 2493 Cinaram
1957 2446 2239 2491 amorem
2299 2426 2669 2489 abiurasset.
2739 2421 2818 2487 In

451 2527 728 2617 Glycera
789 2539 1005 2597 autem
1049 2531 1320 2618 petenda
1362 2532 1600 2598 frustm
1642 2533 1768 2597 fuit
1810 2531 2099 2617 nihilque
2143 2530 2411 2617 profecit
2455 2528 2619 2611 ὕμνῳ
2668 2542 2814 2604 πλη·

448 2639 592 2716 rm&
675 2656 798 2722 quo
874 2635 1183 2702 Venerem
1244 2636 1578 2704 advocavit
1595 2687 1612 2716 ,
1674 2644 1750 2702 ut
1818 2660 1885 2704 se
1958 2638 2325 2704 transferret
2396 2633 2559 2723 Gly
2576 2658 2610 2703 c
2627 2656 2815 2702 erae

449 2744 826 2809 decoram
886 2746 971 2807 in
1023 2743 1302 2809 aedem
1346 2743 1454 2809 30.
1483 2744 1544 2808 4.
1594 2742 1738 2831 Ipse
1784 2765 1822 2810 a
1866 2766 1933 2811 se
1982 2745 2303 2830 deprecari
2350 2744 2534 2809 deam
2581 2744 2815 2809 moles·

446 2851 766 2914 tissimam
835 2856 1100 2915 conatur
1165 2849 1425 2916 offerens
1493 2851 1799 2916 verbenas
1861 2858 1925 2917 et
1989 2857 2095 2917 tus
2113 2900 2129 2928 ‚
2191 2856 2478 2936 pateram
2541 2853 2705 2915 meri
2750 2856 2817 2913 et

446 2956 724 3020 hostiam
753 2952 854 3019 19.
888 2954 970 3019 13
995 2976 1130 3041 sqq.
1171 2954 1412 3020 Eadem
1436 2956 1701 3021 fortasse
1736 2954 2009 3043 Glycera
2030 2956 2425 3043 intellig-itur
2449 2954 2544 3019 ΠΙ
2573 2953 2674 3020 19.
2702 2953 2811 3019 23.

535 3060 612 3125 In
681 3060 801 3125 oda
869 3059 957 3125 22
1026 3060 1268 3126 dulce
1329 3060 1767 3147 loquentis
1830 3062 2190 3152 Lalages
2253 3059 2640 3129 vocabulum
2680 3082 2814 3126 -non

447 3166 684 3233 indicat
719 3172 960 3231 certam
998 3165 1445 3232 mulierculam
1454 3212 1481 3246 -,
1522 3167 1631 3233 sed
1667 3188 1886 3235 omnes
1926 3174 2239 3255 quotquot
2280 3170 2569 3233 animum
2592 3174 2815 3253 poetae

450 3272 531 3339 ad
577 3272 919 3337 amandum
969 3279 1034 3337 et
1077 3272 1462 3339 cantandum
1507 3272 1931 3339 sollicitarunt
1957 3272 2030 3353 1).

539 3378 826 3464 Denique
885 3378 1005 3444 oda
1049 3377 1136 3443 23
1198 3381 1426 3443 vitas
1489 3378 1897 3444 hinnuleo
1960 3398 2079 3443 me
2138 3377 2489 3457 similis,
2554 3375 2813 3446 Chloe

449 3490 598 3553 cett.
657 3485 942 3551 habenda
1001 3493 1097 3550 est
1155 3506 1270 3571 pro
1331 3486 1692 3551 imitatione
1740 3484 2219 3571 elegantissima
2266 3484 2493 3551 Graeci
2539 3484 2811 3550 alicuius

448 3590 724 3677 exempli
769 3593 1033 3671 (citatur
1077 3591 1155 3655 ab
1199 3590 1653 3676 interpretibus
1700 3588 2028 3656 consimile
2072 3590 2508 3677 fragmentum
2546 3592 2813 3657 Anacre-

447 3702 755 3777 onteum),
818 3694 1122 3781 nullaque
1181 3698 1242 3761 ei
1306 3698 1524 3761 subest
1568 3703 1739 3761 certa
1782 3716 1883 3762 res
1928 3703 2041 3761 aut
2089 3695 2303 3781 puella
2320 3745 2337 3774 ,
2387 3717 2547 3782 quae
2592 3718 2628 3762 e
2672 3719 2811 3763 con-

445 3806 639 3868 trario
699 3822 918 3867 revera
963 3802 1182 3866 subest
1228 3808 1518 3867 extremo
1563 3804 1757 3867 huius
1803 3802 1956 3868 libri
2001 3805 2265 3868 carmini
2314 3805 2549 3868 erotico
2598 3802 2685 3867 33
2730 3802 2810 3868 ad

446 3909 709 3975 Albium
753 3908 1085 3975 Tibullum
1101 3956 1117 3985 ,
1165 3911 1234 3973 in
1282 3928 1406 3994 quo
1451 3914 1594 3995 post
1638 3931 1765 3975 ves.
1814 3930 2008 3996 supra
2044 3912 2269 3975 citatos
2310 3911 2381 3975 hi
2420 3915 2806 3994 sequuntur:

511 4198 566 4262 1)
619 4200 686 4247 De
714 4198 868 4249 iocose
899 4198 1126 4248 carminis
1159 4202 1356 4257 natura,
1391 4213 1513 4262 quae
1549 4198 1693 4247 ctiam
1724 4199 1911 4264 peperit
1944 4202 2276 4265 exaggeratam
2312 4199 2677 4265 descriptionem
2705 4200 2809 4267 lupi

443 4277 496 4329 in
548 4284 720 4344 quarta
768 4279 988 4346 stropha,
1036 4295 1064 4329 a
1108 4279 1275 4330 multis
1321 4280 1564 4330 immerito
1610 4284 1852 4340 vexatam,
1900 4288 2026 4331 recte
2070 4283 2345 4333 iudicarunt
2386 4283 2457 4333 Sc
2474 4282 2729 4333 butrino
2761 4288 2811 4333 et

447 4361 892 4427 Kiesslingiue.
