<?xml version="1.0" encoding="UTF-8"?>
<!DOCTYPE html PUBLIC "-//W3C//DTD XHTML 1.0 Transitional//EN"
    "http://www.w3.org/TR/xhtml1/DTD/xhtml1-transitional.dtd">
<html xmlns="http://www.w3.org/1999/xhtml" xml:lang="en" lang="en">
 <head>
  <title>
</title>
<meta http-equiv="Content-Type" content="text/html;charset=utf-8" />
  <meta name='ocr-system' content='tesseract 3.04.00' />
  <meta name='ocr-capabilities' content='ocr_page ocr_carea ocr_par ocr_line ocrx_word'/>
</head>
<body>
  <div class='ocr_page' id='page_1' title='image "./mnemosyne07servgoog_0105.png"; bbox 0 0 3192 5009; ppageno 0'>
   <div class='ocr_carea' id='block_1_1' title="bbox 1015 288 2600 362">
    <p class='ocr_par' dir='ltr' id='par_1_1' title="bbox 1015 288 2600 362">
     <span class='ocr_line' id='line_1_1' title="bbox 1015 288 2600 362; baseline -0.002 -3"><span class='ocrx_word' id='word_1_1' title='bbox 1015 312 1099 360; x_wconf 76' lang='lat' dir='ltr'><strong>nn</strong></span> <span class='ocrx_word' id='word_1_2' title='bbox 1142 313 1295 362; x_wconf 72' lang='lat' dir='ltr'><strong>man</strong></span> <span class='ocrx_word' id='word_1_3' title='bbox 1343 312 1798 361; x_wconf 68' lang='lat' dir='ltr'><strong>onnuwrnmm.</strong></span> <span class='ocrx_word' id='word_1_4' title='bbox 2515 288 2600 357; x_wconf 83' lang='lat'><strong>97</strong></span> 
     </span>
    </p>
   </div>
   <div class='ocr_carea' id='block_1_2' title="bbox 266 473 2613 4188">
    <p class='ocr_par' dir='ltr' id='par_1_2' title="bbox 266 473 2613 1825">
     <span class='ocr_line' id='line_1_2' title="bbox 276 473 2604 564; baseline -0.001 -22"><span class='ocrx_word' id='word_1_5' title='bbox 276 477 566 544; x_wconf 81' lang='lat' dir='ltr'><strong>sacerdotio</strong></span> <span class='ocrx_word' id='word_1_6' title='bbox 626 500 742 544; x_wconf 90' lang='lat' dir='ltr'><strong>suo</strong></span> <span class='ocrx_word' id='word_1_7' title='bbox 804 479 987 544; x_wconf 90' lang='lat' dir='ltr'><strong>abuti</strong></span> <span class='ocrx_word' id='word_1_8' title='bbox 1038 477 1268 556; x_wconf 85' lang='lat' dir='ltr'><strong>vellet,</strong></span> <span class='ocrx_word' id='word_1_9' title='bbox 1317 477 1566 544; x_wconf 89' lang='lat' dir='ltr'><strong>fulmen</strong></span> <span class='ocrx_word' id='word_1_10' title='bbox 1584 527 1600 556; x_wconf 89' lang='lat'><em>,</em></span> <span class='ocrx_word' id='word_1_11' title='bbox 1652 478 1821 564; x_wconf 90' lang='lat' dir='ltr'><strong>quod</strong></span> <span class='ocrx_word' id='word_1_12' title='bbox 1867 480 2034 542; x_wconf 91' lang='lat' dir='ltr'><strong>inter</strong></span> <span class='ocrx_word' id='word_1_13' title='bbox 2081 478 2344 542; x_wconf 89' lang='lat' dir='ltr'><strong>comitia</strong></span> <span class='ocrx_word' id='word_1_14' title='bbox 2391 473 2604 554; x_wconf 85' lang='lat' dir='ltr'><strong>fieret,</strong></span> 
     </span>
     <span class='ocr_line' id='line_1_3' title="bbox 274 583 2609 672; baseline -0.001 -24"><span class='ocrx_word' id='word_1_15' title='bbox 274 584 557 672; x_wconf 77' lang='lat' dir='ltr'>neglegere</span> <span class='ocrx_word' id='word_1_16' title='bbox 604 588 787 671; x_wconf 90' lang='lat' dir='ltr'><strong>quasi</strong></span> <span class='ocrx_word' id='word_1_17' title='bbox 835 585 1080 650; x_wconf 84' lang='lat' dir='ltr'><strong>factum</strong></span> <span class='ocrx_word' id='word_1_18' title='bbox 1127 607 1251 650; x_wconf 89' lang='lat' dir='ltr'><strong>non</strong></span> <span class='ocrx_word' id='word_1_19' title='bbox 1304 593 1501 665; x_wconf 88' lang='lat' dir='ltr'><strong>esset;</strong></span> <span class='ocrx_word' id='word_1_20' title='bbox 1552 593 1699 651; x_wconf 89' lang='lat' dir='ltr'><strong>tum</strong></span> <span class='ocrx_word' id='word_1_21' title='bbox 1745 587 2004 650; x_wconf 88' lang='lat' dir='ltr'><strong>comitia</strong></span> <span class='ocrx_word' id='word_1_22' title='bbox 2023 634 2039 662; x_wconf 91' lang='lat'>,</span> <span class='ocrx_word' id='word_1_23' title='bbox 2089 586 2144 650; x_wconf 90' lang='lat' dir='ltr'><strong>si</strong></span> <span class='ocrx_word' id='word_1_24' title='bbox 2189 583 2430 650; x_wconf 90' lang='lat' dir='ltr'><strong>eisdem</strong></span> <span class='ocrx_word' id='word_1_25' title='bbox 2468 604 2609 648; x_wconf 88' lang='lat' dir='ltr'><strong>con-</strong></span> 
     </span>
     <span class='ocr_line' id='line_1_4' title="bbox 271 689 2612 778; baseline 0 -24"><span class='ocrx_word' id='word_1_26' title='bbox 271 689 397 754; x_wconf 84' lang='lat' dir='ltr'><strong>siliis</strong></span> <span class='ocrx_word' id='word_1_27' title='bbox 430 691 668 756; x_wconf 80' lang='lat' dir='ltr'><strong>favebat</strong></span> <span class='ocrx_word' id='word_1_28' title='bbox 704 695 1126 778; x_wconf 76' lang='lat' dir='ltr'><strong>magistratus</strong></span> <span class='ocrx_word' id='word_1_29' title='bbox 1143 743 1159 771; x_wconf 91' lang='lat'><em>,</em></span> <span class='ocrx_word' id='word_1_30' title='bbox 1202 693 1282 757; x_wconf 88' lang='lat' dir='ltr'><strong>ad</strong></span> <span class='ocrx_word' id='word_1_31' title='bbox 1320 691 1515 758; x_wconf 89' lang='lat' dir='ltr'><strong>finem</strong></span> <span class='ocrx_word' id='word_1_32' title='bbox 1553 692 1816 778; x_wconf 88' lang='lat' dir='ltr'><strong>perduci</strong></span> <span class='ocrx_word' id='word_1_33' title='bbox 1836 696 2151 777; x_wconf 78' lang='lat' dir='ltr'><strong>poterant.</strong></span> <span class='ocrx_word' id='word_1_34' title='bbox 2199 689 2340 756; x_wconf 88' lang='lat' dir='ltr'><strong>Hoc</strong></span> <span class='ocrx_word' id='word_1_35' title='bbox 2366 690 2612 755; x_wconf 88' lang='lat' dir='ltr'><strong>factum</strong></span> 
     </span>
     <span class='ocr_line' id='line_1_5' title="bbox 270 797 2609 876; baseline -0.001 -14"><span class='ocrx_word' id='word_1_36' title='bbox 270 817 379 862; x_wconf 79' lang='lat' dir='ltr'><strong>csse</strong></span> <span class='ocrx_word' id='word_1_37' title='bbox 416 798 675 862; x_wconf 82' lang='lat' dir='ltr'><strong>traditur</strong></span> <span class='ocrx_word' id='word_1_38' title='bbox 722 819 777 862; x_wconf 91' lang='lat' dir='ltr'><strong>a.</strong></span> <span class='ocrx_word' id='word_1_39' title='bbox 830 797 916 862; x_wconf 87' lang='grc'><strong>49</strong></span> <span class='ocrx_word' id='word_1_40' title='bbox 966 820 1117 864; x_wconf 92' lang='lat' dir='ltr'><strong>cum</strong></span> <span class='ocrx_word' id='word_1_41' title='bbox 1164 797 1395 866; x_wconf 87' lang='lat' dir='ltr'><strong>Caesar</strong></span> <span class='ocrx_word' id='word_1_42' title='bbox 1443 805 1507 864; x_wconf 92' lang='lat' dir='ltr'><strong>et</strong></span> <span class='ocrx_word' id='word_1_43' title='bbox 1548 797 1860 864; x_wconf 81' lang='lat' dir='ltr'><strong>Servilius</strong></span> <span class='ocrx_word' id='word_1_44' title='bbox 1901 798 2190 864; x_wconf 86' lang='lat' dir='ltr'><strong>consules</strong></span> <span class='ocrx_word' id='word_1_45' title='bbox 2224 803 2609 876; x_wconf 80' lang='lat' dir='ltr'><strong>crearentur,</strong></span> 
     </span>
     <span class='ocr_line' id='line_1_6' title="bbox 269 900 2610 991; baseline 0.002 -25"><span class='ocrx_word' id='word_1_46' title='bbox 269 906 379 988; x_wconf 86' lang='lat' dir='ltr'><strong>ipso</strong></span> <span class='ocrx_word' id='word_1_47' title='bbox 436 900 691 970; x_wconf 80' lang='lat' dir='ltr'><strong>Caesare</strong></span> <span class='ocrx_word' id='word_1_48' title='bbox 765 905 1072 971; x_wconf 83' lang='lat' dir='ltr'><strong>dictatore</strong></span> <span class='ocrx_word' id='word_1_49' title='bbox 1147 907 1408 970; x_wconf 87' lang='lat' dir='ltr'><strong>comitia</strong></span> <span class='ocrx_word' id='word_1_50' title='bbox 1474 905 1783 984; x_wconf 88' lang='lat' dir='ltr'><strong>habente;</strong></span> <span class='ocrx_word' id='word_1_51' title='bbox 1867 905 2268 971; x_wconf 82' lang='lat' dir='ltr'><strong>obnuntiatio</strong></span> <span class='ocrx_word' id='word_1_52' title='bbox 2340 926 2574 991; x_wconf 87' lang='lat' dir='ltr'><strong>cogens</strong></span> <span class='ocrx_word' id='word_1_53' title='bbox 2593 953 2610 983; x_wconf 86' lang='lat'><em>,</em></span> 
     </span>
     <span class='ocr_line' id='line_1_7' title="bbox 268 1009 2612 1100; baseline 0.001 -26"><span class='ocrx_word' id='word_1_54' title='bbox 268 1031 425 1094; x_wconf 82' lang='lat' dir='ltr'><strong>quam</strong></span> <span class='ocrx_word' id='word_1_55' title='bbox 464 1011 562 1076; x_wconf 85' lang='lat' dir='ltr'><strong>lex</strong></span> <span class='ocrx_word' id='word_1_56' title='bbox 611 1009 837 1078; x_wconf 87' lang='lat' dir='ltr'><strong>Clodia</strong></span> <span class='ocrx_word' id='word_1_57' title='bbox 882 1015 1257 1097; x_wconf 84' lang='lat' dir='ltr'><strong>permiserat</strong></span> <span class='ocrx_word' id='word_1_58' title='bbox 1303 1013 1794 1100; x_wconf 88' lang='lat' dir='ltr'><strong>magistratibus</strong></span> <span class='ocrx_word' id='word_1_59' title='bbox 1811 1060 1827 1090; x_wconf 90' lang='lat'>‚</span> <span class='ocrx_word' id='word_1_60' title='bbox 1876 1014 1945 1077; x_wconf 88' lang='lat' dir='ltr'><strong>in</strong></span> <span class='ocrx_word' id='word_1_61' title='bbox 1989 1032 2139 1078; x_wconf 89' lang='lat' dir='ltr'><strong>eum</strong></span> <span class='ocrx_word' id='word_1_62' title='bbox 2187 1012 2360 1078; x_wconf 89' lang='lat' dir='ltr'><strong>diem</strong></span> <span class='ocrx_word' id='word_1_63' title='bbox 2405 1011 2612 1077; x_wconf 90' lang='lat' dir='ltr'><strong>edicto</strong></span> 
     </span>
     <span class='ocr_line' id='line_1_8' title="bbox 268 1116 2611 1205; baseline 0 -24"><span class='ocrx_word' id='word_1_64' title='bbox 268 1116 543 1183; x_wconf 86' lang='lat' dir='ltr'><strong>dictatoris</strong></span> <span class='ocrx_word' id='word_1_65' title='bbox 611 1117 865 1184; x_wconf 86' lang='lat' dir='ltr'><strong>sublata</strong></span> <span class='ocrx_word' id='word_1_66' title='bbox 936 1126 1105 1196; x_wconf 89' lang='lat' dir='ltr'><strong>erat;</strong></span> <span class='ocrx_word' id='word_1_67' title='bbox 1172 1121 1431 1184; x_wconf 89' lang='lat' dir='ltr'><strong>comitia</strong></span> <span class='ocrx_word' id='word_1_68' title='bbox 1496 1117 1574 1182; x_wconf 89' lang='lat' dir='ltr'><strong>ad</strong></span> <span class='ocrx_word' id='word_1_69' title='bbox 1639 1117 1833 1184; x_wconf 87' lang='lat' dir='ltr'><strong>finem</strong></span> <span class='ocrx_word' id='word_1_70' title='bbox 1893 1119 2201 1205; x_wconf 90' lang='lat' dir='ltr'><strong>perducta</strong></span> <span class='ocrx_word' id='word_1_71' title='bbox 2261 1123 2414 1184; x_wconf 89' lang='lat' dir='ltr'><strong>sunt</strong></span> <span class='ocrx_word' id='word_1_72' title='bbox 2460 1137 2611 1183; x_wconf 89' lang='lat' dir='ltr'><strong>cum</strong></span> 
     </span>
     <span class='ocr_line' id='line_1_9' title="bbox 268 1222 2608 1312; baseline 0 -24"><span class='ocrx_word' id='word_1_73' title='bbox 268 1222 467 1290; x_wconf 84' lang='lat' dir='ltr'><strong>fulmen</strong></span> <span class='ocrx_word' id='word_1_74' title='bbox 504 1224 671 1310; x_wconf 90' lang='lat' dir='ltr'><strong>quod</strong></span> <span class='ocrx_word' id='word_1_75' title='bbox 713 1227 1153 1311; x_wconf 79' lang='lat' dir='ltr'><strong>superveniret</strong></span> <span class='ocrx_word' id='word_1_76' title='bbox 1191 1226 1270 1290; x_wconf 89' lang='lat' dir='ltr'><strong>ab</strong></span> <span class='ocrx_word' id='word_1_77' title='bbox 1306 1225 1665 1312; x_wconf 84' lang='lat' dir='ltr'><strong>auguribus</strong></span> <span class='ocrx_word' id='word_1_78' title='bbox 1690 1224 2142 1312; x_wconf 86' lang='lat' dir='ltr'><strong>neglegeretur</strong></span> <span class='ocrx_word' id='word_1_79' title='bbox 2157 1246 2173 1304; x_wconf 91' lang='lat'>;</span> <span class='ocrx_word' id='word_1_80' title='bbox 2202 1225 2358 1290; x_wconf 90' lang='lat' dir='ltr'><strong>Luc.</strong></span> <span class='ocrx_word' id='word_1_81' title='bbox 2385 1224 2608 1289; x_wconf 87' lang='lat' dir='ltr'><strong>Phars.</strong></span> 
     </span>
     <span class='ocr_line' id='line_1_10' title="bbox 270 1329 2611 1419; baseline 0.002 -27"><span class='ocrx_word' id='word_1_82' title='bbox 270 1329 316 1392; x_wconf 85' lang='lat'><strong>5.</strong></span> <span class='ocrx_word' id='word_1_83' title='bbox 338 1329 477 1396; x_wconf 81' lang='lat'><strong>395:</strong></span> <span class='ocrx_word' id='word_1_84' title='bbox 528 1353 683 1410; x_wconf 84' lang='lat' dir='ltr'><strong>„nec</strong></span> <span class='ocrx_word' id='word_1_85' title='bbox 731 1331 981 1398; x_wconf 86' lang='lat' dir='ltr'><strong>caelum</strong></span> <span class='ocrx_word' id='word_1_86' title='bbox 1030 1353 1281 1398; x_wconf 81' lang='lat' dir='ltr'><strong>servare</strong></span> <span class='ocrx_word' id='word_1_87' title='bbox 1326 1332 1480 1398; x_wconf 89' lang='lat' dir='ltr'><strong>licet</strong></span> <span class='ocrx_word' id='word_1_88' title='bbox 1528 1332 2092 1419; x_wconf 88' lang='lat' dir='ltr'><strong>(magistratibus),</strong></span> <span class='ocrx_word' id='word_1_89' title='bbox 2142 1338 2320 1397; x_wconf 89' lang='lat' dir='ltr'><strong>tonat</strong></span> <span class='ocrx_word' id='word_1_90' title='bbox 2367 1351 2611 1418; x_wconf 88' lang='lat' dir='ltr'><strong>augure</strong></span> 
     </span>
     <span class='ocr_line' id='line_1_11' title="bbox 267 1437 2612 1527; baseline 0.001 -28"><span class='ocrx_word' id='word_1_91' title='bbox 267 1437 478 1502; x_wconf 84' lang='lat' dir='ltr'><strong>surdo”.</strong></span> <span class='ocrx_word' id='word_1_92' title='bbox 525 1477 609 1488; x_wconf 92' lang='lat'>—</span> <span class='ocrx_word' id='word_1_93' title='bbox 656 1438 877 1504; x_wconf 84' lang='lat' dir='ltr'><strong>Etiam</strong></span> <span class='ocrx_word' id='word_1_94' title='bbox 934 1460 991 1505; x_wconf 91' lang='lat' dir='ltr'><strong>a.</strong></span> <span class='ocrx_word' id='word_1_95' title='bbox 1043 1439 1151 1518; x_wconf 87' lang='lat'><strong>44,</strong></span> <span class='ocrx_word' id='word_1_96' title='bbox 1214 1459 1367 1504; x_wconf 88' lang='lat' dir='ltr'><strong>cum</strong></span> <span class='ocrx_word' id='word_1_97' title='bbox 1431 1440 1676 1504; x_wconf 91' lang='lat' dir='ltr'><strong>tribuni</strong></span> <span class='ocrx_word' id='word_1_98' title='bbox 1740 1438 1826 1525; x_wconf 91' lang='lat' dir='ltr'><strong>pl.</strong></span> <span class='ocrx_word' id='word_1_99' title='bbox 1875 1438 2092 1527; x_wconf 87' lang='lat' dir='ltr'><strong>legem</strong></span> <span class='ocrx_word' id='word_1_100' title='bbox 2139 1438 2215 1504; x_wconf 92' lang='lat' dir='ltr'><strong>de</strong></span> <span class='ocrx_word' id='word_1_101' title='bbox 2261 1440 2612 1525; x_wconf 85' lang='lat' dir='ltr'><strong>provinciis</strong></span> 
     </span>
     <span class='ocr_line' id='line_1_12' title="bbox 266 1542 2613 1633; baseline 0.001 -27"><span class='ocrx_word' id='word_1_102' title='bbox 266 1542 491 1622; x_wconf 86' lang='lat' dir='ltr'><strong>ferrent,</strong></span> <span class='ocrx_word' id='word_1_103' title='bbox 562 1567 768 1632; x_wconf 88' lang='lat' dir='ltr'><strong>neque</strong></span> <span class='ocrx_word' id='word_1_104' title='bbox 838 1553 1137 1633; x_wconf 85' lang='lat' dir='ltr'><strong>cogentes</strong></span> <span class='ocrx_word' id='word_1_105' title='bbox 1209 1553 1421 1612; x_wconf 84' lang='lat' dir='ltr'><strong>essent</strong></span> <span class='ocrx_word' id='word_1_106' title='bbox 1489 1545 2005 1611; x_wconf 88' lang='lat' dir='ltr'><strong>obnuntiationes</strong></span> <span class='ocrx_word' id='word_1_107' title='bbox 2074 1550 2338 1633; x_wconf 88' lang='lat' dir='ltr'><strong>propter</strong></span> <span class='ocrx_word' id='word_1_108' title='bbox 2393 1543 2613 1630; x_wconf 91' lang='lat' dir='ltr'><strong>legem</strong></span> 
     </span>
     <span class='ocr_line' id='line_1_13' title="bbox 268 1645 2613 1740; baseline 0 -27"><span class='ocrx_word' id='word_1_109' title='bbox 268 1645 511 1715; x_wconf 84' lang='lat' dir='ltr'><strong>Clodiam</strong></span> <span class='ocrx_word' id='word_1_110' title='bbox 528 1700 545 1728; x_wconf 91' lang='lat'>‚</span> <span class='ocrx_word' id='word_1_111' title='bbox 609 1651 858 1717; x_wconf 84' lang='lat' dir='ltr'><strong>fulmen</strong></span> <span class='ocrx_word' id='word_1_112' title='bbox 920 1652 997 1717; x_wconf 89' lang='lat' dir='ltr'><strong>ab</strong></span> <span class='ocrx_word' id='word_1_113' title='bbox 1064 1673 1309 1740; x_wconf 87' lang='lat' dir='ltr'><strong>augure</strong></span> <span class='ocrx_word' id='word_1_114' title='bbox 1358 1654 1687 1735; x_wconf 89' lang='lat' dir='ltr'><strong>(Antonio)</strong></span> <span class='ocrx_word' id='word_1_115' title='bbox 1734 1652 2106 1739; x_wconf 89' lang='lat' dir='ltr'><strong>neglectum</strong></span> <span class='ocrx_word' id='word_1_116' title='bbox 2153 1672 2289 1718; x_wconf 87' lang='lat' dir='ltr'><strong>esse</strong></span> <span class='ocrx_word' id='word_1_117' title='bbox 2337 1650 2613 1716; x_wconf 88' lang='lat' dir='ltr'><strong>affirmat</strong></span> 
     </span>
     <span class='ocr_line' id='line_1_14' title="bbox 266 1751 861 1825; baseline 0.007 -5"><span class='ocrx_word' id='word_1_118' title='bbox 266 1751 368 1820; x_wconf 78' lang='lat' dir='ltr'><strong>Cic.</strong></span> <span class='ocrx_word' id='word_1_119' title='bbox 408 1757 565 1823; x_wconf 89' lang='lat' dir='ltr'><strong>Phil.</strong></span> <span class='ocrx_word' id='word_1_120' title='bbox 619 1758 680 1823; x_wconf 87' lang='lat'><strong>5.</strong></span> <span class='ocrx_word' id='word_1_121' title='bbox 710 1757 771 1825; x_wconf 88' lang='lat'><strong>3.</strong></span> <span class='ocrx_word' id='word_1_122' title='bbox 800 1757 861 1824; x_wconf 89' lang='grc'><strong>8.</strong></span> 
     </span>
    </p>

    <p class='ocr_par' dir='ltr' id='par_1_3' title="bbox 266 1861 2613 4188">
     <span class='ocr_line' id='line_1_15' title="bbox 335 1861 2613 1953; baseline 0 -25"><span class='ocrx_word' id='word_1_123' title='bbox 335 1861 487 1929; x_wconf 83' lang='lat' dir='ltr'><strong>Alios</strong></span> <span class='ocrx_word' id='word_1_124' title='bbox 551 1864 729 1931; x_wconf 91' lang='lat' dir='ltr'><strong>locos</strong></span> <span class='ocrx_word' id='word_1_125' title='bbox 791 1886 959 1930; x_wconf 89' lang='lat' dir='ltr'><strong>nunc</strong></span> <span class='ocrx_word' id='word_1_126' title='bbox 1023 1868 1255 1933; x_wconf 89' lang='lat' dir='ltr'><strong>omitto</strong></span> <span class='ocrx_word' id='word_1_127' title='bbox 1278 1913 1295 1944; x_wconf 89' lang='lat'><strong>,</strong></span> <span class='ocrx_word' id='word_1_128' title='bbox 1360 1867 1591 1952; x_wconf 90' lang='lat' dir='ltr'><strong>quibus</strong></span> <span class='ocrx_word' id='word_1_129' title='bbox 1657 1868 1920 1932; x_wconf 90' lang='lat' dir='ltr'><strong>comitia</strong></span> <span class='ocrx_word' id='word_1_130' title='bbox 1983 1867 2186 1953; x_wconf 87' lang='lat' dir='ltr'><strong>signis</strong></span> <span class='ocrx_word' id='word_1_131' title='bbox 2235 1863 2613 1930; x_wconf 88' lang='lat' dir='ltr'><strong>caelestibus</strong></span> 
     </span>
     <span class='ocr_line' id='line_1_16' title="bbox 267 1969 2612 2057; baseline 0.001 -26"><span class='ocrx_word' id='word_1_132' title='bbox 267 1975 355 2031; x_wconf 83' lang='lat' dir='ltr'><strong>aut</strong></span> <span class='ocrx_word' id='word_1_133' title='bbox 406 1969 549 2036; x_wconf 84' lang='lat' dir='ltr'><strong>diris</strong></span> <span class='ocrx_word' id='word_1_134' title='bbox 612 1970 972 2036; x_wconf 88' lang='lat' dir='ltr'><strong>disturbata</strong></span> <span class='ocrx_word' id='word_1_135' title='bbox 1034 1972 1297 2057; x_wconf 90' lang='lat' dir='ltr'><strong>quidem</strong></span> <span class='ocrx_word' id='word_1_136' title='bbox 1358 1992 1493 2037; x_wconf 88' lang='lat' dir='ltr'><strong>esse</strong></span> <span class='ocrx_word' id='word_1_137' title='bbox 1541 1972 1902 2051; x_wconf 89' lang='lat' dir='ltr'><strong>traduntur,</strong></span> <span class='ocrx_word' id='word_1_138' title='bbox 1953 1972 2064 2038; x_wconf 87' lang='lat' dir='ltr'><strong>sed</strong></span> <span class='ocrx_word' id='word_1_139' title='bbox 2111 1971 2612 2037; x_wconf 89' lang='lat' dir='ltr'><strong>obnuntiationis</strong></span> 
     </span>
     <span class='ocr_line' id='line_1_17' title="bbox 267 2075 2613 2162; baseline 0.002 -26"><span class='ocrx_word' id='word_1_140' title='bbox 267 2075 547 2162; x_wconf 81' lang='lat' dir='ltr'><strong>auguralis</strong></span> <span class='ocrx_word' id='word_1_141' title='bbox 594 2077 775 2143; x_wconf 81' lang='lat' dir='ltr'><strong>nulla</strong></span> <span class='ocrx_word' id='word_1_142' title='bbox 819 2081 1064 2143; x_wconf 89' lang='lat' dir='ltr'><strong>mentio</strong></span> <span class='ocrx_word' id='word_1_143' title='bbox 1115 2078 1351 2144; x_wconf 90' lang='lat' dir='ltr'><strong>diserta</strong></span> <span class='ocrx_word' id='word_1_144' title='bbox 1387 2078 1554 2144; x_wconf 84' lang='lat' dir='ltr'><strong>facta</strong></span> <span class='ocrx_word' id='word_1_145' title='bbox 1594 2085 1692 2143; x_wconf 88' lang='lat' dir='ltr'><strong>est</strong></span> <span class='ocrx_word' id='word_1_146' title='bbox 1719 2075 1791 2159; x_wconf 93' lang='lat'><strong>1).</strong></span> <span class='ocrx_word' id='word_1_147' title='bbox 1836 2117 1923 2127; x_wconf 97' lang='lat'><strong>—</strong></span> <span class='ocrx_word' id='word_1_148' title='bbox 1964 2075 2174 2145; x_wconf 83' lang='lat' dir='ltr'><strong>Causa</strong></span> <span class='ocrx_word' id='word_1_149' title='bbox 2213 2084 2434 2143; x_wconf 90' lang='lat' dir='ltr'><strong>autem</strong></span> <span class='ocrx_word' id='word_1_150' title='bbox 2453 2125 2469 2154; x_wconf 94' lang='lat'>‚</span> <span class='ocrx_word' id='word_1_151' title='bbox 2499 2097 2613 2141; x_wconf 90' lang='lat' dir='ltr'><strong>cur</strong></span> 
     </span>
     <span class='ocr_line' id='line_1_18' title="bbox 266 2182 2610 2271; baseline 0.001 -26"><span class='ocrx_word' id='word_1_152' title='bbox 266 2187 370 2245; x_wconf 79' lang='lat' dir='ltr'><strong>tam</strong></span> <span class='ocrx_word' id='word_1_153' title='bbox 421 2186 631 2269; x_wconf 87' lang='lat' dir='ltr'><strong>paucis</strong></span> <span class='ocrx_word' id='word_1_154' title='bbox 693 2182 851 2250; x_wconf 89' lang='lat' dir='ltr'><strong>locis</strong></span> <span class='ocrx_word' id='word_1_155' title='bbox 911 2189 1307 2249; x_wconf 87' lang='lat' dir='ltr'><strong>memoretur</strong></span> <span class='ocrx_word' id='word_1_156' title='bbox 1353 2184 1507 2249; x_wconf 89' lang='lat' dir='ltr'><strong>haec</strong></span> <span class='ocrx_word' id='word_1_157' title='bbox 1553 2190 1836 2271; x_wconf 90' lang='lat' dir='ltr'><strong>potestas</strong></span> <span class='ocrx_word' id='word_1_158' title='bbox 1883 2184 2277 2271; x_wconf 85' lang='lat' dir='ltr'><strong>impediendi</strong></span> <span class='ocrx_word' id='word_1_159' title='bbox 2295 2233 2312 2262; x_wconf 86' lang='lat'><em>,</em></span> <span class='ocrx_word' id='word_1_160' title='bbox 2363 2190 2429 2248; x_wconf 89' lang='lat' dir='ltr'><strong>et</strong></span> <span class='ocrx_word' id='word_1_161' title='bbox 2475 2189 2610 2248; x_wconf 87' lang='lat' dir='ltr'><strong>tam</strong></span> 
     </span>
     <span class='ocr_line' id='line_1_19' title="bbox 271 2289 2612 2379; baseline 0.002 -27"><span class='ocrx_word' id='word_1_162' title='bbox 271 2305 374 2352; x_wconf 79' lang='lat' dir='ltr'><strong>raro</strong></span> <span class='ocrx_word' id='word_1_163' title='bbox 425 2292 487 2354; x_wconf 90' lang='lat' dir='ltr'><strong>in</strong></span> <span class='ocrx_word' id='word_1_164' title='bbox 547 2312 787 2378; x_wconf 88' lang='lat' dir='ltr'><strong>magno</strong></span> <span class='ocrx_word' id='word_1_165' title='bbox 855 2289 1221 2356; x_wconf 88' lang='lat' dir='ltr'><strong>discrimine</strong></span> <span class='ocrx_word' id='word_1_166' title='bbox 1286 2312 1503 2356; x_wconf 90' lang='lat' dir='ltr'><strong>rerum</strong></span> <span class='ocrx_word' id='word_1_167' title='bbox 1560 2313 1703 2357; x_wconf 89' lang='lat' dir='ltr'><strong>eam</strong></span> <span class='ocrx_word' id='word_1_168' title='bbox 1750 2292 2158 2358; x_wconf 83' lang='lat' dir='ltr'><strong>adhibuerint</strong></span> <span class='ocrx_word' id='word_1_169' title='bbox 2207 2311 2485 2379; x_wconf 87' lang='lat' dir='ltr'><strong>augures</strong></span> <span class='ocrx_word' id='word_1_170' title='bbox 2533 2290 2612 2356; x_wconf 91' lang='lat' dir='ltr'><strong>ad</strong></span> 
     </span>
     <span class='ocr_line' id='line_1_20' title="bbox 271 2395 2607 2484; baseline 0.003 -30"><span class='ocrx_word' id='word_1_171' title='bbox 271 2395 457 2460; x_wconf 87' lang='lat' dir='ltr'><strong>tuenda</strong></span> <span class='ocrx_word' id='word_1_172' title='bbox 500 2396 765 2462; x_wconf 88' lang='lat' dir='ltr'><strong>consilia</strong></span> <span class='ocrx_word' id='word_1_173' title='bbox 810 2396 1065 2484; x_wconf 90' lang='lat' dir='ltr'><strong>publica</strong></span> <span class='ocrx_word' id='word_1_174' title='bbox 1110 2399 1268 2482; x_wconf 90' lang='lat' dir='ltr'><strong>ipsis</strong></span> <span class='ocrx_word' id='word_1_175' title='bbox 1314 2399 1578 2483; x_wconf 88' lang='lat' dir='ltr'><strong>probata</strong></span> <span class='ocrx_word' id='word_1_176' title='bbox 1625 2401 1694 2462; x_wconf 90' lang='lat' dir='ltr'><strong>in</strong></span> <span class='ocrx_word' id='word_1_177' title='bbox 1740 2399 2252 2465; x_wconf 87' lang='lat' dir='ltr'><strong>contentionibus</strong></span> <span class='ocrx_word' id='word_1_178' title='bbox 2299 2400 2607 2484; x_wconf 89' lang='lat' dir='ltr'><strong>partium,</strong></span> 
     </span>
     <span class='ocr_line' id='line_1_21' title="bbox 270 2497 2611 2591; baseline 0.003 -27"><span class='ocrx_word' id='word_1_179' title='bbox 270 2497 385 2566; x_wconf 81' lang='lat' dir='ltr'><strong>haec</strong></span> <span class='ocrx_word' id='word_1_180' title='bbox 415 2511 505 2568; x_wconf 87' lang='lat' dir='ltr'><strong>est</strong></span> <span class='ocrx_word' id='word_1_181' title='bbox 551 2503 756 2589; x_wconf 87' lang='lat' dir='ltr'><strong>quod,</strong></span> <span class='ocrx_word' id='word_1_182' title='bbox 804 2511 881 2569; x_wconf 92' lang='lat' dir='ltr'><strong>ut</strong></span> <span class='ocrx_word' id='word_1_183' title='bbox 926 2507 1058 2569; x_wconf 88' lang='lat' dir='ltr'><strong>iam</strong></span> <span class='ocrx_word' id='word_1_184' title='bbox 1106 2510 1290 2569; x_wconf 85' lang='lat' dir='ltr'><strong>antea</strong></span> <span class='ocrx_word' id='word_1_185' title='bbox 1334 2508 1559 2570; x_wconf 89' lang='lat' dir='ltr'><strong>monui</strong></span> <span class='ocrx_word' id='word_1_186' title='bbox 1607 2504 1879 2585; x_wconf 87' lang='lat' dir='ltr'><strong>(Mnem.</strong></span> <span class='ocrx_word' id='word_1_187' title='bbox 1928 2503 2148 2570; x_wconf 88' lang='lat' dir='ltr'><strong>XVIII</strong></span> <span class='ocrx_word' id='word_1_188' title='bbox 2194 2527 2256 2591; x_wconf 91' lang='lat' dir='ltr'><strong>p.</strong></span> <span class='ocrx_word' id='word_1_189' title='bbox 2307 2503 2488 2587; x_wconf 83' lang='lat'>450),</span> <span class='ocrx_word' id='word_1_190' title='bbox 2537 2525 2611 2570; x_wconf 90' lang='lat' dir='ltr'><strong>eo</strong></span> 
     </span>
     <span class='ocr_line' id='line_1_22' title="bbox 269 2605 2611 2698; baseline 0.002 -28"><span class='ocrx_word' id='word_1_191' title='bbox 269 2605 364 2672; x_wconf 76' lang='lat' dir='ltr'><strong>telo</strong></span> <span class='ocrx_word' id='word_1_192' title='bbox 400 2607 588 2675; x_wconf 85' lang='lat' dir='ltr'><strong>libere</strong></span> <span class='ocrx_word' id='word_1_193' title='bbox 636 2612 739 2675; x_wconf 90' lang='lat' dir='ltr'><strong>uti</strong></span> <span class='ocrx_word' id='word_1_194' title='bbox 786 2631 911 2675; x_wconf 88' lang='lat' dir='ltr'><strong>non</strong></span> <span class='ocrx_word' id='word_1_195' title='bbox 957 2617 1307 2696; x_wconf 88' lang='lat' dir='ltr'><strong>potuerunt</strong></span> <span class='ocrx_word' id='word_1_196' title='bbox 1354 2631 1633 2698; x_wconf 82' lang='lat' dir='ltr'><strong>augures</strong></span> <span class='ocrx_word' id='word_1_197' title='bbox 1652 2660 1669 2690; x_wconf 87' lang='lat'><em>,</em></span> <span class='ocrx_word' id='word_1_198' title='bbox 1719 2613 1869 2697; x_wconf 90' lang='lat' dir='ltr'><strong>quia</strong></span> <span class='ocrx_word' id='word_1_199' title='bbox 1909 2611 2241 2698; x_wconf 89' lang='lat' dir='ltr'><strong>oportebat</strong></span> <span class='ocrx_word' id='word_1_200' title='bbox 2281 2631 2388 2677; x_wconf 91' lang='lat' dir='ltr'><strong>eos</strong></span> <span class='ocrx_word' id='word_1_201' title='bbox 2431 2612 2611 2696; x_wconf 89' lang='lat' dir='ltr'><strong>sequi</strong></span> 
     </span>
     <span class='ocr_line' id='line_1_23' title="bbox 268 2715 2612 2804; baseline 0.003 -31"><span class='ocrx_word' id='word_1_202' title='bbox 268 2715 556 2780; x_wconf 77' lang='lat' dir='ltr'><strong>veritatem</strong></span> <span class='ocrx_word' id='word_1_203' title='bbox 617 2718 1053 2801; x_wconf 86' lang='lat' dir='ltr'><strong>auspiciorum</strong></span> <span class='ocrx_word' id='word_1_204' title='bbox 1114 2738 1321 2802; x_wconf 89' lang='lat' dir='ltr'><strong>neque</strong></span> <span class='ocrx_word' id='word_1_205' title='bbox 1383 2716 1632 2783; x_wconf 89' lang='lat' dir='ltr'><strong>occulta</strong></span> <span class='ocrx_word' id='word_1_206' title='bbox 1695 2739 1953 2784; x_wconf 89' lang='lat' dir='ltr'><strong>manere</strong></span> <span class='ocrx_word' id='word_1_207' title='bbox 2016 2723 2268 2804; x_wconf 90' lang='lat' dir='ltr'><strong>poterat</strong></span> <span class='ocrx_word' id='word_1_208' title='bbox 2333 2718 2508 2783; x_wconf 86' lang='lat' dir='ltr'><strong>fraus</strong></span> <span class='ocrx_word' id='word_1_209' title='bbox 2556 2718 2612 2782; x_wconf 91' lang='lat' dir='ltr'><strong>si</strong></span> 
     </span>
     <span class='ocr_line' id='line_1_24' title="bbox 270 2819 2610 2911; baseline 0.003 -30"><span class='ocrx_word' id='word_1_210' title='bbox 270 2819 385 2900; x_wconf 83' lang='lat' dir='ltr'><strong>quid</strong></span> <span class='ocrx_word' id='word_1_211' title='bbox 422 2821 495 2885; x_wconf 88' lang='lat' dir='ltr'><strong>ab</strong></span> <span class='ocrx_word' id='word_1_212' title='bbox 543 2823 635 2886; x_wconf 91' lang='lat' dir='ltr'><strong>eis</strong></span> <span class='ocrx_word' id='word_1_213' title='bbox 681 2821 909 2886; x_wconf 89' lang='lat' dir='ltr'><strong>fictum</strong></span> <span class='ocrx_word' id='word_1_214' title='bbox 956 2829 1123 2888; x_wconf 90' lang='lat' dir='ltr'><strong>esset</strong></span> <span class='ocrx_word' id='word_1_215' title='bbox 1139 2844 1156 2901; x_wconf 89' lang='lat'>;</span> <span class='ocrx_word' id='word_1_216' title='bbox 1214 2823 1377 2888; x_wconf 88' lang='lat' dir='ltr'><strong>hanc</strong></span> <span class='ocrx_word' id='word_1_217' title='bbox 1425 2823 1764 2888; x_wconf 89' lang='lat' dir='ltr'><strong>infamiam</strong></span> <span class='ocrx_word' id='word_1_218' title='bbox 1808 2827 2017 2911; x_wconf 89' lang='lat' dir='ltr'><strong>igitur</strong></span> <span class='ocrx_word' id='word_1_219' title='bbox 2065 2845 2285 2890; x_wconf 91' lang='lat' dir='ltr'><strong>omnes</strong></span> <span class='ocrx_word' id='word_1_220' title='bbox 2333 2842 2610 2910; x_wconf 82' lang='lat' dir='ltr'><strong>augures</strong></span> 
     </span>
     <span class='ocr_line' id='line_1_25' title="bbox 268 2925 2610 3015; baseline 0.004 -30"><span class='ocrx_word' id='word_1_221' title='bbox 268 2925 621 2992; x_wconf 78' lang='lat' dir='ltr'><strong>evitaverunt</strong></span> <span class='ocrx_word' id='word_1_222' title='bbox 691 2934 945 3014; x_wconf 90' lang='lat' dir='ltr'><strong>praeter</strong></span> <span class='ocrx_word' id='word_1_223' title='bbox 1004 2948 1240 3014; x_wconf 90' lang='lat' dir='ltr'><strong>paucos</strong></span> <span class='ocrx_word' id='word_1_224' title='bbox 1300 2928 1444 2995; x_wconf 90' lang='lat' dir='ltr'><strong>illos</strong></span> <span class='ocrx_word' id='word_1_225' title='bbox 1509 2951 1665 3015; x_wconf 92' lang='lat' dir='ltr'><strong>quos</strong></span> <span class='ocrx_word' id='word_1_226' title='bbox 1715 2929 1870 2994; x_wconf 82' lang='lat' dir='ltr'><strong>dixi.</strong></span> <span class='ocrx_word' id='word_1_227' title='bbox 1935 2928 2145 3009; x_wconf 82' lang='lat' dir='ltr'><strong>Quam</strong></span> <span class='ocrx_word' id='word_1_228' title='bbox 2189 2927 2433 2994; x_wconf 76' lang='lat' dir='ltr'><strong>nullius</strong></span> <span class='ocrx_word' id='word_1_229' title='bbox 2482 2929 2610 2994; x_wconf 87' lang='lat' dir='ltr'><strong>fere</strong></span> 
     </span>
     <span class='ocr_line' id='line_1_26' title="bbox 268 3029 2608 3123; baseline 0.003 -31"><span class='ocrx_word' id='word_1_230' title='bbox 268 3029 517 3098; x_wconf 82' lang='lat' dir='ltr'><strong>utilitatis</strong></span> <span class='ocrx_word' id='word_1_231' title='bbox 579 3033 701 3100; x_wconf 87' lang='lat' dir='ltr'><strong>hoc</strong></span> <span class='ocrx_word' id='word_1_232' title='bbox 745 3037 851 3099; x_wconf 88' lang='lat' dir='ltr'><strong>ius</strong></span> <span class='ocrx_word' id='word_1_233' title='bbox 900 3055 1225 3122; x_wconf 90' lang='lat' dir='ltr'><strong>augurum</strong></span> <span class='ocrx_word' id='word_1_234' title='bbox 1270 3036 1465 3102; x_wconf 84' lang='lat' dir='ltr'><strong>fuerit</strong></span> <span class='ocrx_word' id='word_1_235' title='bbox 1512 3036 1592 3102; x_wconf 87' lang='lat' dir='ltr'><strong>ad</strong></span> <span class='ocrx_word' id='word_1_236' title='bbox 1640 3056 1740 3101; x_wconf 88' lang='lat' dir='ltr'><strong>res</strong></span> <span class='ocrx_word' id='word_1_237' title='bbox 1790 3058 1903 3123; x_wconf 89' lang='lat' dir='ltr'><strong>pro</strong></span> <span class='ocrx_word' id='word_1_238' title='bbox 1951 3036 2214 3102; x_wconf 90' lang='lat' dir='ltr'><strong>arbitrio</strong></span> <span class='ocrx_word' id='word_1_239' title='bbox 2261 3034 2572 3122; x_wconf 89' lang='lat' dir='ltr'><strong>gerendas</strong></span> <span class='ocrx_word' id='word_1_240' title='bbox 2591 3082 2608 3112; x_wconf 86' lang='lat'><em>,</em></span> 
     </span>
     <span class='ocr_line' id='line_1_27' title="bbox 267 3141 2613 3230; baseline 0.002 -29"><span class='ocrx_word' id='word_1_241' title='bbox 267 3155 319 3199; x_wconf 80' lang='lat' dir='ltr'><strong>eo</strong></span> <span class='ocrx_word' id='word_1_242' title='bbox 364 3143 636 3224; x_wconf 86' lang='lat' dir='ltr'><strong>tempore</strong></span> <span class='ocrx_word' id='word_1_243' title='bbox 698 3147 867 3206; x_wconf 89' lang='lat' dir='ltr'><strong>certe</strong></span> <span class='ocrx_word' id='word_1_244' title='bbox 930 3164 1055 3227; x_wconf 93' lang='lat' dir='ltr'><strong>quo</strong></span> <span class='ocrx_word' id='word_1_245' title='bbox 1104 3141 1317 3229; x_wconf 89' lang='lat' dir='ltr'><strong>palam</strong></span> <span class='ocrx_word' id='word_1_246' title='bbox 1362 3143 1676 3230; x_wconf 87' lang='lat' dir='ltr'><strong>religione</strong></span> <span class='ocrx_word' id='word_1_247' title='bbox 1726 3144 1907 3209; x_wconf 89' lang='lat' dir='ltr'><strong>abuti</strong></span> <span class='ocrx_word' id='word_1_248' title='bbox 1954 3145 2152 3208; x_wconf 88' lang='lat' dir='ltr'><strong>etiam</strong></span> <span class='ocrx_word' id='word_1_249' title='bbox 2202 3143 2471 3229; x_wconf 89' lang='lat' dir='ltr'><strong>puderet</strong></span> <span class='ocrx_word' id='word_1_250' title='bbox 2519 3161 2613 3207; x_wconf 83' lang='lat' dir='ltr'><strong>sa-</strong></span> 
     </span>
     <span class='ocr_line' id='line_1_28' title="bbox 266 3243 2611 3336; baseline 0.003 -29"><span class='ocrx_word' id='word_1_251' title='bbox 266 3243 501 3311; x_wconf 79' lang='lat' dir='ltr'><strong>cerdotes</strong></span> <span class='ocrx_word' id='word_1_252' title='bbox 518 3295 535 3325; x_wconf 86' lang='lat'><em>,</em></span> <span class='ocrx_word' id='word_1_253' title='bbox 584 3250 909 3332; x_wconf 87' lang='lat' dir='ltr'><strong>imprimis</strong></span> <span class='ocrx_word' id='word_1_254' title='bbox 958 3249 1237 3314; x_wconf 90' lang='lat' dir='ltr'><strong>ostendit</strong></span> <span class='ocrx_word' id='word_1_255' title='bbox 1284 3250 1660 3336; x_wconf 82' lang='lat' dir='ltr'><strong>exemplum</strong></span> <span class='ocrx_word' id='word_1_256' title='bbox 1710 3249 1781 3328; x_wconf 80' lang='lat' dir='ltr'><strong>Q.</strong></span> <span class='ocrx_word' id='word_1_257' title='bbox 1830 3248 2013 3315; x_wconf 82' lang='lat' dir='ltr'><strong>Fabii</strong></span> <span class='ocrx_word' id='word_1_258' title='bbox 2061 3249 2340 3314; x_wconf 84' lang='lat' dir='ltr'><strong>Maximi</strong></span> <span class='ocrx_word' id='word_1_259' title='bbox 2391 3270 2611 3314; x_wconf 89' lang='lat' dir='ltr'><strong>consu-</strong></span> 
     </span>
     <span class='ocr_line' id='line_1_29' title="bbox 266 3343 2608 3442; baseline 0.003 -30"><span class='ocrx_word' id='word_1_260' title='bbox 266 3343 323 3412; x_wconf 75' lang='lat' dir='ltr'><strong>lis</strong></span> <span class='ocrx_word' id='word_1_261' title='bbox 378 3371 429 3414; x_wconf 88' lang='lat' dir='ltr'><strong>a.</strong></span> <span class='ocrx_word' id='word_1_262' title='bbox 488 3351 641 3430; x_wconf 83' lang='lat'><strong>233,</strong></span> <span class='ocrx_word' id='word_1_263' title='bbox 717 3357 829 3439; x_wconf 90' lang='lat' dir='ltr'><strong>qui</strong></span> <span class='ocrx_word' id='word_1_264' title='bbox 848 3403 865 3432; x_wconf 83' lang='lat'><em>,</em></span> <span class='ocrx_word' id='word_1_265' title='bbox 936 3375 1085 3419; x_wconf 89' lang='lat' dir='ltr'><strong>cum</strong></span> <span class='ocrx_word' id='word_1_266' title='bbox 1148 3361 1483 3442; x_wconf 90' lang='lat' dir='ltr'><strong>tamquam</strong></span> <span class='ocrx_word' id='word_1_267' title='bbox 1548 3355 1771 3421; x_wconf 89' lang='lat' dir='ltr'><strong>consul</strong></span> <span class='ocrx_word' id='word_1_268' title='bbox 1837 3378 1964 3422; x_wconf 90' lang='lat' dir='ltr'><strong>non</strong></span> <span class='ocrx_word' id='word_1_269' title='bbox 2011 3362 2227 3442; x_wconf 90' lang='lat' dir='ltr'><strong>posset</strong></span> <span class='ocrx_word' id='word_1_270' title='bbox 2273 3355 2608 3442; x_wconf 88' lang='lat' dir='ltr'><strong>prohibere</strong></span> 
     </span>
     <span class='ocr_line' id='line_1_30' title="bbox 268 3451 2611 3548; baseline 0.003 -28"><span class='ocrx_word' id='word_1_271' title='bbox 268 3451 613 3523; x_wconf 76' lang='lat' dir='ltr'><strong>Flaminium</strong></span> <span class='ocrx_word' id='word_1_272' title='bbox 675 3458 889 3547; x_wconf 85' lang='lat' dir='ltr'><strong>legem</strong></span> <span class='ocrx_word' id='word_1_273' title='bbox 948 3463 1269 3548; x_wconf 81' lang='lat' dir='ltr'><strong>agrariam</strong></span> <span class='ocrx_word' id='word_1_274' title='bbox 1316 3461 1477 3527; x_wconf 90' lang='lat' dir='ltr'><strong>ferre</strong></span> <span class='ocrx_word' id='word_1_275' title='bbox 1494 3511 1511 3540; x_wconf 94' lang='lat'>‚</span> <span class='ocrx_word' id='word_1_276' title='bbox 1563 3484 1644 3527; x_wconf 89' lang='lat' dir='ltr'><strong>ne</strong></span> <span class='ocrx_word' id='word_1_277' title='bbox 1693 3469 1959 3528; x_wconf 91' lang='lat' dir='ltr'><strong>conatus</strong></span> <span class='ocrx_word' id='word_1_278' title='bbox 2007 3461 2270 3547; x_wconf 89' lang='lat' dir='ltr'><strong>quidem</strong></span> <span class='ocrx_word' id='word_1_279' title='bbox 2317 3464 2402 3527; x_wconf 90' lang='lat' dir='ltr'><strong>sit</strong></span> <span class='ocrx_word' id='word_1_280' title='bbox 2449 3467 2611 3526; x_wconf 91' lang='lat' dir='ltr'><strong>tam-</strong></span> 
     </span>
     <span class='ocr_line' id='line_1_31' title="bbox 268 3566 2606 3654; baseline 0.002 -28"><span class='ocrx_word' id='word_1_281' title='bbox 268 3579 420 3644; x_wconf 83' lang='lat' dir='ltr'><strong>quam</strong></span> <span class='ocrx_word' id='word_1_282' title='bbox 466 3585 677 3654; x_wconf 88' lang='lat' dir='ltr'><strong>augur</strong></span> <span class='ocrx_word' id='word_1_283' title='bbox 720 3566 1077 3632; x_wconf 89' lang='lat' dir='ltr'><strong>disturbare</strong></span> <span class='ocrx_word' id='word_1_284' title='bbox 1123 3567 1473 3633; x_wconf 88' lang='lat' dir='ltr'><strong>concilium</strong></span> <span class='ocrx_word' id='word_1_285' title='bbox 1493 3618 1510 3646; x_wconf 93' lang='lat'>‚</span> <span class='ocrx_word' id='word_1_286' title='bbox 1562 3568 1849 3634; x_wconf 88' lang='lat' dir='ltr'><strong>adhibita</strong></span> <span class='ocrx_word' id='word_1_287' title='bbox 1896 3567 2054 3633; x_wconf 75' lang='lat' dir='ltr'><strong>falsa</strong></span> <span class='ocrx_word' id='word_1_288' title='bbox 2099 3568 2606 3633; x_wconf 88' lang='lat' dir='ltr'><strong>obnuntiatione.</strong></span> 
     </span>
     <span class='ocr_line' id='line_1_32' title="bbox 268 3671 2608 3760; baseline 0.002 -26"><span class='ocrx_word' id='word_1_289' title='bbox 268 3703 331 3714; x_wconf 94' lang='lat'><strong>--</strong></span> <span class='ocrx_word' id='word_1_290' title='bbox 377 3671 823 3738; x_wconf 78' lang='lat' dir='ltr'><strong>Animadverto</strong></span> <span class='ocrx_word' id='word_1_291' title='bbox 885 3677 1119 3752; x_wconf 88' lang='lat' dir='ltr'><strong>etiam,</strong></span> <span class='ocrx_word' id='word_1_292' title='bbox 1181 3674 1249 3738; x_wconf 89' lang='lat' dir='ltr'><strong>id</strong></span> <span class='ocrx_word' id='word_1_293' title='bbox 1312 3674 1479 3760; x_wconf 92' lang='lat' dir='ltr'><strong>quod</strong></span> <span class='ocrx_word' id='word_1_294' title='bbox 1539 3682 1727 3740; x_wconf 88' lang='lat' dir='ltr'><strong>antea</strong></span> <span class='ocrx_word' id='word_1_295' title='bbox 1771 3673 2042 3754; x_wconf 88' lang='lat' dir='ltr'><strong>(Mnem.</strong></span> <span class='ocrx_word' id='word_1_296' title='bbox 2096 3671 2311 3738; x_wconf 88' lang='lat' dir='ltr'><strong>XVIII</strong></span> <span class='ocrx_word' id='word_1_297' title='bbox 2360 3696 2421 3760; x_wconf 91' lang='lat' dir='ltr'><strong>p.</strong></span> <span class='ocrx_word' id='word_1_298' title='bbox 2475 3673 2608 3738; x_wconf 86' lang='lat'><strong>454</strong></span> 
     </span>
     <span class='ocr_line' id='line_1_33' title="bbox 267 3771 2609 3882; baseline 0.003 -44"><span class='ocrx_word' id='word_1_299' title='bbox 267 3771 374 3839; x_wconf 76' lang='lat' dir='ltr'><strong>adn.</strong></span> <span class='ocrx_word' id='word_1_300' title='bbox 408 3777 473 3858; x_wconf 88' lang='grc'><strong>2)</strong></span> <span class='ocrx_word' id='word_1_301' title='bbox 512 3778 783 3845; x_wconf 73' lang='lat' dir='ltr'><strong>dixerim</strong></span> <span class='ocrx_word' id='word_1_302' title='bbox 802 3828 818 3857; x_wconf 94' lang='lat'>‚</span> <span class='ocrx_word' id='word_1_303' title='bbox 860 3800 1143 3867; x_wconf 88' lang='lat' dir='ltr'><strong>augures</strong></span> <span class='ocrx_word' id='word_1_304' title='bbox 1169 3803 1291 3864; x_wconf 82' lang='lat' dir='ltr'><strong>pro</strong></span> <span class='ocrx_word' id='word_1_305' title='bbox 1329 3804 1436 3845; x_wconf 74' lang='lat' dir='ltr'><strong>mo</strong></span> <span class='ocrx_word' id='word_1_306' title='bbox 1475 3781 1729 3844; x_wconf 74' lang='lat' dir='ltr'><strong>arbitrio</strong></span> <span class='ocrx_word' id='word_1_307' title='bbox 1756 3784 1826 3845; x_wconf 91' lang='lat' dir='ltr'><strong>in</strong></span> <span class='ocrx_word' id='word_1_308' title='bbox 1850 3783 2133 3866; x_wconf 89' lang='lat' dir='ltr'><strong>auspicio</strong></span> <span class='ocrx_word' id='word_1_309' title='bbox 2161 3801 2296 3847; x_wconf 81' lang='lat' dir='ltr'><strong>esso</strong></span> <span class='ocrx_word' id='word_1_310' title='bbox 2324 3784 2609 3882; x_wconf 53' lang='lat' dir='ltr'><strong>potuisse</strong></span> 
     </span>
     <span class='ocr_line' id='line_1_34' title="bbox 267 3886 2606 3973; baseline 0.003 -27"><span class='ocrx_word' id='word_1_311' title='bbox 267 3899 379 3946; x_wconf 78' lang='lat' dir='ltr'><strong>cum</strong></span> <span class='ocrx_word' id='word_1_312' title='bbox 417 3887 671 3951; x_wconf 83' lang='lat' dir='ltr'><strong>comitia</strong></span> <span class='ocrx_word' id='word_1_313' title='bbox 712 3886 1116 3965; x_wconf 85' lang='lat' dir='ltr'><strong>haberentur,</strong></span> <span class='ocrx_word' id='word_1_314' title='bbox 1163 3908 1425 3973; x_wconf 91' lang='lat' dir='ltr'><strong>prorsus</strong></span> <span class='ocrx_word' id='word_1_315' title='bbox 1469 3887 1831 3953; x_wconf 88' lang='lat' dir='ltr'><strong>confirmari</strong></span> <span class='ocrx_word' id='word_1_316' title='bbox 1847 3936 1864 3965; x_wconf 94' lang='lat'>‚</span> <span class='ocrx_word' id='word_1_317' title='bbox 1906 3907 1978 3952; x_wconf 89' lang='lat' dir='ltr'><strong>ac</strong></span> <span class='ocrx_word' id='word_1_318' title='bbox 2017 3890 2306 3973; x_wconf 89' lang='lat' dir='ltr'><strong>primum</strong></span> <span class='ocrx_word' id='word_1_319' title='bbox 2345 3887 2606 3973; x_wconf 88' lang='lat' dir='ltr'><strong>quidem</strong></span> 
     </span>
     <span class='ocr_line' id='line_1_35' title="bbox 267 3981 2612 4081; baseline 0.003 -28"><span class='ocrx_word' id='word_1_320' title='bbox 267 3981 373 4052; x_wconf 84' lang='lat' dir='ltr'><strong>loco</strong></span> <span class='ocrx_word' id='word_1_321' title='bbox 425 3991 537 4056; x_wconf 80' lang='lat' dir='ltr'><strong>sub</strong></span> <span class='ocrx_word' id='word_1_322' title='bbox 603 3989 675 4057; x_wconf 82' lang='lat'><strong>&#39;7⁰</strong></span> <span class='ocrx_word' id='word_1_323' title='bbox 722 3991 954 4070; x_wconf 81' lang='lat' dir='ltr'><strong>allat03</strong></span> <span class='ocrx_word' id='word_1_324' title='bbox 1017 3995 1334 4059; x_wconf 90' lang='lat' dir='ltr'><strong>Antonius</strong></span> <span class='ocrx_word' id='word_1_325' title='bbox 1352 4043 1368 4072; x_wconf 92' lang='lat'><strong><em>,</em></strong></span> <span class='ocrx_word' id='word_1_326' title='bbox 1416 3997 1531 4081; x_wconf 88' lang='lat' dir='ltr'><strong>qui</strong></span> <span class='ocrx_word' id='word_1_327' title='bbox 1574 3997 1708 4060; x_wconf 89' lang='lat' dir='ltr'><strong>iam</strong></span> <span class='ocrx_word' id='word_1_328' title='bbox 1755 3993 1964 4058; x_wconf 85' lang='lat' dir='ltr'><strong>multo</strong></span> <span class='ocrx_word' id='word_1_329' title='bbox 2011 3998 2157 4059; x_wconf 90' lang='lat' dir='ltr'><strong>ante</strong></span> <span class='ocrx_word' id='word_1_330' title='bbox 2205 4014 2356 4081; x_wconf 88' lang='lat' dir='ltr'><strong>prae</strong></span> <span class='ocrx_word' id='word_1_331' title='bbox 2405 4014 2470 4060; x_wconf 88' lang='lat' dir='ltr'><strong>se</strong></span> <span class='ocrx_word' id='word_1_332' title='bbox 2511 4000 2612 4060; x_wconf 91' lang='lat' dir='ltr'><strong>tu·</strong></span> 
     </span>
     <span class='ocr_line' id='line_1_36' title="bbox 266 4091 2609 4188; baseline 0.001 -26"><span class='ocrx_word' id='word_1_333' title='bbox 266 4091 377 4162; x_wconf 76' lang='lat' dir='ltr'><strong>lisse</strong></span> <span class='ocrx_word' id='word_1_334' title='bbox 418 4098 703 4178; x_wconf 85' lang='lat' dir='ltr'><strong>traditur,</strong></span> <span class='ocrx_word' id='word_1_335' title='bbox 753 4121 821 4166; x_wconf 90' lang='lat' dir='ltr'><strong>se</strong></span> <span class='ocrx_word' id='word_1_336' title='bbox 868 4099 1311 4166; x_wconf 89' lang='lat' dir='ltr'><strong>adhibiturum</strong></span> <span class='ocrx_word' id='word_1_337' title='bbox 1358 4121 1493 4166; x_wconf 91' lang='lat' dir='ltr'><strong>esse</strong></span> <span class='ocrx_word' id='word_1_338' title='bbox 1538 4105 1927 4188; x_wconf 89' lang='lat' dir='ltr'><strong>potestatem</strong></span> <span class='ocrx_word' id='word_1_339' title='bbox 1979 4100 2316 4166; x_wconf 87' lang='lat' dir='ltr'><strong>sacerdotii</strong></span> <span class='ocrx_word' id='word_1_340' title='bbox 2370 4103 2474 4167; x_wconf 90' lang='lat' dir='ltr'><strong>sui</strong></span> <span class='ocrx_word' id='word_1_341' title='bbox 2529 4100 2609 4166; x_wconf 91' lang='lat' dir='ltr'><strong>ad</strong></span> 
     </span>
    </p>
   </div>
   <div class='ocr_carea' id='block_1_3' title="bbox 274 4257 581 4270">
    <p class='ocr_par' dir='ltr' id='par_1_4' title="bbox 274 4257 581 4270">
     <span class='ocr_line' id='line_1_37' title="bbox 274 4257 581 4270; baseline 0 739"><span class='ocrx_word' id='word_1_342' title='bbox 274 4257 581 4270; x_wconf 95' lang='lat' dir='ltr'><strong> </strong></span> 
     </span>
    </p>
   </div>
   <div class='ocr_carea' id='block_1_4' title="bbox 268 4361 2608 4597">
    <p class='ocr_par' dir='ltr' id='par_1_5' title="bbox 268 4361 2608 4597">
     <span class='ocr_line' id='line_1_38' title="bbox 316 4361 2608 4434; baseline -0.003 -12"><span class='ocrx_word' id='word_1_343' title='bbox 316 4361 365 4430; x_wconf 84' lang='grc'><strong>1)</strong></span> <span class='ocrx_word' id='word_1_344' title='bbox 399 4365 551 4422; x_wconf 66' lang='grc' dir='ltr'><strong>ωσι</strong></span> <span class='ocrx_word' id='word_1_345' title='bbox 598 4367 703 4420; x_wconf 70' lang='lat' dir='ltr'><strong>eie.</strong></span> <span class='ocrx_word' id='word_1_346' title='bbox 750 4385 799 4434; x_wconf 77' lang='lat' dir='ltr'><strong>p.</strong></span> <span class='ocrx_word' id='word_1_347' title='bbox 833 4367 956 4420; x_wconf 69' lang='lat'><strong>³372</strong></span> <span class='ocrx_word' id='word_1_348' title='bbox 1014 4368 1115 4417; x_wconf 73' lang='lat' dir='ltr'><strong>niv.</strong></span> <span class='ocrx_word' id='word_1_349' title='bbox 1152 4369 1235 4417; x_wconf 84' lang='lat'><strong>40.</strong></span> <span class='ocrx_word' id='word_1_350' title='bbox 1258 4369 1351 4426; x_wconf 81' lang='lat'><strong>59;</strong></span> <span class='ocrx_word' id='word_1_351' title='bbox 1401 4367 1700 4426; x_wconf 80' lang='lat' dir='ltr'><strong>40.42.1o;</strong></span> <span class='ocrx_word' id='word_1_352' title='bbox 1756 4369 1888 4417; x_wconf 79' lang='lat' dir='ltr'><strong>Plut.</strong></span> <span class='ocrx_word' id='word_1_353' title='bbox 1925 4367 1978 4416; x_wconf 92' lang='lat' dir='ltr'><strong>c.</strong></span> <span class='ocrx_word' id='word_1_354' title='bbox 2017 4367 2102 4417; x_wconf 76' lang='lat' dir='ltr'><strong>or.</strong></span> <span class='ocrx_word' id='word_1_355' title='bbox 2143 4368 2233 4426; x_wconf 84' lang='lat'><strong>14;</strong></span> <span class='ocrx_word' id='word_1_356' title='bbox 2285 4369 2407 4433; x_wconf 78' lang='lat' dir='ltr'><strong>App.</strong></span> <span class='ocrx_word' id='word_1_357' title='bbox 2450 4369 2494 4417; x_wconf 92' lang='lat'><strong>1.</strong></span> <span class='ocrx_word' id='word_1_358' title='bbox 2516 4365 2608 4422; x_wconf 64' lang='grc' dir='ltr'><strong>’τες</strong></span> 
     </span>
     <span class='ocr_line' id='line_1_39' title="bbox 268 4441 1086 4517; baseline -0.004 -16"><span class='ocrx_word' id='word_1_359' title='bbox 268 4441 591 4517; x_wconf 57' lang='lat' dir='ltr'><strong>mutu,</strong></span> <span class='ocrx_word' id='word_1_360' title='bbox 618 4447 735 4502; x_wconf 65' lang='grc' dir='ltr'><strong>τι..</strong></span> <span class='ocrx_word' id='word_1_361' title='bbox 770 4449 902 4500; x_wconf 67' lang='lat' dir='ltr'><strong>nint.</strong></span> <span class='ocrx_word' id='word_1_362' title='bbox 942 4450 985 4500; x_wconf 91' lang='lat'><strong>1.</strong></span> <span class='ocrx_word' id='word_1_363' title='bbox 1008 4449 1086 4499; x_wconf 74' lang='grc' dir='ltr'><strong>ιε.</strong></span> 
     </span>
     <span class='ocr_line' id='line_1_40' title="bbox 2289 4546 2318 4597; baseline 0 0"><span class='ocrx_word' id='word_1_364' title='bbox 2289 4546 2318 4597; x_wconf 80' lang='grc'><strong>’1</strong></span> 
     </span>
    </p>
   </div>
  </div>
 </body>
</html>
