3192 5009
598 214 729 281 254
1402 236 1485 283 1111
1530 237 1682 285 man
1730 237 1850 285 01111
1859 238 2183 285 numm.

596 400 870 478 ducitur,
937 400 1108 466 haud
1170 399 1403 467 inutile
1464 402 1670 467 videri
1733 402 1896 468 solet
1959 410 2034 468 ut
2091 402 2360 469 lationes
2405 403 2630 491 legum
2675 426 2975 470 novarum

594 506 901 571 retardari
949 509 1195 592 possint
1242 510 1431 572 certis
1478 508 1995 593 impedimentis;
2044 515 2184 574 tam
2228 515 2494 596 gratum
2543 513 2604 575 ei
2651 517 2750 575 est
2799 532 2974 577 0111116

592 614 1129 699 impedimentum
1198 614 1368 699 quod
1435 615 1604 679 obici
1671 616 1875 699 possit
1944 617 2132 681 novis
2201 615 2458 701 legibus
2518 612 2812 682 molestis
2830 664 2847 694 ,
2909 622 2974 679 ut

590 719 774 785 facile
835 719 997 785 ferat
1060 723 1257 785 etiam
1317 719 1495 807 leges
1559 741 1793 806 paucas
1856 726 1920 786 et
1967 741 2200 807 parum
2246 725 2624 789 necessarias
2643 770 2674 815 ,U
2707 742 2974 807 quarum

585 829 727 911 ipsa
787 826 1051 891 fortasse
1114 846 1600 911 nonnumquam
1659 827 1978 914 indigebit
1997 876 2012 903 ,
2078 827 2381 892 obnoxias
2428 849 2563 893 esse
2609 827 2822 893 eidem
2867 830 2974 892 im-

586 931 953 1016 pedimento
972 981 989 1009 ,
1042 953 1192 998 cum
1238 934 1329 998 eis
1377 952 1587 997 carere
1629 954 1812 1017 posse
1856 933 2152 998 videatur
2188 934 2550 1019 respublica
2589 937 2726 999 sine
2750 955 2976 1021 magno

588 1037 840 1102 damno.
888 1036 1105 1101 Huius
1150 1041 1348 1123 partis
1397 1038 1678 1103 consiliis
1725 1041 1931 1125 igitur
1979 1043 2276 1104 convenit
2325 1048 2401 1104 ut
2447 1040 2712 1105 libertas
2756 1040 2978 1105 obnun-

589 1144 795 1209 tiandi
843 1165 993 1209 cum
1039 1144 1214 1232 leges
1261 1145 1544 1210 ferantur
1590 1148 1848 1231 integra
1895 1148 1980 1209 sit
1996 1194 2013 1222 ,
2056 1166 2209 1210 nam
2255 1148 2324 1209 in
2371 1145 2716 1212 lationibus
2764 1146 2978 1233 legum

591 1252 994 1317 obnuntiatio
1036 1253 1271 1317 directe
1307 1250 1373 1316 id
1412 1252 1604 1317 efficit
1647 1253 1815 1337 quod
1854 1258 2150 1337 optatum
2187 1259 2318 1331 est,
2363 1252 2501 1319 scil.
2531 1259 2606 1319 ut
2629 1252 2978 1339 respublica

592 1363 861 1444 cogatur
926 1364 1093 1423 stare
1161 1361 1303 1423 iure
1366 1360 1628 1443 antiquo
1693 1365 1891 1444 utque
1953 1378 2118 1423 nova
2177 1357 2284 1422 lex
2345 1359 2758 1445 impediatur,
2811 1366 2874 1425 et
2917 1362 2978 1422 in

592 1464 850 1529 iudiciis
914 1463 1137 1549 populi
1198 1464 1649 1541 eodemmodO,
1719 1470 1796 1528 ut
1843 1485 1989 1529 reus
2034 1463 2252 1529 salvus
2301 1467 2404 1528 sit.
2457 1462 2699 1531 Contra
2745 1468 2814 1529 in
2858 1486 2978 1529 ma-

592 1573 989 1657 gistratuum
1040 1571 1465 1635 creationibus
1512 1569 1781 1635 facultas
1828 1569 2247 1634 obnuntiandi
2293 1573 2650 1655 perniciosa
2688 1574 2748 1636 ei
2787 1570 2979 1634 videri

595 1676 799 1741 debet.
865 1674 1031 1740 Nam
1098 1679 1239 1761 quis
1304 1675 1553 1741 fructus
1615 1678 1966 1761 percipitur
2013 1697 2091 1741 ex
2139 1677 2566 1742 creationibus
2613 1672 2974 1762 impeditis?

598 1782 740 1849 Non
808 1783 913 1848 1116
984 1789 1152 1848 certe
1169 1832 1186 1862 ,
1256 1788 1332 1847 ut
1401 1789 1692 1848 arceatur
1761 1782 2134 1847 candidatus
2197 1782 2592 1849 adversariae
2658 1786 2858 1869 partis
2919 1788 2978 1847 et

596 1891 887 1974 superior
948 1887 1061 1967 fiat
1106 1887 1480 1954 candidatus
1528 1892 1634 1953 cui
1680 1889 1854 1953 favet
1897 1891 1956 1952 is
2001 1890 2115 1974 qui
2159 1888 2530 1965 obnuntiat;
2585 1889 2974 1953 obnuntiatio

598 2000 655 2061 si
726 1997 818 2061 ibi
892 1995 1232 2061 adhibetur
1292 1995 1458 2059 nihil
1520 1995 1715 2059 efficit
1775 2014 1970 2079 quam
2029 2000 2105 2058 ut
2151 1994 2547 2059 disturbetur
2593 1994 2943 2080 respublica
2961 2042 2974 2069 ,

478 2168 487 2175 ,
604 2108 807 2187 utque
868 2102 947 2166 ad
1005 2104 1295 2188 inopiam
1356 2101 1731 2187 redigantur
1793 2103 1852 2164 ei
1901 2102 2013 2185 qui
2059 2121 2133 2165 eo
2184 2105 2472 2186 tempore
2517 2100 2973 2186 rempublicam

596 2208 1047 2273 administrent
1062 2228 1079 2286 3
1130 2208 1300 2293 quod
1344 2210 1562 2292 ipsum
1608 2209 1890 2271 maxime
1938 2206 2315 2291 pestiferum
2364 2228 2500 2272 esse
2541 2206 2804 2273 videtur
2841 2208 2976 2271 huic

593 2317 782 2400 parti.
842 2314 965 2393 Qui
1016 2314 1449 2379 obnuntiando
1496 2310 1770 2397 impedit
1817 2313 2198 2388 creationes,
2250 2312 2490 2397 aliquid
2540 2313 2746 2378 facere
2793 2316 2852 2377 ei
2897 2313 2976 2375 vi-

596 2421 784 2485 detur
840 2420 1010 2505 quod
1028 2470 1043 2497 ,
1095 2423 1148 2485 si
1194 2423 1263 2484 in
1309 2440 1382 2484 eo
1431 2418 1696 2485 601181110
1745 2424 2204 2504 perseveretur,
2255 2418 2332 2483 ad
2380 2421 2802 2483 destruendam
2844 2440 2976 2481 rem

580 2527 893 2609 publicam
942 2525 1162 2591 tendat
1208 2547 1461 2591 necesse
1509 2529 1614 2589 sit.
1664 2524 1888 2609 Itaque
1936 2527 2048 2608 qui
2095 2545 2172 2589 ex
2221 2524 2503 2589 consiliis
2551 2526 2752 2591 huius
2791 2526 2976 2610 partis

590 2632 808 2719 1636111
872 2630 1095 2696 tulerit
1155 2632 1231 2696 (16
1296 2633 1597 2716 auspiciis
1663 2629 1857 2715 (quod
1919 2633 2202 2694 maxime
2264 2629 2432 2694 cadit
2477 2634 2546 2695 in
2593 2653 2706 2697 eos
2753 2634 2862 2717 (1111
2904 2651 2974 2694 ex

591 2741 781 2803 Auct.
844 2737 987 2802 Sen.
1054 2744 1119 2801 et
1183 2736 1535 2802 secundum
1580 2735 1988 2802 volunt-atem
2036 2739 2426 2820 optimatum
2472 2757 2616 2803 eam
2663 2759 2802 2804 rem
2849 2757 2974 2823 ges-

592 2850 839 2923 serunt)
890 2864 1040 2907 cum
1087 2845 1154 2906 in
1200 2841 1426 2928 legum
1472 2840 1820 2907 lationibus
1864 2839 2135 2906 liberam
2182 2862 2438 2907 manere
2484 2844 2707 2908 iubeat
2751 2844 2974 2909 obnun-

592 2953 933 3015 tiationem
955 2998 970 3026 ,
1034 2948 1208 3013 idem
1254 2946 1401 3034 1636
1450 2968 1565 3011 sua
1612 2968 1758 3013 eam
1805 2968 1842 3011 a
1887 2949 2311 3012 creationibus
2357 2956 2690 3015 removeat
2737 2968 2970 3015 necesse

592 3061 707 3122 est.
774 3055 955 3134 Quod
1029 3052 1247 3120 Cicero
1266 3103 1283 3131 ,
1357 3055 1568 3119 fautor
1641 3056 2032 3138 optimatum
2052 3102 2068 3131 ,
2142 3054 2331 3132 dicit,
2403 3056 2508 3119 ius
2568 3052 2972 3121 obnuntiandi

593 3162 819 3227 datum
864 3182 1001 3226 esse
1048 3161 1343 3225 omnibus
1387 3159 1878 3246 magistratibus
1898 3208 1915 3238 ,
1960 3166 2070 3237 „ut
2109 3160 2324 3223 multoe
2362 3160 2612 3225 inutiles
2651 3162 2973 3227 comitiatus

580 3267 925 3349 probabiles
991 3268 1353 3349 impedirent
1398 3289 1595 3329 morae
1615 3292 1632 3327 .·
1681 3288 1860 3347 saepe
1908 3264 2063 3328 enim
2099 3266 2328 3347 popubi
2373 3266 2652 3348 inqvebum
2699 3269 2973 3332 iniustum

594 3372 887 3455 auspiciis
924 3368 1275 3455 repressisse
1320 3374 1459 3436 deos
1506 3370 1912 3435 immortales'’
1967 3377 2167 3455 (supr.
2219 3392 2366 3458 pag.
2419 3368 2504 3437 87
2554 3372 2700 3437 adn.
2744 3373 2833 3453 2),
2879 3371 2970 3445 id,

592 3484 647 3546 si
686 3484 755 3545 in
790 3480 1018 3566 legum
1056 3479 1323 3544 lationes
1364 3477 1567 3554 cadit,
1611 3475 1809 3542 simul
1848 3476 2068 3541 cadere
2108 3498 2232 3541 non
2273 3484 2486 3562 potest
2522 3481 2589 3542 in
2613 3482 2971 3544 creationes.

594 3586 839 3652 Verum
892 3585 1093 3651 altera
1134 3605 1281 3669 pars
1300 3631 1315 3660 ,
1366 3605 1526 3669 quae
1576 3605 1794 3649 rerum
1842 3604 2158 3648 novarum
2203 3584 2417 3648 studio
2463 3590 2642 3649 mota
2687 3585 2974 3649 mutatio-

591 3713 701 3757 nes
760 3691 982 3755 inferri
1027 3693 1206 3775 cupit
1252 3691 1319 3753 in
1367 3696 1614 3753 statum
1659 3686 2044 3773 reipublicae
2063 3736 2080 3766 ,
2131 3710 2282 3753 611111
2331 3687 2707 3755 facultatem
2759 3690 2970 3774 legum

590 3788 996 3864 ferendarum
1044 3816 1237 3881 quam
1287 3799 1643 3861 maximam
1685 3816 1818 3860 esse
1868 3793 2059 3871 velit,
2109 3800 2174 3859 et
2214 3795 2294 3859 ob
2339 3816 2480 3859 eam
2521 3816 2780 3861 causam
2804 3798 2970 3859 vetet

589 3906 665 3970 de
728 3902 899 3969 caelo
966 3905 1205 3969 servari
1254 3904 1308 3967 si
1354 3901 1531 3987 leges
1579 3902 1884 3978 ferantur,
1935 3899 2072 3965 sola
2123 3922 2194 3966 eo
2241 3902 2542 3987 progredi
2590 3906 2855 3988 poterit,
2901 3904 2970 3963 ut

590 4014 657 4074 in
704 4009 1128 4074 creationibus
1182 4007 1256 4072 de
1305 4008 1476 4073 caelo
1516 4010 1756 4073 servari
1793 4010 2128 4092 permittat
2167 4012 2368 4091 utque
2405 4011 2499 4073 ita
2537 4011 2608 4073 in
2647 4009 2766 4073 hac
2804 4010 2969 4093 parte

592 4134 843 4199 quoque
892 4115 1444 4178 obnuntiationem
1480 4116 1939 4177 inservientem
1978 4112 2169 4177 faciat
2209 4112 2421 4178 studio
2461 4114 2738 4177 mutandi
2777 4116 2967 4179 status

592 4219 999 4304 reipublicae.
1064 4218 1288 4305 Itaque
1352 4226 1614 4306 apparet
1677 4240 1928 4285 necesse
1991 4240 2162 4297 esse,
2210 4226 2288 4284 ut
2333 4242 2552 4285 omnes
2596 4219 2774 4308 leges
2819 4237 2968 4305 quae

600 4327 675 4392 de
724 4325 1203 4389 obnuntiatione
1248 4325 1449 4390 factae
1498 4328 1628 4389 sint
1645 4374 1661 4403 ,
1719 4328 1775 4390 si
1823 4324 1900 4389 de
1943 4327 2083 4389 iure
2129 4324 2548 4390 obnuntiandi
2596 4329 2666 4390 in
2713 4332 2968 4408 utroque
