3192 5009
476 297 610 366 270
1024 343 1032 351 -
1244 318 1328 366 mi
1374 317 1689 367 nmsrm
1736 317 2055 366 nme-rom.

471 481 994 568 Expungendum
1037 484 1244 570 igitur
1291 483 1647 549 Schmidtio
1698 484 1972 561 videtur,
2018 503 2407 570 quamquam
2449 483 2527 548 de
2566 503 2639 548 eo
2678 501 2883 546 voca—

471 588 626 654 bulo
665 595 852 666 tacet,
894 591 956 654 δὲ
995 597 1141 674 post
1181 591 1305 655 ἐπί.
1351 589 1522 654 Mihi
1560 611 1713 656 vero
1750 589 1993 655 codices
2032 589 2373 655 Schmidtii
2412 588 2535 654 soli
2572 607 2879 674 peccasse

472 695 790 760 videntur.
881 693 1210 761 Omittunt
1295 699 1470 762 enim
1489 745 1506 774 ,
1578 697 1647 761 id
1720 698 1892 782 quod
1958 696 2167 762 multo
2237 701 2519 782 praestat
2537 743 2555 773 ,
2616 693 2879 759 codices

472 801 817 866 Lumbrosi
877 802 938 866 δὲ
1005 807 1152 867 ante
1214 803 1381 880 πρός.
1445 801 1691 882 Quibus
1738 803 2307 888 obtemperandum
2352 807 2451 868 est
2496 808 2564 866 et
2606 801 2877 865 restitu-

473 907 674 972 endus
735 906 918 972 locus
977 911 1046 972 in
1111 908 1274 974 hanc
1337 907 1646 974 formam:
1714 911 2157 986 »ἀσφάλειαν
2211 909 2309 972 ἐπὶ
2360 908 2423 974 δὲ
2468 914 2587 970 τῶν
2634 912 2869 983 γωνιῶν

473 1015 598 1097 [αἱ]
666 1014 1073 1086 κατακλεῒδες
1147 1015 1572 1094 συνέσφιγγον
1637 1014 1779 1093 πρὸς
1846 1015 1956 1089 τὴν
2020 1015 2348 1096 συνοχήν”.
2416 1013 2587 1078 Tum
2647 1011 2869 1077 verbis

476 1120 589 1199 „bx
633 1123 925 1196 πλαγίων
976 1121 1084 1184 δὲ”
1131 1141 1298 1186 nova
1345 1120 1686 1206 descriptio
1734 1122 1983 1206 incipit.

562 1225 778 1290 Huius
817 1227 1258 1312 descriptionis
1282 1230 1491 1311 prima
1513 1227 1707 1292 verba
1728 1247 1923 1312 parvo
1945 1230 2107 1292 vitio
2132 1227 2467 1293 obscurata
2488 1231 2673 1292 sunt:
2703 1227 2869 1301 ,,Ἐκ

475 1333 766 1409 πλαγίων
809 1332 870 1396 δὲ
911 1334 1079 1397 κατά
1121 1335 1230 1406 τὴν
1273 1334 1588 1412 στεφάνην
1634 1335 1921 1396 κυκλόθεν
1964 1333 2047 1397 τά
2090 1333 2229 1410 πρὸς
2276 1337 2387 1404 τὴν
2426 1332 2545 1394 ἅνω
2574 1333 2866 1411 πρόςοψιν

473 1439 723 1522 ᾧοθεσία
750 1441 1216 1504 κατεσκεύαστο
1242 1439 1526 1516 διάλιθος,
1555 1439 1897 1503 ἐκτύπωσιν
1925 1438 2161 1519 ἔχουσα
2204 1465 2249 1503 π
2268 1464 2297 1515 ρ
2320 1463 2347 1502 ο
2367 1465 2395 1511 ς
2416 1462 2443 1501 0
2458 1463 2511 1519 χ
2532 1449 2609 1511 ἧς
2655 1460 2693 1499 σ
2712 1461 2745 1499 υ
2765 1461 2792 1498 ν
2810 1459 2877 1498 o·

471 1545 710 1625 χέσιν
758 1547 1172 1626 άναγλυφαῒς
1213 1544 1570 1626 ῥάβδων-αῖς
1591 1595 1610 1623 ,
1653 1549 1880 1618 πυκνὴν
1922 1547 2213 1626 ἐχούσαις
2255 1547 2362 1618 τὴν
2405 1548 2550 1625 πρὸς
2598 1543 2863 1616 ἄλληλα

475 1650 633 1716 θέσιν
671 1653 802 1730 περὶ
845 1647 987 1723 ὅλην
1028 1653 1136 1727 τὴν
1173 1651 1554 1732 τράπεζαν”.
1605 1650 1771 1731 Quid
1795 1649 2101 1737 Iosephus
2125 1651 2403 1717 hocloco
2426 1651 2679 1737 legerit,
2705 1647 2873 1713 diffi-

474 1757 597 1823 cile
633 1759 756 1822 erit
801 1757 1149 1822 diiudicare
1167 1807 1183 1834 ‚
1233 1779 1369 1823 rem
1416 1761 1589 1822 enim
1636 1780 1762 1823 non
1815 1761 1971 1822 satis
2008 1757 2268 1843 planam
2308 1760 2445 1822 suis
2484 1757 2693 1829 verbis
2732 1754 2877 1818 red-

478 1863 624 1930 dere
664 1863 901 1928 maluit
939 1884 1090 1928 cum
1131 1867 1386 1950 scripsit
1428 1867 1551 1942 „vd
1593 1865 1657 1928 δὲ
1698 1865 1763 1927 ἐκ
1804 1869 2082 1940 πλαγίου
2124 1871 2232 1938 τῆς
2276 1864 2593 1939 στεφάνης
2622 1862 2724 1925 καὶ
2756 1859 2868 1923 ὑπ’

477 1972 614 2048 ὄψιν
665 1970 1064 2034 άνατείνοντα
1115 1973 1234 2035 ὠῶν
1283 1971 1436 2035 θέσει
1488 1970 2082 2046 κατακεκόσμηται,
2134 1969 2381 2048 ῥάβδοις
2428 1973 2539 2042 τὴν
2587 1970 2877 2043 άναγλυ-

479 2077 604 2154 Φὶιν
651 2077 923 2141 ἐοικότων
972 2084 1268 2154 πυκναῖς,
1327 2071 1396 2142 αἳ
1443 2077 1573 2155 περὶ
1630 2077 1727 2139 τὸν
1778 2076 1999 2139 κύκλον
2050 2086 2158 2148 τῆς
2208 2074 2514 2157 τραπέζης
2564 2073 2877 2146 εἷληντο”.

476 2183 699 2268 Neque
758 2185 970 2268 magis
1038 2179 1370 2248 Garbitius
1425 2204 1564 2248 rem
1609 2185 1954 2268 perspexit.
2004 2183 2321 2266 Apertum
2368 2201 2521 2246 vero
2568 2187 2665 2245 est
2684 2229 2700 2258 ‚
2748 2182 2881 2244 etsi

481 2291 764 2355 Aristeas
839 2289 1034 2353 verbo
1107 2291 1319 2353 utitur
1385 2292 1603 2353 minus
1675 2291 1949 2366 usitato,
2036 2309 2179 2352 eam
2250 2286 2532 2368 ᾧοθεσίαν
2605 2287 2879 2351 διάλιθον

479 2395 879 2482 astragalum
953 2395 1231 2460 indicare
1295 2398 1490 2460 variis
1547 2393 1867 2480 lapidibus
1928 2401 2326 2459 exornatum.
2402 2393 2641 2458 Verum
2710 2413 2881 2478 quae

479 2508 836 2588 sequuntur
883 2521 1013 2566 non
1068 2500 1336 2586 expedio
1356 2551 1372 2578 ‚
1421 2503 1478 2564 si
1524 2501 1784 2587 quidem
1831 2507 1945 2566 aut
1989 2500 2281 2565 codicum
2326 2500 2517 2565 lectio
2566 2505 2875 2578 προςοχῆς

481 2609 800 2690 συνεχέσιν
861 2607 1132 2673 tenenda
1177 2614 1273 2672 est
1291 2657 1308 2684 ,
1361 2614 1472 2672 aut
1517 2606 1861 2673 Schmidtii
1909 2610 2271 2672 coniectura
2316 2607 2673 2692 recipienda
2691 2654 2709 2684 ,
2758 2609 2881 2691 qui

479 2715 846 2781 dubitanter
899 2716 1234 2800 proposuit
1300 2721 1562 2795 συνοχῆς
1616 2713 1994 2794 προςεχέσιν.
2045 2713 2213 2799 quod
2259 2734 2364 2778 me
2411 2713 2613 2777 nihilo
2659 2715 2879 2798 magis

479 2820 855 2908 intellegere
894 2820 1113 2885 fateor.
1157 2819 1396 2884 Verum
1433 2818 1665 2884 leviter
1704 2821 1857 2884 haec
1896 2820 2089 2884 verba
2124 2801 2421 2904 corrupta
2459 2840 2595 2884 esse
2619 2825 2685 2884 et
2706 2817 2885 2883 codi-

482 2948 584 2993 ces
620 2926 934 3001 indicant‚
978 2945 1253 3010 quorum
1292 2924 1458 2989 alius
1484 2925 1662 2990 aliud
1685 2926 1962 3010 praebet.
2012 2925 2343 3010 Exponere
2369 2925 2612 3002 voluit,
2638 2924 2881 3009 siquid

481 3032 669 3097 video
689 3081 704 3110 ‚
745 3033 1028 3096 Aristeas
1066 3037 1474 3116 ectypomata
1513 3030 1659 3108 ina,
1705 3053 1825 3096 ova
1866 3035 1999 3096 sive
2039 3032 2289 3108 baccas,
2326 3041 2632 3118 perpetuo
2656 3031 2885 3096 ordine

482 3137 890 3225 virgularum
949 3139 1116 3204 inter
1176 3158 1243 3202 se
1306 3140 1643 3202 coniuncta
1702 3138 1926 3216 tuisse;
1978 3141 2195 3224 itaque
2242 3140 2481 3203 conicio
2524 3136 2879 3224 legendum

485 3266 622 3313 esse
667 3243 1010 3310 ἔκτύπωσιν
1057 3243 1294 3324 ἔχουσα
1344 3255 1704 3327 προςεχῦ,
1754 3247 2191 3324 συνεχέσιν
2239 3245 2817 3322 άναγλυφαῒς.

576 3374 640 3437 p.
692 3350 799 3416 26.
827 3349 936 3416 23.
1001 3350 1426 3416 κατεσκεύασε
1492 3351 1542 3415 δ’
1594 3351 1909 3426 ε’κΦύοντα
1963 3350 2164 3414 κισσὸν
2214 3351 2455 3428 άκάνθῳ
2502 3352 2884 3424 πλεκόμενον

489 3459 557 3523 ἐκ
614 3462 722 3522 τοῦ
784 3457 950 3521 λίθου
1014 3457 1123 3520 σὺν
1189 3457 1455 3536 άμπέλφ
1519 3455 2003 3535 περιειλούμενον
2068 3457 2357 3521 κυκλόθεν
2420 3459 2503 3538 τῷ
2568 3457 2704 3520 ποδὶ
2770 3455 2883 3518 σὺν

491 3573 615 3637 τοῖς
663 3563 970 3644 βότρυσιν,
1021 3559 1076 3628 οἳ
1122 3565 1457 3640 λιθουργεῖς
1507 3557 1665 3635 ἦσαν
1712 3563 1902 3645 μέχρι
1952 3571 2061 3635 τῆς
2113 3569 2423 3640 κεφαλῆς.

581 3667 751 3737 Cum
787 3669 1072 3755 plerique
1112 3668 1356 3734 codices
1396 3668 1740 3734 exhibeant
1766 3669 2229 3733 κατεσκεύασεν
2254 3669 2339 3746 δὲ,
2368 3673 2635 3753 scriptor
2658 3674 2883 3734 autem

491 3799 742 3862 semper
779 3776 1052 3842 artifices
1091 3775 1326 3861 plurali
1369 3796 1638 3840 numero
1676 3775 1951 3854 indicat,
1978 3777 2132 3842 haec
2156 3779 2251 3840 ita
2274 3775 2645 3861 corrigenda
2667 3776 2886 3840 viden-

489 3889 628 3949 tur:
668 3885 1274 3961 ,,κατεσκεύασαν
1311 3883 1363 3945 δ’
1390 3881 1721 3969 (intellege
1750 3882 1887 3950 τοὺς
1916 3883 2136 3962 πόδας)
2176 3884 2632 3961 ἐκφύοντες
2678 3885 2885 3946 κισσὸν

491 3989 730 4066 άκάνθῳ
755 3989 1131 4064 πλεκόμενον
1158 3989 1228 4052 ἐκ
1253 3993 1360 4051 τοῦ
1387 3989 1551 4051 λίθου
1578 3990 1687 4053 σὺν
1725 3989 1995 4068 άμπέλῳ
2039 3987 2627 4068 περιειλουμένῳ
2669 3989 2889 4052 κυκλό-

493 4097 590 4161 θεν
630 4099 714 4175 τῷ
757 4095 890 4159 ποδὶ
919 4095 1028 4158 σὺν
1053 4102 1176 4163 τοῖς
1202 4093 1510 4172 βότρυσιν,
1537 4086 1590 4157 οἳ
1614 4097 1947 4172 λιθουργεῖς
1974 4090 2149 4172 ἦσαν,
2177 4096 2363 4174 μέχρι
2392 4102 2501 4166 τῆς
2527 4093 2887 4170 κεφαλῆς”.

583 4225 646 4288 p.
697 4198 804 4268 27.
839 4199 942 4266 15.
993 4200 1299 4287 Sequitur
1345 4207 1662 4265 craterum
1712 4199 2086 4285 descriptio:
2134 4207 2292 4277 ,,τῶν
2332 4201 2391 4263 δὲ
2436 4201 2741 4279 κρατήρων
2780 4200 2889 4264 δύο

493 4309 606 4385 μὲν
668 4305 820 4383 ἦσαν
885 4313 930 4387 (.
960 4355 974 4371 .
1007 4315 1049 4386 .)
1114 4309 1220 4380 τὴν
1269 4307 1685 4382 κατασκευὴν,
1735 4306 2079 4384 Φολιδωτῆν
2128 4307 2377 4387 ἔχοντες
2430 4307 2557 4372 άπὸ
2605 4313 2715 4379 τῆς
2762 4304 2891 4382 βά-

494 4441 642 4486 σεως
690 4416 877 4494 μέχρι
925 4417 1033 4478 τοῦ
1081 4413 1269 4488 μέσου
1317 4413 1426 4485 τὴν
1479 4414 1799 4487 διασκευὴν
1850 4423 1923 4493 τῇ
1974 4415 2211 4496 τορείᾳ,
2253 4413 2356 4477 καὶ
2400 4413 2509 4486 τὴν
2550 4417 2664 4475 τῶν
2705 4413 2887 4478 λίθων
