<?xml version="1.0" encoding="UTF-8"?>
<!DOCTYPE html PUBLIC "-//W3C//DTD XHTML 1.0 Transitional//EN"
    "http://www.w3.org/TR/xhtml1/DTD/xhtml1-transitional.dtd">
<html xmlns="http://www.w3.org/1999/xhtml" xml:lang="en" lang="en">
 <head>
  <title>
</title>
<meta http-equiv="Content-Type" content="text/html;charset=utf-8" />
  <meta name='ocr-system' content='tesseract 3.04.00' />
  <meta name='ocr-capabilities' content='ocr_page ocr_carea ocr_par ocr_line ocrx_word'/>
</head>
<body>
  <div class='ocr_page' id='page_1' title='image "./mnemosyne07servgoog_0439.png"; bbox 0 0 3192 5009; ppageno 0'>
   <div class='ocr_carea' id='block_1_1' title="bbox 934 227 2675 314">
    <p class='ocr_par' dir='ltr' id='par_1_1' title="bbox 934 227 2675 314">
     <span class='ocr_line' id='line_1_1' title="bbox 934 227 2675 314; baseline -0.007 -10"><span class='ocrx_word' id='word_1_1' title='bbox 934 257 1021 304; x_wconf 78' lang='lat' dir='ltr'><strong>nn</strong></span> <span class='ocrx_word' id='word_1_2' title='bbox 1063 254 1684 314; x_wconf 61' lang='lat' dir='ltr'><strong>masma-remus</strong></span> <span class='ocrx_word' id='word_1_3' title='bbox 1729 252 2032 302; x_wconf 72' lang='lat' dir='ltr'><strong>somus.</strong></span> <span class='ocrx_word' id='word_1_4' title='bbox 2547 227 2675 294; x_wconf 83' lang='lat'><strong>431</strong></span> 
     </span>
    </p>
   </div>
   <div class='ocr_carea' id='block_1_2' title="bbox 292 383 2758 3660">
    <p class='ocr_par' dir='ltr' id='par_1_2' title="bbox 292 383 2758 3660">
     <span class='ocr_line' id='line_1_2' title="bbox 298 383 2682 478; baseline -0.003 -24"><span class='ocrx_word' id='word_1_5' title='bbox 298 408 370 454; x_wconf 87' lang='lat' dir='ltr'><strong>ea</strong></span> <span class='ocrx_word' id='word_1_6' title='bbox 429 409 497 454; x_wconf 87' lang='lat' dir='ltr'><strong>re</strong></span> <span class='ocrx_word' id='word_1_7' title='bbox 558 411 709 456; x_wconf 89' lang='lat' dir='ltr'><strong>cum</strong></span> <span class='ocrx_word' id='word_1_8' title='bbox 767 389 951 478; x_wconf 90' lang='lat' dir='ltr'><strong>plebe</strong></span> <span class='ocrx_word' id='word_1_9' title='bbox 996 391 1218 477; x_wconf 81' lang='lat' dir='ltr'><strong>agenti</strong></span> <span class='ocrx_word' id='word_1_10' title='bbox 1234 439 1253 468; x_wconf 88' lang='lat'><strong><em>,</em></strong></span> <span class='ocrx_word' id='word_1_11' title='bbox 1302 389 1668 476; x_wconf 80' lang='lat' dir='ltr'><strong>frequenter</strong></span> <span class='ocrx_word' id='word_1_12' title='bbox 1710 391 2134 454; x_wconf 77' lang='lat' dir='ltr'><strong>intercessum</strong></span> <span class='ocrx_word' id='word_1_13' title='bbox 2179 391 2277 452; x_wconf 85' lang='lat' dir='ltr'><strong>est</strong></span> <span class='ocrx_word' id='word_1_14' title='bbox 2305 383 2391 468; x_wconf 88' lang='lat'><strong>¹);</strong></span> <span class='ocrx_word' id='word_1_15' title='bbox 2463 388 2682 448; x_wconf 87' lang='lat' dir='ltr'><strong>tamen</strong></span> 
     </span>
     <span class='ocr_line' id='line_1_3' title="bbox 300 487 2676 584; baseline -0.003 -25"><span class='ocrx_word' id='word_1_16' title='bbox 300 494 709 582; x_wconf 78' lang='lat' dir='ltr'><strong>plebiscitum</strong></span> <span class='ocrx_word' id='word_1_17' title='bbox 754 495 1215 584; x_wconf 73' lang='lat' dir='ltr'><strong>qualecumque</strong></span> <span class='ocrx_word' id='word_1_18' title='bbox 1232 545 1249 575; x_wconf 85' lang='lat'><strong>,</strong></span> <span class='ocrx_word' id='word_1_19' title='bbox 1297 501 1363 562; x_wconf 90' lang='lat' dir='ltr'><strong>et</strong></span> <span class='ocrx_word' id='word_1_20' title='bbox 1408 495 1744 562; x_wconf 88' lang='lat' dir='ltr'><strong>detestatio</strong></span> <span class='ocrx_word' id='word_1_21' title='bbox 1791 516 2116 562; x_wconf 82' lang='lat' dir='ltr'><strong>sacrorum</strong></span> <span class='ocrx_word' id='word_1_22' title='bbox 2163 494 2317 560; x_wconf 84' lang='lat' dir='ltr'><strong>novi</strong></span> <span class='ocrx_word' id='word_1_23' title='bbox 2359 487 2640 575; x_wconf 85' lang='lat' dir='ltr'><strong>exempli</strong></span> <span class='ocrx_word' id='word_1_24' title='bbox 2659 536 2676 566; x_wconf 85' lang='lat'><strong>,</strong></span> 
     </span>
     <span class='ocr_line' id='line_1_4' title="bbox 300 592 2680 687; baseline -0.003 -19"><span class='ocrx_word' id='word_1_25' title='bbox 300 601 575 687; x_wconf 85' lang='lat' dir='ltr'><strong>perfecta</strong></span> <span class='ocrx_word' id='word_1_26' title='bbox 620 623 755 668; x_wconf 88' lang='lat' dir='ltr'><strong>esse</strong></span> <span class='ocrx_word' id='word_1_27' title='bbox 800 603 1131 682; x_wconf 60' lang='lat' dir='ltr'><strong>videntum</strong></span> <span class='ocrx_word' id='word_1_28' title='bbox 1183 601 1293 668; x_wconf 89' lang='lat' dir='ltr'><strong>sed</strong></span> <span class='ocrx_word' id='word_1_29' title='bbox 1338 601 1563 668; x_wconf 88' lang='lat' dir='ltr'><strong>deinde</strong></span> <span class='ocrx_word' id='word_1_30' title='bbox 1609 622 1759 667; x_wconf 90' lang='lat' dir='ltr'><strong>cum</strong></span> <span class='ocrx_word' id='word_1_31' title='bbox 1801 603 2205 667; x_wconf 87' lang='lat' dir='ltr'><strong>tribunatum</strong></span> <span class='ocrx_word' id='word_1_32' title='bbox 2251 601 2496 685; x_wconf 89' lang='lat' dir='ltr'><strong>peteret</strong></span> <span class='ocrx_word' id='word_1_33' title='bbox 2541 592 2680 662; x_wconf 88' lang='lat' dir='ltr'><strong>Clo-</strong></span> 
     </span>
     <span class='ocr_line' id='line_1_5' title="bbox 300 705 2681 791; baseline -0.003 -19"><span class='ocrx_word' id='word_1_34' title='bbox 300 706 445 773; x_wconf 82' lang='lat' dir='ltr'><strong>dius</strong></span> <span class='ocrx_word' id='word_1_35' title='bbox 461 756 478 785; x_wconf 89' lang='lat'><em>,</em></span> <span class='ocrx_word' id='word_1_36' title='bbox 551 709 770 775; x_wconf 88' lang='lat' dir='ltr'><strong>consul</strong></span> <span class='ocrx_word' id='word_1_37' title='bbox 846 710 917 791; x_wconf 83' lang='lat' dir='ltr'><strong>Q.</strong></span> <span class='ocrx_word' id='word_1_38' title='bbox 985 707 1289 776; x_wconf 76' lang='lat' dir='ltr'><strong>Metellus</strong></span> <span class='ocrx_word' id='word_1_39' title='bbox 1351 705 1535 776; x_wconf 83' lang='lat' dir='ltr'><strong>Celer</strong></span> <span class='ocrx_word' id='word_1_40' title='bbox 1611 711 1748 776; x_wconf 88' lang='lat' dir='ltr'><strong>eius</strong></span> <span class='ocrx_word' id='word_1_41' title='bbox 1809 711 2123 775; x_wconf 81' lang='lat' dir='ltr'><strong>rationem</strong></span> <span class='ocrx_word' id='word_1_42' title='bbox 2180 708 2400 773; x_wconf 88' lang='lat' dir='ltr'><strong>haberi</strong></span> <span class='ocrx_word' id='word_1_43' title='bbox 2460 723 2681 789; x_wconf 88' lang='lat' dir='ltr'><strong>passus</strong></span> 
     </span>
     <span class='ocr_line' id='line_1_6' title="bbox 298 811 2680 903; baseline -0.002 -26"><span class='ocrx_word' id='word_1_44' title='bbox 298 833 429 878; x_wconf 92' lang='lat' dir='ltr'><strong>non</strong></span> <span class='ocrx_word' id='word_1_45' title='bbox 491 820 587 880; x_wconf 85' lang='lat' dir='ltr'><strong>est</strong></span> <span class='ocrx_word' id='word_1_46' title='bbox 603 864 622 893; x_wconf 89' lang='lat'><em>,</em></span> <span class='ocrx_word' id='word_1_47' title='bbox 682 816 852 902; x_wconf 92' lang='lat' dir='ltr'><strong>quod</strong></span> <span class='ocrx_word' id='word_1_48' title='bbox 895 818 1203 903; x_wconf 86' lang='lat' dir='ltr'><strong>patricius</strong></span> <span class='ocrx_word' id='word_1_49' title='bbox 1251 821 1417 881; x_wconf 89' lang='lat' dir='ltr'><strong>esset</strong></span> <span class='ocrx_word' id='word_1_50' title='bbox 1458 836 1664 901; x_wconf 91' lang='lat' dir='ltr'><strong>neque</strong></span> <span class='ocrx_word' id='word_1_51' title='bbox 1711 817 1833 880; x_wconf 90' lang='lat' dir='ltr'><strong>rite</strong></span> <span class='ocrx_word' id='word_1_52' title='bbox 1880 820 2046 881; x_wconf 88' lang='lat' dir='ltr'><strong>esset</strong></span> <span class='ocrx_word' id='word_1_53' title='bbox 2089 833 2264 880; x_wconf 82' lang='lat' dir='ltr'><strong>sacra</strong></span> <span class='ocrx_word' id='word_1_54' title='bbox 2309 811 2680 878; x_wconf 80' lang='lat' dir='ltr'><strong>detestatus.</strong></span> 
     </span>
     <span class='ocr_line' id='line_1_7' title="bbox 300 917 2684 1002; baseline -0.002 -18"><span class='ocrx_word' id='word_1_55' title='bbox 300 918 445 986; x_wconf 87' lang='lat' dir='ltr'><strong>Hoc</strong></span> <span class='ocrx_word' id='word_1_56' title='bbox 506 920 705 986; x_wconf 89' lang='lat' dir='ltr'><strong>tradit</strong></span> <span class='ocrx_word' id='word_1_57' title='bbox 761 921 883 988; x_wconf 90' lang='lat' dir='ltr'><strong>Dio</strong></span> <span class='ocrx_word' id='word_1_58' title='bbox 907 920 983 1002; x_wconf 75' lang='lat'><strong>²).</strong></span> <span class='ocrx_word' id='word_1_59' title='bbox 1046 921 1353 988; x_wconf 81' lang='lat' dir='ltr'><strong>Proximo</strong></span> <span class='ocrx_word' id='word_1_60' title='bbox 1400 942 1562 987; x_wconf 87' lang='lat' dir='ltr'><strong>anno</strong></span> <span class='ocrx_word' id='word_1_61' title='bbox 1611 942 1798 999; x_wconf 77' lang='lat' dir='ltr'><strong>vero,</strong></span> <span class='ocrx_word' id='word_1_62' title='bbox 1847 942 1903 986; x_wconf 89' lang='lat' dir='ltr'><strong>a.</strong></span> <span class='ocrx_word' id='word_1_63' title='bbox 1956 917 2063 1001; x_wconf 85' lang='lat'><strong>59,</strong></span> <span class='ocrx_word' id='word_1_64' title='bbox 2113 918 2378 987; x_wconf 80' lang='lat' dir='ltr'><strong>Caesare</strong></span> <span class='ocrx_word' id='word_1_65' title='bbox 2423 917 2684 983; x_wconf 88' lang='lat' dir='ltr'><strong>comitia</strong></span> 
     </span>
     <span class='ocr_line' id='line_1_8' title="bbox 300 1025 2684 1114; baseline -0.003 -22"><span class='ocrx_word' id='word_1_66' title='bbox 300 1028 549 1092; x_wconf 84' lang='lat' dir='ltr'><strong>curiata</strong></span> <span class='ocrx_word' id='word_1_67' title='bbox 594 1027 931 1112; x_wconf 77' lang='lat' dir='ltr'><strong>praebente</strong></span> <span class='ocrx_word' id='word_1_68' title='bbox 950 1077 967 1106; x_wconf 89' lang='lat'><strong><em>,</em></strong></span> <span class='ocrx_word' id='word_1_69' title='bbox 1020 1025 1283 1096; x_wconf 83' lang='lat' dir='ltr'><strong>Clodius</strong></span> <span class='ocrx_word' id='word_1_70' title='bbox 1322 1047 1360 1093; x_wconf 89' lang='lat' dir='ltr'><strong>a</strong></span> <span class='ocrx_word' id='word_1_71' title='bbox 1396 1027 1662 1094; x_wconf 77' lang='lat' dir='ltr'><strong>Fonteio</strong></span> <span class='ocrx_word' id='word_1_72' title='bbox 1701 1031 2036 1114; x_wconf 79' lang='lat' dir='ltr'><strong>arrogatas</strong></span> <span class='ocrx_word' id='word_1_73' title='bbox 2076 1026 2156 1092; x_wconf 84' lang='lat' dir='ltr'><strong>ad</strong></span> <span class='ocrx_word' id='word_1_74' title='bbox 2195 1025 2446 1112; x_wconf 89' lang='lat' dir='ltr'><strong>plebem</strong></span> <span class='ocrx_word' id='word_1_75' title='bbox 2484 1029 2684 1088; x_wconf 85' lang='lat' dir='ltr'><strong>trans-</strong></span> 
     </span>
     <span class='ocr_line' id='line_1_9' title="bbox 297 1129 2684 1213; baseline -0.001 -17"><span class='ocrx_word' id='word_1_76' title='bbox 297 1134 397 1197; x_wconf 92' lang='lat' dir='ltr'><strong>iit.</strong></span> <span class='ocrx_word' id='word_1_77' title='bbox 462 1132 712 1199; x_wconf 88' lang='lat' dir='ltr'><strong>Mirum</strong></span> <span class='ocrx_word' id='word_1_78' title='bbox 774 1155 902 1200; x_wconf 90' lang='lat' dir='ltr'><strong>non</strong></span> <span class='ocrx_word' id='word_1_79' title='bbox 964 1141 1095 1213; x_wconf 89' lang='lat' dir='ltr'><strong>est,</strong></span> <span class='ocrx_word' id='word_1_80' title='bbox 1159 1139 1305 1200; x_wconf 88' lang='lat' dir='ltr'><strong>tum</strong></span> <span class='ocrx_word' id='word_1_81' title='bbox 1366 1135 1445 1200; x_wconf 84' lang='lat' dir='ltr'><strong>ab</strong></span> <span class='ocrx_word' id='word_1_82' title='bbox 1508 1155 1581 1200; x_wconf 92' lang='lat' dir='ltr'><strong>eo</strong></span> <span class='ocrx_word' id='word_1_83' title='bbox 1644 1156 1773 1199; x_wconf 93' lang='lat' dir='ltr'><strong>non</strong></span> <span class='ocrx_word' id='word_1_84' title='bbox 1833 1156 1966 1200; x_wconf 86' lang='lat' dir='ltr'><strong>esse</strong></span> <span class='ocrx_word' id='word_1_85' title='bbox 2011 1133 2370 1200; x_wconf 80' lang='lat' dir='ltr'><strong>adhibitam</strong></span> <span class='ocrx_word' id='word_1_86' title='bbox 2413 1129 2684 1196; x_wconf 86' lang='lat' dir='ltr'><strong>alteram</strong></span> 
     </span>
     <span class='ocr_line' id='line_1_10' title="bbox 298 1238 2686 1327; baseline -0.002 -23"><span class='ocrx_word' id='word_1_87' title='bbox 298 1240 616 1305; x_wconf 89' lang='lat' dir='ltr'><strong>rationem</strong></span> <span class='ocrx_word' id='word_1_88' title='bbox 660 1240 1027 1306; x_wconf 87' lang='lat' dir='ltr'><strong>transeundi</strong></span> <span class='ocrx_word' id='word_1_89' title='bbox 1074 1261 1235 1327; x_wconf 85' lang='lat' dir='ltr'><strong>quae</strong></span> <span class='ocrx_word' id='word_1_90' title='bbox 1281 1238 1425 1326; x_wconf 84' lang='lat' dir='ltr'><strong>lege</strong></span> <span class='ocrx_word' id='word_1_91' title='bbox 1465 1242 1710 1306; x_wconf 88' lang='lat' dir='ltr'><strong>curiata</strong></span> <span class='ocrx_word' id='word_1_92' title='bbox 1747 1243 2026 1306; x_wconf 88' lang='lat' dir='ltr'><strong>comitiis</strong></span> <span class='ocrx_word' id='word_1_93' title='bbox 2064 1241 2324 1305; x_wconf 88' lang='lat' dir='ltr'><strong>curiatis</strong></span> <span class='ocrx_word' id='word_1_94' title='bbox 2361 1239 2495 1302; x_wconf 89' lang='lat' dir='ltr'><strong>sine</strong></span> <span class='ocrx_word' id='word_1_95' title='bbox 2521 1257 2686 1301; x_wconf 84' lang='lat' dir='ltr'><strong>arro-</strong></span> 
     </span>
     <span class='ocr_line' id='line_1_11' title="bbox 298 1343 2684 1434; baseline -0.002 -24"><span class='ocrx_word' id='word_1_96' title='bbox 298 1347 559 1432; x_wconf 82' lang='lat' dir='ltr'><strong>gatione</strong></span> <span class='ocrx_word' id='word_1_97' title='bbox 604 1344 829 1425; x_wconf 85' lang='lat' dir='ltr'><strong>fiebat;</strong></span> <span class='ocrx_word' id='word_1_98' title='bbox 878 1366 1031 1412; x_wconf 87' lang='lat' dir='ltr'><strong>nam</strong></span> <span class='ocrx_word' id='word_1_99' title='bbox 1066 1348 1205 1432; x_wconf 90' lang='lat' dir='ltr'><strong>ipse</strong></span> <span class='ocrx_word' id='word_1_100' title='bbox 1246 1367 1313 1412; x_wconf 85' lang='lat' dir='ltr'><strong>se</strong></span> <span class='ocrx_word' id='word_1_101' title='bbox 1350 1349 1483 1412; x_wconf 90' lang='lat' dir='ltr'><strong>iam</strong></span> <span class='ocrx_word' id='word_1_102' title='bbox 1520 1349 1846 1434; x_wconf 86' lang='lat' dir='ltr'><strong>superiore</strong></span> <span class='ocrx_word' id='word_1_103' title='bbox 1885 1367 2046 1412; x_wconf 90' lang='lat' dir='ltr'><strong>anno</strong></span> <span class='ocrx_word' id='word_1_104' title='bbox 2081 1365 2258 1412; x_wconf 88' lang='lat' dir='ltr'><strong>sacra</strong></span> <span class='ocrx_word' id='word_1_105' title='bbox 2292 1343 2684 1409; x_wconf 85' lang='lat' dir='ltr'><strong>detestatum</strong></span> 
     </span>
     <span class='ocr_line' id='line_1_12' title="bbox 299 1451 2684 1540; baseline -0.001 -24"><span class='ocrx_word' id='word_1_106' title='bbox 299 1471 437 1516; x_wconf 89' lang='lat' dir='ltr'><strong>esse</strong></span> <span class='ocrx_word' id='word_1_107' title='bbox 483 1451 729 1518; x_wconf 76' lang='lat' dir='ltr'><strong>dixerat</strong></span> <span class='ocrx_word' id='word_1_108' title='bbox 772 1455 842 1518; x_wconf 91' lang='lat' dir='ltr'><strong>in</strong></span> <span class='ocrx_word' id='word_1_109' title='bbox 886 1452 1149 1519; x_wconf 88' lang='lat' dir='ltr'><strong>concilio</strong></span> <span class='ocrx_word' id='word_1_110' title='bbox 1197 1453 1435 1540; x_wconf 89' lang='lat' dir='ltr'><strong>plebis;</strong></span> <span class='ocrx_word' id='word_1_111' title='bbox 1486 1453 1655 1540; x_wconf 87' lang='lat' dir='ltr'><strong>quod</strong></span> <span class='ocrx_word' id='word_1_112' title='bbox 1701 1456 1757 1518; x_wconf 91' lang='lat' dir='ltr'><strong>si</strong></span> <span class='ocrx_word' id='word_1_113' title='bbox 1803 1475 1971 1520; x_wconf 90' lang='lat' dir='ltr'><strong>nunc</strong></span> <span class='ocrx_word' id='word_1_114' title='bbox 2015 1455 2255 1520; x_wconf 82' lang='lat' dir='ltr'><strong>iterum</strong></span> <span class='ocrx_word' id='word_1_115' title='bbox 2301 1451 2501 1516; x_wconf 85' lang='lat' dir='ltr'><strong>facere</strong></span> <span class='ocrx_word' id='word_1_116' title='bbox 2548 1469 2684 1514; x_wconf 87' lang='lat' dir='ltr'><strong>coe-</strong></span> 
     </span>
     <span class='ocr_line' id='line_1_13' title="bbox 292 1555 2680 1643; baseline -0.001 -22"><span class='ocrx_word' id='word_1_117' title='bbox 292 1559 495 1643; x_wconf 90' lang='lat' dir='ltr'><strong>pisset</strong></span> <span class='ocrx_word' id='word_1_118' title='bbox 554 1561 835 1624; x_wconf 89' lang='lat' dir='ltr'><strong>comitiis</strong></span> <span class='ocrx_word' id='word_1_119' title='bbox 896 1558 1117 1626; x_wconf 83' lang='lat' dir='ltr'><strong>calatis</strong></span> <span class='ocrx_word' id='word_1_120' title='bbox 1136 1608 1153 1638; x_wconf 84' lang='lat'><strong><em>,</em></strong></span> <span class='ocrx_word' id='word_1_121' title='bbox 1219 1560 1541 1626; x_wconf 83' lang='lat' dir='ltr'><strong>confessus</strong></span> <span class='ocrx_word' id='word_1_122' title='bbox 1605 1567 1772 1626; x_wconf 87' lang='lat' dir='ltr'><strong>esset</strong></span> <span class='ocrx_word' id='word_1_123' title='bbox 1833 1582 1900 1626; x_wconf 90' lang='lat' dir='ltr'><strong>se</strong></span> <span class='ocrx_word' id='word_1_124' title='bbox 1947 1564 2092 1624; x_wconf 90' lang='lat' dir='ltr'><strong>tum</strong></span> <span class='ocrx_word' id='word_1_125' title='bbox 2139 1557 2418 1624; x_wconf 87' lang='lat' dir='ltr'><strong>stultum</strong></span> <span class='ocrx_word' id='word_1_126' title='bbox 2465 1555 2680 1620; x_wconf 85' lang='lat' dir='ltr'><strong>fuisse.</strong></span> 
     </span>
     <span class='ocr_line' id='line_1_14' title="bbox 292 1662 2686 1744; baseline -0.001 -16"><span class='ocrx_word' id='word_1_127' title='bbox 292 1662 472 1729; x_wconf 84' lang='lat' dir='ltr'><strong>Haec</strong></span> <span class='ocrx_word' id='word_1_128' title='bbox 534 1685 685 1729; x_wconf 90' lang='lat' dir='ltr'><strong>cum</strong></span> <span class='ocrx_word' id='word_1_129' title='bbox 744 1667 838 1730; x_wconf 91' lang='lat' dir='ltr'><strong>ita</strong></span> <span class='ocrx_word' id='word_1_130' title='bbox 898 1687 963 1732; x_wconf 92' lang='lat' dir='ltr'><strong>se</strong></span> <span class='ocrx_word' id='word_1_131' title='bbox 1010 1667 1284 1732; x_wconf 89' lang='lat' dir='ltr'><strong>habeant</strong></span> <span class='ocrx_word' id='word_1_132' title='bbox 1298 1715 1315 1744; x_wconf 91' lang='lat'><em>,</em></span> <span class='ocrx_word' id='word_1_133' title='bbox 1360 1672 1529 1732; x_wconf 90' lang='lat' dir='ltr'><strong>recte</strong></span> <span class='ocrx_word' id='word_1_134' title='bbox 1574 1665 1941 1732; x_wconf 90' lang='lat' dir='ltr'><strong>Mommsen</strong></span> <span class='ocrx_word' id='word_1_135' title='bbox 1987 1665 2153 1732; x_wconf 89' lang='lat' dir='ltr'><strong>mihi</strong></span> <span class='ocrx_word' id='word_1_136' title='bbox 2197 1663 2456 1729; x_wconf 83' lang='lat' dir='ltr'><strong>videtur</strong></span> <span class='ocrx_word' id='word_1_137' title='bbox 2501 1666 2686 1726; x_wconf 89' lang='lat' dir='ltr'><strong>antea</strong></span> 
     </span>
     <span class='ocr_line' id='line_1_15' title="bbox 292 1766 2686 1860; baseline -0.001 -26"><span class='ocrx_word' id='word_1_138' title='bbox 292 1770 608 1835; x_wconf 84' lang='lat' dir='ltr'><strong>iudicasse</strong></span> <span class='ocrx_word' id='word_1_139' title='bbox 652 1770 729 1835; x_wconf 87' lang='lat' dir='ltr'><strong>de</strong></span> <span class='ocrx_word' id='word_1_140' title='bbox 774 1773 1149 1838; x_wconf 86' lang='lat' dir='ltr'><strong>transitione</strong></span> <span class='ocrx_word' id='word_1_141' title='bbox 1193 1771 1307 1837; x_wconf 85' lang='lat' dir='ltr'><strong>illa</strong></span> <span class='ocrx_word' id='word_1_142' title='bbox 1354 1792 1514 1858; x_wconf 85' lang='lat' dir='ltr'><strong>quae</strong></span> <span class='ocrx_word' id='word_1_143' title='bbox 1560 1774 1699 1838; x_wconf 87' lang='lat' dir='ltr'><strong>sine</strong></span> <span class='ocrx_word' id='word_1_144' title='bbox 1739 1775 2141 1860; x_wconf 81' lang='lat' dir='ltr'><strong>arrogatione</strong></span> <span class='ocrx_word' id='word_1_145' title='bbox 2179 1770 2372 1836; x_wconf 82' lang='lat' dir='ltr'><strong>fiebat</strong></span> <span class='ocrx_word' id='word_1_146' title='bbox 2399 1767 2448 1850; x_wconf 87' lang='lat'><strong>³)</strong></span> <span class='ocrx_word' id='word_1_147' title='bbox 2460 1788 2476 1846; x_wconf 90' lang='lat'>;</span> <span class='ocrx_word' id='word_1_148' title='bbox 2517 1766 2686 1853; x_wconf 88' lang='lat' dir='ltr'><strong>quod</strong></span> 
     </span>
     <span class='ocr_line' id='line_1_16' title="bbox 294 1875 2689 1964; baseline -0.002 -22"><span class='ocrx_word' id='word_1_149' title='bbox 294 1897 501 1964; x_wconf 89' lang='lat' dir='ltr'><strong>nuper</strong></span> <span class='ocrx_word' id='word_1_150' title='bbox 546 1879 863 1942; x_wconf 87' lang='lat' dir='ltr'><strong>sententia</strong></span> <span class='ocrx_word' id='word_1_151' title='bbox 910 1884 1161 1944; x_wconf 86' lang='lat' dir='ltr'><strong>mutata</strong></span> <span class='ocrx_word' id='word_1_152' title='bbox 1210 1880 1479 1946; x_wconf 89' lang='lat' dir='ltr'><strong>coniecit</strong></span> <span class='ocrx_word' id='word_1_153' title='bbox 1524 1878 1700 1944; x_wconf 89' lang='lat' dir='ltr'><strong>idem</strong></span> <span class='ocrx_word' id='word_1_154' title='bbox 1743 1881 1845 1944; x_wconf 86' lang='lat' dir='ltr'><strong>vir</strong></span> <span class='ocrx_word' id='word_1_155' title='bbox 1891 1879 2114 1945; x_wconf 91' lang='lat' dir='ltr'><strong>doctus</strong></span> <span class='ocrx_word' id='word_1_156' title='bbox 2138 1882 2212 1958; x_wconf 81' lang='lat'><strong>⁴),</strong></span> <span class='ocrx_word' id='word_1_157' title='bbox 2263 1877 2425 1941; x_wconf 87' lang='lat' dir='ltr'><strong>hanc</strong></span> <span class='ocrx_word' id='word_1_158' title='bbox 2462 1875 2689 1939; x_wconf 86' lang='lat' dir='ltr'><strong>transi-</strong></span> 
     </span>
     <span class='ocr_line' id='line_1_17' title="bbox 300 1980 2686 2070; baseline -0.001 -24"><span class='ocrx_word' id='word_1_159' title='bbox 300 1984 546 2047; x_wconf 89' lang='lat' dir='ltr'><strong>tionem</strong></span> <span class='ocrx_word' id='word_1_160' title='bbox 612 1982 692 2047; x_wconf 84' lang='lat' dir='ltr'><strong>ad</strong></span> <span class='ocrx_word' id='word_1_161' title='bbox 758 1982 1013 2068; x_wconf 90' lang='lat' dir='ltr'><strong>plebem</strong></span> <span class='ocrx_word' id='word_1_162' title='bbox 1074 1987 1211 2049; x_wconf 90' lang='lat' dir='ltr'><strong>sine</strong></span> <span class='ocrx_word' id='word_1_163' title='bbox 1272 1987 1676 2070; x_wconf 83' lang='lat' dir='ltr'><strong>arrogatione</strong></span> <span class='ocrx_word' id='word_1_164' title='bbox 1695 2033 1712 2062; x_wconf 89' lang='lat'><strong><em>,</em></strong></span> <span class='ocrx_word' id='word_1_165' title='bbox 1779 2005 1974 2070; x_wconf 86' lang='lat' dir='ltr'><strong>quam</strong></span> <span class='ocrx_word' id='word_1_166' title='bbox 2034 2004 2160 2049; x_wconf 89' lang='lat' dir='ltr'><strong>non</strong></span> <span class='ocrx_word' id='word_1_167' title='bbox 2218 1985 2358 2048; x_wconf 89' lang='lat' dir='ltr'><strong>iure</strong></span> <span class='ocrx_word' id='word_1_168' title='bbox 2407 1980 2517 2046; x_wconf 87' lang='lat' dir='ltr'><strong>sed</strong></span> <span class='ocrx_word' id='word_1_169' title='bbox 2561 2000 2686 2045; x_wconf 89' lang='lat' dir='ltr'><strong>usu</strong></span> 
     </span>
     <span class='ocr_line' id='line_1_18' title="bbox 296 2086 2691 2175; baseline -0.001 -23"><span class='ocrx_word' id='word_1_170' title='bbox 296 2093 558 2154; x_wconf 88' lang='lat' dir='ltr'><strong>tantum</strong></span> <span class='ocrx_word' id='word_1_171' title='bbox 617 2087 895 2156; x_wconf 81' lang='lat' dir='ltr'><strong>valuisse</strong></span> <span class='ocrx_word' id='word_1_172' title='bbox 958 2096 1168 2156; x_wconf 87' lang='lat' dir='ltr'><strong>censet</strong></span> <span class='ocrx_word' id='word_1_173' title='bbox 1186 2139 1201 2166; x_wconf 93' lang='lat'><em>,</em></span> <span class='ocrx_word' id='word_1_174' title='bbox 1264 2093 1334 2155; x_wconf 91' lang='lat' dir='ltr'><strong>in</strong></span> <span class='ocrx_word' id='word_1_175' title='bbox 1380 2089 1648 2156; x_wconf 86' lang='lat' dir='ltr'><strong>concilio</strong></span> <span class='ocrx_word' id='word_1_176' title='bbox 1698 2088 1900 2175; x_wconf 88' lang='lat' dir='ltr'><strong>plebis</strong></span> <span class='ocrx_word' id='word_1_177' title='bbox 1947 2095 2201 2155; x_wconf 90' lang='lat' dir='ltr'><strong>tantum</strong></span> <span class='ocrx_word' id='word_1_178' title='bbox 2246 2095 2360 2174; x_wconf 87' lang='lat' dir='ltr'><strong>per</strong></span> <span class='ocrx_word' id='word_1_179' title='bbox 2404 2086 2691 2173; x_wconf 88' lang='lat' dir='ltr'><strong>plebisci-</strong></span> 
     </span>
     <span class='ocr_line' id='line_1_19' title="bbox 294 2193 2689 2283; baseline -0.001 -25"><span class='ocrx_word' id='word_1_180' title='bbox 294 2197 445 2258; x_wconf 93' lang='lat' dir='ltr'><strong>tum</strong></span> <span class='ocrx_word' id='word_1_181' title='bbox 490 2193 629 2259; x_wconf 89' lang='lat' dir='ltr'><strong>fieri</strong></span> <span class='ocrx_word' id='word_1_182' title='bbox 675 2197 959 2280; x_wconf 88' lang='lat' dir='ltr'><strong>potuisse</strong></span> <span class='ocrx_word' id='word_1_183' title='bbox 977 2245 995 2274; x_wconf 86' lang='lat'>‚</span> <span class='ocrx_word' id='word_1_184' title='bbox 1044 2217 1311 2282; x_wconf 92' lang='lat' dir='ltr'><strong>eamque</strong></span> <span class='ocrx_word' id='word_1_185' title='bbox 1350 2196 1572 2262; x_wconf 87' lang='lat' dir='ltr'><strong>sedulo</strong></span> <span class='ocrx_word' id='word_1_186' title='bbox 1614 2195 2134 2283; x_wconf 80' lang='lat' dir='ltr'><strong>distinguendam</strong></span> <span class='ocrx_word' id='word_1_187' title='bbox 2172 2215 2308 2261; x_wconf 90' lang='lat' dir='ltr'><strong>esse</strong></span> <span class='ocrx_word' id='word_1_188' title='bbox 2345 2215 2384 2258; x_wconf 86' lang='lat' dir='ltr'><strong>a</strong></span> <span class='ocrx_word' id='word_1_189' title='bbox 2422 2193 2689 2258; x_wconf 82' lang='lat' dir='ltr'><strong>detesta—</strong></span> 
     </span>
     <span class='ocr_line' id='line_1_20' title="bbox 297 2300 2688 2389; baseline -0 -25"><span class='ocrx_word' id='word_1_190' title='bbox 297 2302 469 2366; x_wconf 90' lang='lat' dir='ltr'><strong>tione</strong></span> <span class='ocrx_word' id='word_1_191' title='bbox 531 2321 857 2366; x_wconf 87' lang='lat' dir='ltr'><strong>sacrorum</strong></span> <span class='ocrx_word' id='word_1_192' title='bbox 919 2301 1141 2368; x_wconf 82' lang='lat' dir='ltr'><strong>celatis</strong></span> <span class='ocrx_word' id='word_1_193' title='bbox 1203 2305 1481 2368; x_wconf 87' lang='lat' dir='ltr'><strong>comitiis</strong></span> <span class='ocrx_word' id='word_1_194' title='bbox 1540 2324 1736 2389; x_wconf 90' lang='lat' dir='ltr'><strong>quam</strong></span> <span class='ocrx_word' id='word_1_195' title='bbox 1799 2300 2051 2369; x_wconf 83' lang='lat' dir='ltr'><strong>Gellius</strong></span> <span class='ocrx_word' id='word_1_196' title='bbox 2100 2302 2291 2379; x_wconf 88' lang='lat' dir='ltr'><strong>dicit,</strong></span> <span class='ocrx_word' id='word_1_197' title='bbox 2341 2320 2502 2387; x_wconf 85' lang='lat' dir='ltr'><strong>quae</strong></span> <span class='ocrx_word' id='word_1_198' title='bbox 2551 2303 2688 2364; x_wconf 90' lang='lat' dir='ltr'><strong>tota</strong></span> 
     </span>
     <span class='ocr_line' id='line_1_21' title="bbox 296 2405 2686 2494; baseline -0.001 -22"><span class='ocrx_word' id='word_1_199' title='bbox 296 2405 379 2472; x_wconf 84' lang='lat' dir='ltr'><strong>ad</strong></span> <span class='ocrx_word' id='word_1_200' title='bbox 440 2409 909 2494; x_wconf 78' lang='lat' dir='ltr'><strong>arrogationem</strong></span> <span class='ocrx_word' id='word_1_201' title='bbox 968 2411 1318 2494; x_wconf 86' lang='lat' dir='ltr'><strong>pertineat,</strong></span> <span class='ocrx_word' id='word_1_202' title='bbox 1366 2409 1437 2474; x_wconf 84' lang='lat' dir='ltr'><strong>id·</strong></span> <span class='ocrx_word' id='word_1_203' title='bbox 1482 2410 1649 2474; x_wconf 89' lang='lat' dir='ltr'><strong>mihi</strong></span> <span class='ocrx_word' id='word_1_204' title='bbox 1693 2409 1949 2475; x_wconf 84' lang='lat' dir='ltr'><strong>videtur</strong></span> <span class='ocrx_word' id='word_1_205' title='bbox 1996 2429 2122 2474; x_wconf 90' lang='lat' dir='ltr'><strong>non</strong></span> <span class='ocrx_word' id='word_1_206' title='bbox 2171 2406 2382 2474; x_wconf 90' lang='lat' dir='ltr'><strong>solum</strong></span> <span class='ocrx_word' id='word_1_207' title='bbox 2425 2427 2686 2493; x_wconf 87' lang='lat' dir='ltr'><strong>prorsus</strong></span> 
     </span>
     <span class='ocr_line' id='line_1_22' title="bbox 295 2511 2688 2601; baseline 0 -26"><span class='ocrx_word' id='word_1_208' title='bbox 295 2511 562 2576; x_wconf 84' lang='lat' dir='ltr'><strong>refutari</strong></span> <span class='ocrx_word' id='word_1_209' title='bbox 609 2516 986 2579; x_wconf 87' lang='lat' dir='ltr'><strong>auctoritate</strong></span> <span class='ocrx_word' id='word_1_210' title='bbox 1031 2512 1255 2580; x_wconf 89' lang='lat' dir='ltr'><strong>Dionis</strong></span> <span class='ocrx_word' id='word_1_211' title='bbox 1301 2519 1474 2601; x_wconf 82' lang='lat' dir='ltr'><strong>(pag.</strong></span> <span class='ocrx_word' id='word_1_212' title='bbox 1527 2513 1660 2580; x_wconf 87' lang='lat'><strong>430</strong></span> <span class='ocrx_word' id='word_1_213' title='bbox 1710 2514 1852 2580; x_wconf 86' lang='lat' dir='ltr'><strong>adn.</strong></span> <span class='ocrx_word' id='word_1_214' title='bbox 1903 2513 1972 2596; x_wconf 86' lang='lat'><strong>4)</strong></span> <span class='ocrx_word' id='word_1_215' title='bbox 2021 2521 2086 2582; x_wconf 91' lang='lat' dir='ltr'><strong>et</strong></span> <span class='ocrx_word' id='word_1_216' title='bbox 2127 2513 2200 2595; x_wconf 85' lang='lat' dir='ltr'><strong>Q.</strong></span> <span class='ocrx_word' id='word_1_217' title='bbox 2249 2511 2503 2580; x_wconf 89' lang='lat' dir='ltr'><strong>Metelli</strong></span> <span class='ocrx_word' id='word_1_218' title='bbox 2547 2533 2688 2577; x_wconf 90' lang='lat' dir='ltr'><strong>con-</strong></span> 
     </span>
     <span class='ocr_line' id='line_1_23' title="bbox 297 2616 2685 2698; baseline -0 -16"><span class='ocrx_word' id='word_1_219' title='bbox 297 2616 459 2682; x_wconf 90' lang='lat' dir='ltr'><strong>sulis</strong></span> <span class='ocrx_word' id='word_1_220' title='bbox 520 2621 653 2698; x_wconf 89' lang='lat' dir='ltr'><strong>(cui</strong></span> <span class='ocrx_word' id='word_1_221' title='bbox 697 2622 895 2685; x_wconf 85' lang='lat' dir='ltr'><strong>etiam</strong></span> <span class='ocrx_word' id='word_1_222' title='bbox 942 2641 1093 2686; x_wconf 88' lang='lat' dir='ltr'><strong>cum</strong></span> <span class='ocrx_word' id='word_1_223' title='bbox 1137 2617 1439 2688; x_wconf 81' lang='lat' dir='ltr'><strong>Clodium</strong></span> <span class='ocrx_word' id='word_1_224' title='bbox 1482 2641 1523 2685; x_wconf 93' lang='lat' dir='ltr'><strong>a</strong></span> <span class='ocrx_word' id='word_1_225' title='bbox 1570 2621 1904 2686; x_wconf 86' lang='lat' dir='ltr'><strong>tribunatu</strong></span> <span class='ocrx_word' id='word_1_226' title='bbox 1953 2619 2224 2687; x_wconf 89' lang='lat' dir='ltr'><strong>deiceret</strong></span> <span class='ocrx_word' id='word_1_227' title='bbox 2269 2618 2530 2684; x_wconf 81' lang='lat' dir='ltr'><strong>nullum</strong></span> <span class='ocrx_word' id='word_1_228' title='bbox 2577 2619 2685 2682; x_wconf 91' lang='lat' dir='ltr'><strong>tri-</strong></span> 
     </span>
     <span class='ocr_line' id='line_1_24' title="bbox 296 2724 2686 2813; baseline -0 -23"><span class='ocrx_word' id='word_1_229' title='bbox 296 2725 549 2790; x_wconf 90' lang='lat' dir='ltr'><strong>bunum</strong></span> <span class='ocrx_word' id='word_1_230' title='bbox 608 2724 813 2810; x_wconf 89' lang='lat' dir='ltr'><strong>plebis</strong></span> <span class='ocrx_word' id='word_1_231' title='bbox 856 2728 989 2812; x_wconf 88' lang='lat' dir='ltr'><strong>&#39;qui</strong></span> <span class='ocrx_word' id='word_1_232' title='bbox 1038 2746 1297 2792; x_wconf 84' lang='lat' dir='ltr'><strong>causam</strong></span> <span class='ocrx_word' id='word_1_233' title='bbox 1344 2724 1554 2795; x_wconf 84' lang='lat' dir='ltr'><strong>Clodii</strong></span> <span class='ocrx_word' id='word_1_234' title='bbox 1602 2728 1933 2813; x_wconf 82' lang='lat' dir='ltr'><strong>probaret,</strong></span> <span class='ocrx_word' id='word_1_235' title='bbox 1981 2749 2060 2793; x_wconf 90' lang='lat' dir='ltr'><strong>ne</strong></span> <span class='ocrx_word' id='word_1_236' title='bbox 2105 2726 2506 2793; x_wconf 86' lang='lat' dir='ltr'><strong>Herennium</strong></span> <span class='ocrx_word' id='word_1_237' title='bbox 2552 2727 2686 2810; x_wconf 90' lang='lat' dir='ltr'><strong>qui-</strong></span> 
     </span>
     <span class='ocr_line' id='line_1_25' title="bbox 299 2831 2685 2920; baseline -0 -23"><span class='ocrx_word' id='word_1_238' title='bbox 299 2831 447 2897; x_wconf 91' lang='lat' dir='ltr'><strong>dem</strong></span> <span class='ocrx_word' id='word_1_239' title='bbox 463 2879 480 2908; x_wconf 89' lang='lat'><em>‚</em></span> <span class='ocrx_word' id='word_1_240' title='bbox 543 2833 851 2898; x_wconf 88' lang='lat' dir='ltr'><strong>restitisse</strong></span> <span class='ocrx_word' id='word_1_241' title='bbox 915 2838 1224 2919; x_wconf 47' lang='lat' dir='ltr'><strong>appareti,</strong></span> <span class='ocrx_word' id='word_1_242' title='bbox 1288 2833 1397 2898; x_wconf 88' lang='lat' dir='ltr'><strong>sed</strong></span> <span class='ocrx_word' id='word_1_243' title='bbox 1447 2837 1647 2899; x_wconf 88' lang='lat' dir='ltr'><strong>etiam</strong></span> <span class='ocrx_word' id='word_1_244' title='bbox 1693 2836 1829 2900; x_wconf 89' lang='lat' dir='ltr'><strong>sine</strong></span> <span class='ocrx_word' id='word_1_245' title='bbox 1881 2833 2016 2899; x_wconf 91' lang='lat' dir='ltr'><strong>ulla</strong></span> <span class='ocrx_word' id='word_1_246' title='bbox 2063 2836 2270 2920; x_wconf 86' lang='lat' dir='ltr'><strong>specie</strong></span> <span class='ocrx_word' id='word_1_247' title='bbox 2314 2835 2454 2899; x_wconf 85' lang='lat' dir='ltr'><strong>veri</strong></span> <span class='ocrx_word' id='word_1_248' title='bbox 2498 2834 2685 2897; x_wconf 89' lang='lat' dir='ltr'><strong>unice</strong></span> 
     </span>
     <span class='ocr_line' id='line_1_26' title="bbox 299 2939 2689 3026; baseline -0 -24"><span class='ocrx_word' id='word_1_249' title='bbox 299 2939 739 3024; x_wconf 81' lang='lat' dir='ltr'><strong>excogitatum</strong></span> <span class='ocrx_word' id='word_1_250' title='bbox 804 2960 938 3004; x_wconf 86' lang='lat' dir='ltr'><strong>esse</strong></span> <span class='ocrx_word' id='word_1_251' title='bbox 998 2939 1078 3004; x_wconf 87' lang='lat' dir='ltr'><strong>ad</strong></span> <span class='ocrx_word' id='word_1_252' title='bbox 1124 2939 1433 3005; x_wconf 84' lang='lat' dir='ltr'><strong>tuendam</strong></span> <span class='ocrx_word' id='word_1_253' title='bbox 1478 2942 1844 3026; x_wconf 89' lang='lat' dir='ltr'><strong>opinionem</strong></span> <span class='ocrx_word' id='word_1_254' title='bbox 1886 2961 2101 3006; x_wconf 91' lang='lat' dir='ltr'><strong>recens</strong></span> <span class='ocrx_word' id='word_1_255' title='bbox 2147 2944 2508 3026; x_wconf 85' lang='lat' dir='ltr'><strong>susceptam</strong></span> <span class='ocrx_word' id='word_1_256' title='bbox 2525 2988 2542 3016; x_wconf 93' lang='lat'><em>,</em></span> <span class='ocrx_word' id='word_1_257' title='bbox 2595 2959 2689 3002; x_wconf 59' lang='lat' dir='ltr'><strong>arn</strong></span> 
     </span>
     <span class='ocr_line' id='line_1_27' title="bbox 300 3043 2682 3132; baseline -0.001 -24"><span class='ocrx_word' id='word_1_258' title='bbox 300 3045 663 3130; x_wconf 82' lang='lat' dir='ltr'><strong>rogationes</strong></span> <span class='ocrx_word' id='word_1_259' title='bbox 729 3044 925 3109; x_wconf 87' lang='lat' dir='ltr'><strong>factas</strong></span> <span class='ocrx_word' id='word_1_260' title='bbox 986 3065 1122 3110; x_wconf 88' lang='lat' dir='ltr'><strong>esse</strong></span> <span class='ocrx_word' id='word_1_261' title='bbox 1171 3047 1447 3110; x_wconf 84' lang='lat' dir='ltr'><strong>comitiis</strong></span> <span class='ocrx_word' id='word_1_262' title='bbox 1493 3044 1752 3124; x_wconf 80' lang='lat' dir='ltr'><strong>calatis3</strong></span> <span class='ocrx_word' id='word_1_263' title='bbox 1801 3067 1952 3112; x_wconf 90' lang='lat' dir='ltr'><strong>nam</strong></span> <span class='ocrx_word' id='word_1_264' title='bbox 2000 3048 2144 3132; x_wconf 87' lang='lat' dir='ltr'><strong>quis</strong></span> <span class='ocrx_word' id='word_1_265' title='bbox 2189 3047 2308 3112; x_wconf 92' lang='lat' dir='ltr'><strong>hoc</strong></span> <span class='ocrx_word' id='word_1_266' title='bbox 2355 3043 2649 3131; x_wconf 84' lang='lat' dir='ltr'><strong>probabit</strong></span> <span class='ocrx_word' id='word_1_267' title='bbox 2665 3091 2682 3119; x_wconf 88' lang='lat'>‚</span> 
     </span>
     <span class='ocr_line' id='line_1_28' title="bbox 302 3147 2686 3236; baseline 0 -22"><span class='ocrx_word' id='word_1_268' title='bbox 302 3169 445 3214; x_wconf 81' lang='lat' dir='ltr'><strong>eam</strong></span> <span class='ocrx_word' id='word_1_269' title='bbox 491 3169 686 3234; x_wconf 79' lang='lat' dir='ltr'><strong>quam</strong></span> <span class='ocrx_word' id='word_1_270' title='bbox 733 3147 959 3216; x_wconf 77' lang='lat' dir='ltr'><strong>Graeci</strong></span> <span class='ocrx_word' id='word_1_271' title='bbox 1008 3150 1217 3215; x_wconf 85' lang='lat' dir='ltr'><strong>dicant</strong></span> <span class='ocrx_word' id='word_1_272' title='bbox 1266 3152 1377 3224; x_wconf 69' lang='grc' dir='ltr'><strong>τῆν</strong></span> <span class='ocrx_word' id='word_1_273' title='bbox 1424 3149 1765 3228; x_wconf 72' lang='grc' dir='ltr'><strong><em>ἔξωμοσίων</em></strong></span> <span class='ocrx_word' id='word_1_274' title='bbox 1811 3161 1921 3225; x_wconf 76' lang='grc' dir='ltr'><strong>τῆς</strong></span> <span class='ocrx_word' id='word_1_275' title='bbox 1971 3151 2285 3229; x_wconf 68' lang='grc' dir='ltr'><strong><em>εὐγενείας</em></strong></span> <span class='ocrx_word' id='word_1_276' title='bbox 2334 3151 2612 3236; x_wconf 79' lang='lat' dir='ltr'><strong>separari</strong></span> <span class='ocrx_word' id='word_1_277' title='bbox 2648 3169 2686 3214; x_wconf 80' lang='lat' dir='ltr'><strong>a</strong></span> 
     </span>
     <span class='ocr_line' id='line_1_29' title="bbox 302 3254 2758 3343; baseline -0 -22"><span class='ocrx_word' id='word_1_278' title='bbox 302 3255 719 3321; x_wconf 88' lang='lat' dir='ltr'><strong>detestatione</strong></span> <span class='ocrx_word' id='word_1_279' title='bbox 767 3276 1089 3322; x_wconf 83' lang='lat' dir='ltr'><strong>sacrorum</strong></span> <span class='ocrx_word' id='word_1_280' title='bbox 1137 3277 1331 3343; x_wconf 86' lang='lat' dir='ltr'><strong>quam</strong></span> <span class='ocrx_word' id='word_1_281' title='bbox 1382 3254 1630 3323; x_wconf 79' lang='lat' dir='ltr'><strong>Gellius</strong></span> <span class='ocrx_word' id='word_1_282' title='bbox 1678 3258 1880 3337; x_wconf 87' lang='lat' dir='ltr'><strong>dicat,</strong></span> <span class='ocrx_word' id='word_1_283' title='bbox 1934 3265 1997 3323; x_wconf 91' lang='lat' dir='ltr'><strong>et</strong></span> <span class='ocrx_word' id='word_1_284' title='bbox 2046 3259 2127 3325; x_wconf 85' lang='lat' dir='ltr'><strong>ad</strong></span> <span class='ocrx_word' id='word_1_285' title='bbox 2173 3256 2512 3323; x_wconf 88' lang='lat' dir='ltr'><strong>concilium</strong></span> <span class='ocrx_word' id='word_1_286' title='bbox 2560 3255 2684 3343; x_wconf 91' lang='lat' dir='ltr'><strong>ple-</strong></span> <span class='ocrx_word' id='word_1_287' title='bbox 2754 3305 2758 3311; x_wconf 87' lang='lat'>.</span> 
     </span>
     <span class='ocr_line' id='line_1_30' title="bbox 302 3361 2689 3449; baseline 0 -23"><span class='ocrx_word' id='word_1_288' title='bbox 302 3363 401 3426; x_wconf 93' lang='lat' dir='ltr'><strong>bis</strong></span> <span class='ocrx_word' id='word_1_289' title='bbox 462 3361 681 3427; x_wconf 90' lang='lat' dir='ltr'><strong>referri</strong></span> <span class='ocrx_word' id='word_1_290' title='bbox 736 3361 920 3426; x_wconf 86' lang='lat' dir='ltr'><strong>illam</strong></span> <span class='ocrx_word' id='word_1_291' title='bbox 939 3410 956 3439; x_wconf 91' lang='lat'>‚</span> <span class='ocrx_word' id='word_1_292' title='bbox 1003 3362 1165 3427; x_wconf 87' lang='lat' dir='ltr'><strong>hanc</strong></span> <span class='ocrx_word' id='word_1_293' title='bbox 1213 3383 1363 3428; x_wconf 82' lang='lat' dir='ltr'><strong>vero</strong></span> <span class='ocrx_word' id='word_1_294' title='bbox 1412 3363 1493 3428; x_wconf 87' lang='lat' dir='ltr'><strong>ad</strong></span> <span class='ocrx_word' id='word_1_295' title='bbox 1540 3367 1803 3430; x_wconf 87' lang='lat' dir='ltr'><strong>comitia</strong></span> <span class='ocrx_word' id='word_1_296' title='bbox 1851 3363 2081 3443; x_wconf 86' lang='lat' dir='ltr'><strong>calata,</strong></span> <span class='ocrx_word' id='word_1_297' title='bbox 2132 3385 2280 3428; x_wconf 92' lang='lat' dir='ltr'><strong>cum</strong></span> <span class='ocrx_word' id='word_1_298' title='bbox 2326 3365 2466 3449; x_wconf 86' lang='lat' dir='ltr'><strong>ipsa</strong></span> <span class='ocrx_word' id='word_1_299' title='bbox 2511 3383 2689 3428; x_wconf 85' lang='lat' dir='ltr'><strong>voca-</strong></span> 
     </span>
     <span class='ocr_line' id='line_1_31' title="bbox 302 3467 2684 3556; baseline -0.001 -23"><span class='ocrx_word' id='word_1_300' title='bbox 302 3467 457 3534; x_wconf 88' lang='lat' dir='ltr'><strong>bula</strong></span> <span class='ocrx_word' id='word_1_301' title='bbox 500 3467 780 3534; x_wconf 87' lang='lat' dir='ltr'><strong>indicent</strong></span> <span class='ocrx_word' id='word_1_302' title='bbox 798 3515 815 3544; x_wconf 89' lang='lat'><em>‚</em></span> <span class='ocrx_word' id='word_1_303' title='bbox 864 3488 1063 3534; x_wconf 87' lang='lat' dir='ltr'><strong>unam</strong></span> <span class='ocrx_word' id='word_1_304' title='bbox 1109 3467 1498 3555; x_wconf 88' lang='lat' dir='ltr'><strong>eandemque</strong></span> <span class='ocrx_word' id='word_1_305' title='bbox 1546 3491 1685 3535; x_wconf 90' lang='lat' dir='ltr'><strong>rem</strong></span> <span class='ocrx_word' id='word_1_306' title='bbox 1729 3471 1927 3536; x_wconf 85' lang='lat' dir='ltr'><strong>fuisse</strong></span> <span class='ocrx_word' id='word_1_307' title='bbox 1977 3467 2358 3556; x_wconf 80' lang='lat' dir='ltr'><strong>utramque?</strong></span> <span class='ocrx_word' id='word_1_308' title='bbox 2405 3468 2684 3544; x_wconf 86' lang='lat' dir='ltr'><strong>Rectius,</strong></span> 
     </span>
     <span class='ocr_line' id='line_1_32' title="bbox 304 3573 2686 3660; baseline 0 -22"><span class='ocrx_word' id='word_1_309' title='bbox 304 3576 543 3660; x_wconf 87' lang='lat' dir='ltr'><strong>opinor,</strong></span> <span class='ocrx_word' id='word_1_310' title='bbox 605 3574 967 3638; x_wconf 86' lang='lat' dir='ltr'><strong>tenebimus</strong></span> <span class='ocrx_word' id='word_1_311' title='bbox 1029 3573 1097 3638; x_wconf 86' lang='lat' dir='ltr'><strong>id</strong></span> <span class='ocrx_word' id='word_1_312' title='bbox 1160 3574 1331 3660; x_wconf 87' lang='lat' dir='ltr'><strong>quod</strong></span> <span class='ocrx_word' id='word_1_313' title='bbox 1392 3595 1622 3640; x_wconf 84' lang='lat' dir='ltr'><strong>verum</strong></span> <span class='ocrx_word' id='word_1_314' title='bbox 1684 3597 1820 3641; x_wconf 89' lang='lat' dir='ltr'><strong>esse</strong></span> <span class='ocrx_word' id='word_1_315' title='bbox 1883 3583 2068 3641; x_wconf 85' lang='lat' dir='ltr'><strong>antea</strong></span> <span class='ocrx_word' id='word_1_316' title='bbox 2127 3578 2347 3641; x_wconf 83' lang='lat' dir='ltr'><strong>visum</strong></span> <span class='ocrx_word' id='word_1_317' title='bbox 2404 3581 2501 3640; x_wconf 89' lang='lat' dir='ltr'><strong>est</strong></span> <span class='ocrx_word' id='word_1_318' title='bbox 2545 3577 2686 3640; x_wconf 86' lang='lat' dir='ltr'><strong>viro</strong></span> 
     </span>
    </p>
   </div>
   <div class='ocr_carea' id='block_1_3' title="bbox 315 3693 669 3706">
    <p class='ocr_par' dir='ltr' id='par_1_3' title="bbox 315 3693 669 3706">
     <span class='ocr_line' id='line_1_33' title="bbox 315 3693 669 3706; baseline 0 1303"><span class='ocrx_word' id='word_1_319' title='bbox 315 3693 669 3706; x_wconf 95' lang='lat' dir='ltr'><strong> </strong></span> 
     </span>
    </p>
   </div>
   <div class='ocr_carea' id='block_1_4' title="bbox 300 3732 2689 4454">
    <p class='ocr_par' dir='ltr' id='par_1_4' title="bbox 300 3732 2689 4454">
     <span class='ocr_line' id='line_1_34' title="bbox 374 3732 2686 3800; baseline 0.001 -19"><span class='ocrx_word' id='word_1_320' title='bbox 374 3734 425 3797; x_wconf 81' lang='lat'><strong>1)</strong></span> <span class='ocrx_word' id='word_1_321' title='bbox 463 3732 562 3784; x_wconf 82' lang='lat' dir='ltr'><strong>Cic.</strong></span> <span class='ocrx_word' id='word_1_322' title='bbox 598 3733 701 3782; x_wconf 74' lang='lat' dir='ltr'><strong>Att.</strong></span> <span class='ocrx_word' id='word_1_323' title='bbox 739 3732 961 3782; x_wconf 77' lang='lat' dir='ltr'><strong>1.1s.4=</strong></span> <span class='ocrx_word' id='word_1_324' title='bbox 1004 3732 1089 3782; x_wconf 79' lang='lat'><strong>.0.</strong></span> <span class='ocrx_word' id='word_1_325' title='bbox 1126 3732 1403 3783; x_wconf 73' lang='lat' dir='ltr'><strong>Herennius</strong></span> <span class='ocrx_word' id='word_1_326' title='bbox 1552 3734 1668 3783; x_wconf 83' lang='lat' dir='ltr'><strong>trib.</strong></span> <span class='ocrx_word' id='word_1_327' title='bbox 1707 3733 1774 3799; x_wconf 86' lang='lat' dir='ltr'><strong>pl.</strong></span> <span class='ocrx_word' id='word_1_328' title='bbox 1815 3771 1860 3784; x_wconf 91' lang='lat'><strong>..</strong></span> <span class='ocrx_word' id='word_1_329' title='bbox 1882 3771 1893 3784; x_wconf 93' lang='lat'>.</span> <span class='ocrx_word' id='word_1_330' title='bbox 1931 3735 1990 3783; x_wconf 81' lang='lat' dir='ltr'><strong>ad</strong></span> <span class='ocrx_word' id='word_1_331' title='bbox 2026 3733 2212 3800; x_wconf 80' lang='lat' dir='ltr'><strong>plebem</strong></span> <span class='ocrx_word' id='word_1_332' title='bbox 2246 3735 2300 3783; x_wconf 91' lang='lat' dir='ltr'><strong>P.</strong></span> <span class='ocrx_word' id='word_1_333' title='bbox 2337 3734 2559 3784; x_wconf 82' lang='lat' dir='ltr'><strong>Clodium</strong></span> <span class='ocrx_word' id='word_1_334' title='bbox 2586 3737 2686 3784; x_wconf 80' lang='lat' dir='ltr'><strong>tre·</strong></span> 
     </span>
     <span class='ocr_line' id='line_1_35' title="bbox 302 3813 2682 3882; baseline 0.001 -19"><span class='ocrx_word' id='word_1_335' title='bbox 302 3813 493 3872; x_wconf 71' lang='lat' dir='ltr'><strong>ducit”;</strong></span> <span class='ocrx_word' id='word_1_336' title='bbox 539 3815 582 3864; x_wconf 92' lang='lat' dir='ltr'><strong>l.</strong></span> <span class='ocrx_word' id='word_1_337' title='bbox 605 3814 683 3864; x_wconf 82' lang='lat'><strong>19.</strong></span> <span class='ocrx_word' id='word_1_338' title='bbox 706 3816 759 3863; x_wconf 74' lang='grc' dir='ltr'><strong>δι</strong></span> <span class='ocrx_word' id='word_1_339' title='bbox 816 3814 1151 3864; x_wconf 68' lang='lat' dir='ltr'><strong>‚Herennium</strong></span> <span class='ocrx_word' id='word_1_340' title='bbox 1188 3853 1201 3864; x_wconf 89' lang='lat'>.</span> <span class='ocrx_word' id='word_1_341' title='bbox 1222 3853 1233 3864; x_wconf 92' lang='lat'><strong><em>.</em></strong></span> <span class='ocrx_word' id='word_1_342' title='bbox 1254 3853 1267 3864; x_wconf 89' lang='lat'>.</span> <span class='ocrx_word' id='word_1_343' title='bbox 1302 3815 1416 3866; x_wconf 82' lang='lat' dir='ltr'><strong>trib.</strong></span> <span class='ocrx_word' id='word_1_344' title='bbox 1468 3815 1534 3881; x_wconf 83' lang='lat' dir='ltr'><strong>pl.</strong></span> <span class='ocrx_word' id='word_1_345' title='bbox 1569 3853 1582 3866; x_wconf 91' lang='lat'><em>.</em></span> <span class='ocrx_word' id='word_1_346' title='bbox 1609 3853 1655 3866; x_wconf 89' lang='lat'><strong>..</strong></span> <span class='ocrx_word' id='word_1_347' title='bbox 1689 3831 1828 3881; x_wconf 72' lang='lat' dir='ltr'><strong>saepe</strong></span> <span class='ocrx_word' id='word_1_348' title='bbox 1875 3816 1972 3865; x_wconf 78' lang='lat' dir='ltr'><strong>ian</strong></span> <span class='ocrx_word' id='word_1_349' title='bbox 2008 3817 2066 3865; x_wconf 83' lang='lat' dir='ltr'><strong>de</strong></span> <span class='ocrx_word' id='word_1_350' title='bbox 2105 3817 2158 3866; x_wconf 88' lang='lat' dir='ltr'><strong>P.</strong></span> <span class='ocrx_word' id='word_1_351' title='bbox 2199 3816 2371 3866; x_wconf 82' lang='lat' dir='ltr'><strong>Clodio</strong></span> <span class='ocrx_word' id='word_1_352' title='bbox 2406 3817 2466 3865; x_wconf 79' lang='lat' dir='ltr'><strong>ed</strong></span> <span class='ocrx_word' id='word_1_353' title='bbox 2502 3815 2682 3882; x_wconf 80' lang='lat' dir='ltr'><strong>plebem</strong></span> 
     </span>
     <span class='ocr_line' id='line_1_36' title="bbox 300 3896 2688 3964; baseline 0.001 -18"><span class='ocrx_word' id='word_1_354' title='bbox 300 3896 589 3946; x_wconf 73' lang='lat' dir='ltr'><strong>tnduoendo</strong></span> <span class='ocrx_word' id='word_1_355' title='bbox 617 3911 757 3959; x_wconf 72' lang='lat' dir='ltr'><strong>egere</strong></span> <span class='ocrx_word' id='word_1_356' title='bbox 792 3896 1025 3961; x_wconf 74' lang='lat' dir='ltr'><strong>coepisse:</strong></span> <span class='ocrx_word' id='word_1_357' title='bbox 1060 3896 1173 3947; x_wconf 82' lang='lat' dir='ltr'><strong>huie</strong></span> <span class='ocrx_word' id='word_1_358' title='bbox 1204 3897 1481 3961; x_wconf 77' lang='lat' dir='ltr'><strong>frequenter</strong></span> <span class='ocrx_word' id='word_1_359' title='bbox 1515 3897 1888 3948; x_wconf 76' lang='lat' dir='ltr'><strong>interceditur”.</strong></span> <span class='ocrx_word' id='word_1_360' title='bbox 1933 3899 2054 3948; x_wconf 79' lang='lat' dir='ltr'><strong>Rem</strong></span> <span class='ocrx_word' id='word_1_361' title='bbox 2087 3914 2118 3946; x_wconf 76' lang='lat' dir='ltr'><strong>a</strong></span> <span class='ocrx_word' id='word_1_362' title='bbox 2152 3898 2321 3948; x_wconf 83' lang='lat' dir='ltr'><strong>Clodio</strong></span> <span class='ocrx_word' id='word_1_363' title='bbox 2357 3913 2441 3963; x_wconf 85' lang='lat' dir='ltr'><strong>per</strong></span> <span class='ocrx_word' id='word_1_364' title='bbox 2473 3897 2688 3964; x_wconf 70' lang='lat' dir='ltr'><strong>plebisci-</strong></span> 
     </span>
     <span class='ocr_line' id='line_1_37' title="bbox 302 3976 2689 4045; baseline 0.002 -19"><span class='ocrx_word' id='word_1_365' title='bbox 302 3981 433 4038; x_wconf 75' lang='lat' dir='ltr'><strong>tum,</strong></span> <span class='ocrx_word' id='word_1_366' title='bbox 483 3977 535 4028; x_wconf 88' lang='lat' dir='ltr'><strong>in</strong></span> <span class='ocrx_word' id='word_1_367' title='bbox 588 3977 791 4027; x_wconf 84' lang='lat' dir='ltr'><strong>concilio</strong></span> <span class='ocrx_word' id='word_1_368' title='bbox 842 3976 1017 4043; x_wconf 77' lang='lat' dir='ltr'><strong>plebis,</strong></span> <span class='ocrx_word' id='word_1_369' title='bbox 1072 3992 1169 4027; x_wconf 84' lang='lat' dir='ltr'><strong>non</strong></span> <span class='ocrx_word' id='word_1_370' title='bbox 1215 3978 1267 4028; x_wconf 79' lang='lat' dir='ltr'><strong>in</strong></span> <span class='ocrx_word' id='word_1_371' title='bbox 1310 3978 1559 4036; x_wconf 78' lang='lat' dir='ltr'><strong>contione.</strong></span> <span class='ocrx_word' id='word_1_372' title='bbox 1590 3983 1748 4029; x_wconf 72' lang='lat' dir='ltr'><strong>actam</strong></span> <span class='ocrx_word' id='word_1_373' title='bbox 1779 3995 1902 4038; x_wconf 70' lang='lat' dir='ltr'><strong>eece,</strong></span> <span class='ocrx_word' id='word_1_374' title='bbox 1933 3983 2134 4045; x_wconf 73' lang='lat' dir='ltr'><strong>apparet</strong></span> <span class='ocrx_word' id='word_1_375' title='bbox 2168 3981 2282 4044; x_wconf 79' lang='lat' dir='ltr'><strong>quie</strong></span> <span class='ocrx_word' id='word_1_376' title='bbox 2315 3980 2484 4030; x_wconf 82' lang='lat' dir='ltr'><strong>Cicero</strong></span> <span class='ocrx_word' id='word_1_377' title='bbox 2529 3981 2689 4031; x_wconf 80' lang='lat' dir='ltr'><strong>utitur</strong></span> 
     </span>
     <span class='ocr_line' id='line_1_38' title="bbox 304 4059 2686 4127; baseline 0.002 -19"><span class='ocrx_word' id='word_1_378' title='bbox 304 4059 543 4110; x_wconf 71' lang='lat' dir='ltr'><strong>voe-buli·</strong></span> <span class='ocrx_word' id='word_1_379' title='bbox 582 4075 723 4124; x_wconf 67' lang='lat' dir='ltr'><strong>aym</strong></span> <span class='ocrx_word' id='word_1_380' title='bbox 768 4063 816 4110; x_wconf 83' lang='lat' dir='ltr'><strong>et</strong></span> <span class='ocrx_word' id='word_1_381' title='bbox 856 4060 1144 4110; x_wconf 63' lang='lat' dir='ltr'><strong>Mercedem</strong></span> <span class='ocrx_word' id='word_1_382' title='bbox 1160 4097 1173 4120; x_wconf 85' lang='lat'><strong>,</strong></span> <span class='ocrx_word' id='word_1_383' title='bbox 1206 4064 1257 4109; x_wconf 82' lang='lat' dir='ltr'><strong>et</strong></span> <span class='ocrx_word' id='word_1_384' title='bbox 1290 4061 1403 4125; x_wconf 72' lang='lat' dir='ltr'><strong>quin</strong></span> <span class='ocrx_word' id='word_1_385' title='bbox 1438 4061 1693 4111; x_wconf 71' lang='lat' dir='ltr'><strong>detestatio</strong></span> <span class='ocrx_word' id='word_1_386' title='bbox 1727 4077 1972 4112; x_wconf 70' lang='lat' dir='ltr'><strong>sacrorum</strong></span> <span class='ocrx_word' id='word_1_387' title='bbox 2005 4077 2126 4127; x_wconf 77' lang='lat' dir='ltr'><strong>quae</strong></span> <span class='ocrx_word' id='word_1_388' title='bbox 2167 4063 2262 4112; x_wconf 84' lang='lat' dir='ltr'><strong>rite</strong></span> <span class='ocrx_word' id='word_1_389' title='bbox 2307 4065 2470 4121; x_wconf 78' lang='lat' dir='ltr'><strong>fleret,</strong></span> <span class='ocrx_word' id='word_1_390' title='bbox 2504 4062 2686 4127; x_wconf 77' lang='lat' dir='ltr'><strong>indige·</strong></span> 
     </span>
     <span class='ocr_line' id='line_1_39' title="bbox 303 4140 2682 4210; baseline 0.001 -19"><span class='ocrx_word' id='word_1_391' title='bbox 303 4141 386 4192; x_wconf 81' lang='lat' dir='ltr'><strong>bet</strong></span> <span class='ocrx_word' id='word_1_392' title='bbox 417 4142 535 4206; x_wconf 72' lang='lat' dir='ltr'><strong>legis</strong></span> <span class='ocrx_word' id='word_1_393' title='bbox 568 4141 795 4192; x_wconf 69' lang='lat' dir='ltr'><strong>curiatae.</strong></span> <span class='ocrx_word' id='word_1_394' title='bbox 848 4169 916 4180; x_wconf 89' lang='lat'>-</span> <span class='ocrx_word' id='word_1_395' title='bbox 967 4143 1025 4204; x_wconf 78' lang='lat'><strong>2)</strong></span> <span class='ocrx_word' id='word_1_396' title='bbox 1062 4142 1153 4192; x_wconf 83' lang='lat' dir='ltr'><strong>Dio</strong></span> <span class='ocrx_word' id='word_1_397' title='bbox 1191 4140 1269 4193; x_wconf 76' lang='lat'><strong>87.</strong></span> <span class='ocrx_word' id='word_1_398' title='bbox 1289 4143 1367 4193; x_wconf 72' lang='lat'><strong>⁶1.</strong></span> <span class='ocrx_word' id='word_1_399' title='bbox 1387 4143 1433 4193; x_wconf 77' lang='lat'><strong>2.</strong></span> <span class='ocrx_word' id='word_1_400' title='bbox 1471 4171 1537 4181; x_wconf 93' lang='lat'><strong>—</strong></span> <span class='ocrx_word' id='word_1_401' title='bbox 1586 4144 1644 4210; x_wconf 76' lang='lat'><strong>8)</strong></span> <span class='ocrx_word' id='word_1_402' title='bbox 1681 4145 1818 4194; x_wconf 64' lang='lat' dir='ltr'><strong>Rem.</strong></span> <span class='ocrx_word' id='word_1_403' title='bbox 1849 4144 2186 4208; x_wconf 67' lang='lat' dir='ltr'><strong>Por-ebungen</strong></span> <span class='ocrx_word' id='word_1_404' title='bbox 2221 4145 2248 4193; x_wconf 92' lang='lat' dir='ltr'><strong>l</strong></span> <span class='ocrx_word' id='word_1_405' title='bbox 2278 4160 2385 4210; x_wconf 74' lang='lat' dir='ltr'><strong>pag.</strong></span> <span class='ocrx_word' id='word_1_406' title='bbox 2425 4145 2544 4202; x_wconf 63' lang='lat'><strong>1263</strong></span> <span class='ocrx_word' id='word_1_407' title='bbox 2595 4145 2682 4194; x_wconf 80' lang='lat' dir='ltr'><strong>cfr.</strong></span> 
     </span>
     <span class='ocr_line' id='line_1_40' title="bbox 304 4224 2686 4291; baseline 0.003 -17"><span class='ocrx_word' id='word_1_408' title='bbox 304 4224 419 4275; x_wconf 84' lang='lat' dir='ltr'><strong>ibid.</strong></span> <span class='ocrx_word' id='word_1_409' title='bbox 467 4240 573 4290; x_wconf 73' lang='lat' dir='ltr'><strong>pag.</strong></span> <span class='ocrx_word' id='word_1_410' title='bbox 618 4225 719 4275; x_wconf 76' lang='lat'><strong>402</strong></span> <span class='ocrx_word' id='word_1_411' title='bbox 736 4241 835 4290; x_wconf 79' lang='lat' dir='ltr'><strong>eq.=</strong></span> <span class='ocrx_word' id='word_1_412' title='bbox 894 4224 1339 4275; x_wconf 62' lang='lat' dir='ltr'><strong>„Wehrecheiulieh</strong></span> <span class='ocrx_word' id='word_1_413' title='bbox 1383 4225 1467 4275; x_wconf 80' lang='lat' dir='ltr'><strong>hat</strong></span> <span class='ocrx_word' id='word_1_414' title='bbox 1513 4226 1745 4276; x_wconf 74' lang='lat' dir='ltr'><strong>Metellus</strong></span> <span class='ocrx_word' id='word_1_415' title='bbox 1790 4226 1865 4277; x_wconf 86' lang='lat' dir='ltr'><strong>bei</strong></span> <span class='ocrx_word' id='word_1_416' title='bbox 1913 4227 2070 4277; x_wconf 81' lang='lat' dir='ltr'><strong>eeiner</strong></span> <span class='ocrx_word' id='word_1_417' title='bbox 2114 4227 2420 4291; x_wconf 73' lang='lat' dir='ltr'><strong>Aufeehtung</strong></span> <span class='ocrx_word' id='word_1_418' title='bbox 2464 4227 2565 4277; x_wconf 82' lang='lat' dir='ltr'><strong>sich</strong></span> <span class='ocrx_word' id='word_1_419' title='bbox 2604 4266 2650 4278; x_wconf 94' lang='lat'><strong>..</strong></span> <span class='ocrx_word' id='word_1_420' title='bbox 2671 4263 2686 4280; x_wconf 88' lang='lat'><strong>.</strong></span> 
     </span>
     <span class='ocr_line' id='line_1_41' title="bbox 307 4305 2687 4373; baseline 0.001 -16"><span class='ocrx_word' id='word_1_421' title='bbox 307 4306 503 4357; x_wconf 76' lang='lat' dir='ltr'><strong>berufen</strong></span> <span class='ocrx_word' id='word_1_422' title='bbox 539 4340 554 4355; x_wconf 87' lang='lat'><strong>.</strong></span> <span class='ocrx_word' id='word_1_423' title='bbox 574 4344 585 4356; x_wconf 95' lang='lat'>.</span> <span class='ocrx_word' id='word_1_424' title='bbox 608 4345 620 4356; x_wconf 90' lang='lat'><strong><em>.</em></strong></span> <span class='ocrx_word' id='word_1_425' title='bbox 652 4306 825 4356; x_wconf 71' lang='lat' dir='ltr'><strong>darauf</strong></span> <span class='ocrx_word' id='word_1_426' title='bbox 854 4307 961 4357; x_wconf 75' lang='lat' dir='ltr'><strong>dees</strong></span> <span class='ocrx_word' id='word_1_427' title='bbox 994 4307 1071 4358; x_wconf 84' lang='lat' dir='ltr'><strong>die</strong></span> <span class='ocrx_word' id='word_1_428' title='bbox 1106 4305 1383 4372; x_wconf 72' lang='lat' dir='ltr'><strong>Rrklilrung</strong></span> <span class='ocrx_word' id='word_1_429' title='bbox 1416 4308 1551 4358; x_wconf 79' lang='lat' dir='ltr'><strong>nieht</strong></span> <span class='ocrx_word' id='word_1_430' title='bbox 1584 4344 1597 4359; x_wconf 91' lang='lat'><strong>.</strong></span> <span class='ocrx_word' id='word_1_431' title='bbox 1620 4347 1632 4358; x_wconf 90' lang='lat'><strong><em>.</em></strong></span> <span class='ocrx_word' id='word_1_432' title='bbox 1652 4346 1664 4359; x_wconf 88' lang='lat'>.</span> <span class='ocrx_word' id='word_1_433' title='bbox 1700 4308 1752 4358; x_wconf 86' lang='lat' dir='ltr'><strong>in</strong></span> <span class='ocrx_word' id='word_1_434' title='bbox 1785 4308 1994 4358; x_wconf 76' lang='lat' dir='ltr'><strong>comitiis</strong></span> <span class='ocrx_word' id='word_1_435' title='bbox 2019 4307 2188 4358; x_wconf 75' lang='lat' dir='ltr'><strong>celetis</strong></span> <span class='ocrx_word' id='word_1_436' title='bbox 2216 4307 2432 4373; x_wconf 73' lang='lat' dir='ltr'><strong>ehgelegt</strong></span> <span class='ocrx_word' id='word_1_437' title='bbox 2449 4307 2598 4360; x_wconf 52' lang='lat' dir='ltr'><strong>wei-’2</strong></span> <span class='ocrx_word' id='word_1_438' title='bbox 2617 4337 2687 4350; x_wconf 86' lang='lat'>-</span> 
     </span>
     <span class='ocr_line' id='line_1_42' title="bbox 307 4389 1347 4454; baseline 0.003 -16"><span class='ocrx_word' id='word_1_439' title='bbox 307 4389 365 4454; x_wconf 79' lang='lat'><strong>4)</strong></span> <span class='ocrx_word' id='word_1_440' title='bbox 405 4389 675 4438; x_wconf 73' lang='lat' dir='ltr'><strong>Mommsen</strong></span> <span class='ocrx_word' id='word_1_441' title='bbox 710 4389 912 4438; x_wconf 69' lang='lat' dir='ltr'><strong>stanter.</strong></span> <span class='ocrx_word' id='word_1_442' title='bbox 950 4390 980 4437; x_wconf 82' lang='lat'><em>8</em></span> <span class='ocrx_word' id='word_1_443' title='bbox 1017 4404 1122 4454; x_wconf 74' lang='lat' dir='ltr'><strong>pag.</strong></span> <span class='ocrx_word' id='word_1_444' title='bbox 1161 4389 1257 4438; x_wconf 76' lang='lat'><strong>186</strong></span> <span class='ocrx_word' id='word_1_445' title='bbox 1275 4404 1347 4454; x_wconf 70' lang='lat' dir='ltr'><strong>sq.</strong></span> 
     </span>
    </p>
   </div>
  </div>
 </body>
</html>
