3192 5009
1374 339 1720 389 nomisios.
2594 319 2724 385 249

450 505 677 571 §2400
723 511 868 571 τῶν
914 506 1127 579 μέτοι
1179 506 1570 578 παλλόμενος
1623 505 1816 582 κλήρῳ
1865 504 2068 585 λοξχον
2118 503 2314 568 ἐνθάδ’
2361 501 2636 567 ἕπεσθαι.

350 610 501 677 Iure
538 613 768 678 iisdem
808 615 976 687 μετὰ
1017 634 1166 677 oum
1207 610 1519 679 Genetivo
1561 618 1636 676 ut
1679 610 1962 677 alienum
2002 632 2039 675 a
2079 631 2366 676 sermone
2387 610 2730 675 Homerico

350 723 724 802 suspectum
770 725 897 797 est3
946 738 1097 782 eum
1142 724 1358 782 tamen
1405 724 1529 787 τοῖς
1579 738 1694 802 pro
1743 725 1899 780 τοῖσι
1949 715 2116 790 μέτα
2161 738 2286 781 non
2332 718 2541 801 magis
2580 715 2732 779 ferri

348 826 588 909 possit,
638 827 926 910 sequitur
975 832 1090 887 τῶν
1140 844 1368 888 sanum
1407 844 1560 888 esse.
1609 822 1726 887 Est
1768 828 1984 887 autem
2024 826 2362 909 genetivus
2386 824 2730 908 partitivus

344 929 713 1015 iungendus
760 951 907 995 eum
956 930 1147 995 verbo
1197 930 1448 1010 ἔλαχον.
1499 928 1680 995 Sitne
1726 950 1840 1016 pro
1889 932 2056 1003 μέτα
2106 929 2556 1017 corrigendum
2595 927 2730 1005 μέν,

350 1057 438 1101 an
484 1036 625 1101 τότε
645 1084 661 1114 ,
712 1057 792 1101 an
837 1035 1045 1113 aliud,
1088 1034 1362 1100 aliorum
1409 1036 1714 1121 permitto
1761 1035 2017 1099 iudicio.
2049 1090 2086 1109 ,

449 1283 519 1338 Ω
546 1272 677 1337 460
736 1267 1095 1337 Mercurius
1150 1271 1228 1336 ad
1274 1270 1646 1347 Priamum,
1698 1278 2113 1357 posteaquam
2162 1272 2240 1337 ad
2287 1270 2557 1337 Achillis
2605 1278 2735 1336 ten-

352 1381 596 1444 torium
645 1385 1027 1464 perventum
1076 1383 1209 1443 est:

719 1479 760 1545 ὦ
808 1481 1003 1560 γέρον,
1056 1478 1088 1555 ἦ
1137 1505 1226 1545 τοι
1278 1484 1398 1559 ἐγὼ
1450 1485 1575 1552 θεὸς
1630 1479 1940 1559 ἄμβροτος
1991 1485 2350 1560 εἰλήλουθα,

718 1590 1045 1667 Ἑρμείας·
1095 1590 1184 1653 σοὶ
1235 1590 1361 1664 γάρ
1411 1611 1491 1663 με
1543 1590 1750 1665 πατὴρ
1801 1584 1942 1665 ἅμα
1995 1588 2239 1664 πομπὸν
2286 1588 2557 1653 ὄπασσε·

720 1694 895 1777 [ἀλλ’
950 1689 983 1765 ἦ
1030 1718 1119 1759 τοι
1168 1695 1282 1770 μὲν
1329 1694 1449 1772 ἐγὼ
1500 1698 1690 1758 πάλιν
1737 1693 2106 1772 εἵσομαι,
2158 1697 2278 1759 οὐδ’
2325 1694 2618 1774 Ἀχιλῆος

717 1802 1077 1880 ὀφθαλμοὺς
1127 1800 1380 1875 εἴσειμι·
1432 1804 1806 1875 νεμεσσητὸν
1852 1800 1913 1865 δέ
1963 1826 2064 1865 κεν
2111 1800 2202 1876 εἴη

719 1906 1023 1970 ἀθάνατον
1073 1906 1197 1971 θεὸν
1246 1901 1356 1970 ὧδε
1404 1905 1655 1985 βροτοὺς
1706 1904 2148 1986 dyas-affusi?
2199 1905 2449 1991 ἄντην]

720 2014 867 2088 τύνη
915 2014 967 2077 δ’
1015 2014 1294 2077 εἰσελθὼν
1341 2013 1509 2091 λαβὲ
1556 2014 1838 2089 γούνατα
1886 2014 2255 2095 Πηλεΐωνος,

726 2121 834 2185 καί
879 2144 986 2197 μιν
1035 2120 1180 2199 ὑπὲρ
1230 2122 1457 2196 πατρὸς
1508 2124 1612 2183 καὶ
1663 2122 1914 2199 μήτέρος
1963 2121 2240 2197 ἠυκόμοιο

721 2227 928 2289 λίσσεο
980 2226 1085 2289 καὶ
1138 2225 1377 2303 τέκεος,
1425 2222 1521 2289 ἵνα
1572 2226 1622 2289 οἱ
1671 2227 1778 2291 σὺν
1825 2226 2010 2303 θυμὸν
2055 2227 2261 2305 ὀρίνῃς.

360 2329 764 2398 Confidenter
802 2314 1025 2397 versus
1064 2330 1423 2397 462-464
1464 2334 1670 2417 saepsi
1709 2334 1958 2396 uncinis
1976 2381 1992 2409 ,
2034 2335 2266 2418 quippe
2307 2354 2462 2418 quos
2489 2336 2736 2419 spurios

358 2458 496 2504 esse
559 2438 872 2516 iudicem,
920 2437 1217 2503 confictos
1264 2458 1380 2524 ope
1425 2436 1715 2503 locorum
1763 2448 1806 2502 Γ
1837 2437 1968 2502 410
2016 2444 2081 2502 et
2129 2448 2178 2502 Φ
2210 2437 2361 2517 380,
2409 2461 2565 2525 quos
2612 2439 2738 2505 edi-
2823 2430 2828 2434 ⁹

366 2548 527 2609 tores
586 2546 653 2608 in
711 2547 1002 2631 margine
1049 2550 1372 2609 notarunt.
1424 2542 1566 2609 Non
1616 2546 1788 2609 enim
1830 2543 2253 2631 intellegitur,
2304 2545 2526 2630 quidni
2571 2545 2738 2611 Mer-

360 2654 574 2715 curius
593 2698 609 2727 ‚
670 2653 782 2736 qui
842 2650 1179 2715 Priamum
1241 2648 1577 2716 mortalem
1640 2654 1707 2714 et
1748 2652 2000 2735 ipsum,
2049 2672 2286 2736 neque,
2337 2657 2411 2714 ut
2457 2651 2737 2717 Achilles

362 2762 495 2821 erat
512 2804 529 2834 ,
593 2756 742 2821 deae
806 2756 1018 2821 filium
1080 2759 1409 2842 ipsiusque
1472 2759 1714 2820 summi
1758 2756 1926 2821 Iovis
1973 2764 2272 2842 nepotem
2316 2759 2384 2820 in
2431 2766 2736 2823 nocturno

360 2862 480 2926 hoe
537 2864 765 2927 itinere
826 2861 1011 2935 ἄντην
1061 2861 1356 2942 madata&
1374 2910 1390 2938 ,
1444 2864 1498 2927 si
1543 2864 1634 2926 sio
1679 2864 1738 2927 ei
1782 2860 2074 2926 libuisset
2092 2910 2107 2938 ,
2158 2866 2424 2927 intraret
2468 2863 2737 2928 Achillis

362 2967 868 3032 tabernaculum.
941 2966 1066 3033 Sed
1136 2968 1471 3032 manifeste
1538 2966 1719 3032 nulla
1789 2988 1974 3033 eausa
2046 2974 2214 3045 erat,
2281 2989 2393 3033 eur
2457 2968 2610 3033 deus
2669 2968 2738 3033 id

360 3072 629 3151 faceret,
679 3075 896 3158 itaque
956 3072 1101 3137 dato
1162 3074 1285 3137 sibi
1346 3092 1384 3137 a
1446 3072 1599 3137 Iove
1663 3076 1923 3158 negotio
1989 3073 2394 3159 perfunctus,
2445 3074 2612 3138 redit
2657 3074 2737 3139 ad

363 3176 739 3264 Olympum.
789 3176 971 3257 Quod
1014 3180 1071 3243 si
1115 3185 1282 3243 reete
1329 3178 1688 3263 disputavi,
1736 3199 1862 3243 non
1910 3178 2189 3264 amplius
2237 3181 2576 3264 quisquam
2621 3182 2737 3243 mi-

359 3282 606 3348 rabitur
652 3284 925 3349 formam
970 3286 1273 3349 vitiosam
1319 3283 1560 3358 εἵσομαι
1580 3333 1596 3361 ,
1645 3304 1804 3368 quae
1841 3305 1954 3369 pro
1991 3284 2209 3348 futuro
2250 3285 2429 3349 verbi
2472 3283 2734 3365 ἔρχομαι

361 3382 545 3471 (εἶμι)
615 3388 770 3455 olim
836 3390 1057 3454 habita
1122 3397 1219 3455 est
1279 3394 1343 3454 et
1401 3411 1569 3455 nuno
1630 3390 1900 3454 habetur
1960 3410 1996 3454 a
2038 3389 2262 3454 multis
2281 3438 2298 3467 ,
2345 3410 2548 3475 neque
2595 3412 2735 3456 eam

362 3516 513 3561 eum
572 3496 828 3583 Heynio
890 3499 959 3560 in
1020 3493 1275 3574 οἴχομαι
1339 3502 1452 3561 aut
1513 3517 1665 3561 eum
1723 3496 1986 3561 Batavis
2046 3499 2114 3560 in
2179 3493 2438 3576 ἔρχομαι
2489 3500 2622 3562 sive
2669 3500 2738 3562 in

361 3601 576 3679 νέομαι
621 3602 867 3683 (πάλιν)
915 3601 1347 3687 refingendam
1393 3622 1529 3667 esse
1575 3602 1840 3688 patebit.

492 3800 751 3850 Scribebat
792 3800 997 3850 staieoti
1028 3802 1097 3849 ad
1132 3798 1229 3850 Rh.
1265 3817 1324 3849 m.
1362 3800 1604 3850 Decembri
1641 3816 1689 3849 a.
1729 3799 1870 3849 1891.

2393 4564 2452 4617 17
