3192 5009
1170 317 1371 370 rum
1380 317 1609 370 nouus.
2444 292 2576 362 285

244 481 415 563 Quare
466 503 587 549 non
646 483 870 551 dubito
926 485 1083 570 quin
1126 489 1295 552 recte
1340 482 1672 550 Bekkerus
1718 484 2045 551 Herodoto
2089 481 2179 550 IV
2229 479 2358 548 155
2407 479 2581 562 ἰσχό-

242 598 407 672 φωνος
446 589 813 670 reddiderit,
862 613 1066 678 neque
1110 590 1295 657 aliter
1340 591 1445 658 hic
1492 595 1818 678 scripserit
1859 591 2267 656 Plutarchus.

312 696 379 763 P.
420 696 545 762 410
566 695 693 766 BG.
760 698 859 763 ἀεὶ
920 699 1047 779 γὰρ
1094 696 1357 764 ἔλαττον
1404 699 1763 765 ἀναλίσκειν
1809 696 2010 764 ἔλαιον
2056 695 2224 768 ἔτους·
2273 693 2536 760 ἑκάστου
2556 743 2575 773 ,

243 801 327 866 καὶ
360 808 525 868 τοῦτο
562 805 861 870 ποιεῖσθαι
900 805 1221 885 τεκμήριον
1262 805 1517 878 ἐκείνους
1558 812 1670 879 τῆς
1709 812 1826 870 τῶν
1863 806 2149 870 ἐνιαυτῶν
2188 802 2575 884 ἀνωμαλίας,

240 909 327 974 τὸν
374 904 403 973 ἓ
414 933 631 987 τερον
690 916 801 976 τοῦ
864 910 1237 992 προάγοντος
1300 911 1397 978 ἀεὶ
1449 913 1532 992 τῷ
1584 911 1780 993 χρόνῳ
1829 909 2218 992 βραχύτερον
2269 895 2577 982 ποιούσης.

241 1012 415 1080 Miror
469 1015 899 1082 Bernardakin
966 1017 1190 1104 fugere
1250 1019 1537 1103 potuisse
1599 1016 2024 1083 Plutarchum
2085 1017 2412 1101 scripsisse
2473 1012 2578 1080 τὸν

244 1116 491 1200 ὕστερο
510 1145 538 1185 ν
584 1121 713 1187 κτὲ.

312 1225 377 1290 P.
435 1225 561 1292 413
584 1227 657 1292 Β.
721 1226 923 1294 Unice
985 1225 1305 1296 Graecum
1364 1231 1664 1297 existimo
1724 1230 1830 1296 τὸν
1891 1225 2259 1309 Πυθαγόραν
2322 1225 2580 1293 εἰπόντα

239 1330 566 1403 Βελτίστουσ
612 1334 938 1410 (αὐτοὺς)
986 1335 1219 1400 ἑαυτῶν
1282 1335 1611 1414 γίγνεσθαι
1675 1336 1816 1408 τοὺς
1881 1335 2246 1414 ἀνθρώπους.
2313 1333 2581 1428 Saepius

240 1438 295 1502 in
330 1438 433 1504 hac
476 1439 750 1506 formula
794 1441 1107 1506 titubasse
1152 1439 1447 1508 librarios
1491 1441 1660 1507 nihil
1709 1448 1806 1508 est
1851 1440 2021 1527 quod
2065 1443 2397 1506 miremur.

310 1544 375 1608 Ρ.
420 1543 547 1610 413
568 1544 640 1610 F.
694 1543 1050 1632 Operarum
1097 1567 1305 1614 errore
1355 1548 1593 1614 excidit
1637 1550 1688 1614 ei
1734 1554 1882 1634 post
1927 1545 2148 1626 ὥσπερ.

310 1647 372 1713 P.
416 1648 545 1716 420
567 1650 646 1716 D.
698 1650 1007 1729 ’Λλὲξιδος
1074 1657 1183 1719 τοῦ
1247 1656 1714 1734 κωμῳδιοποιοῦ.
1763 1651 1961 1722 Godd.
2009 1655 2116 1718 hic
2161 1657 2226 1718 et
2274 1651 2428 1718 alibi
2474 1675 2584 1717 κω-

242 1755 526 1832 μῳδοποιός
546 1805 563 1836 ,
646 1779 841 1843 quam
912 1760 1182 1825 formam
1258 1760 1465 1826 editor
1534 1759 1811 1826 aliorum
1883 1758 2255 1845 exemplum
2323 1763 2582 1824 secutus

244 1860 439 1946 ubique
501 1865 793 1930 correxit.
864 1863 1010 1931 Non
1079 1868 1366 1933 excitabo
1438 1866 1750 1932 vocabula
1820 1862 2447 1946 κωμῳδοδιδάσκαλος
2520 1868 2587 1928 et

246 1966 829 2047 κνμῳδοδιδασκαλία
876 1970 1049 2056 apud
1094 1971 1590 2058 Aristophanem
1639 1974 1878 2057 ubique
1938 1977 2144 2037 metro
2210 1975 2354 2034 tuta
2368 2018 2385 2047 ,
2437 1970 2588 2054 quia

246 2079 431 2156 poetae
488 2081 623 2140 tam
684 2077 1003 2157 κωμῳδοὺς
1068 2097 1263 2164 quam
1325 2078 1645 2158 κωμῳδίαν
1710 2076 2041 2143 ἐδίδασκον.
2117 2074 2241 2140 Sed
2284 2073 2432 2162 plus
2479 2095 2585 2139 me

246 2185 427 2246 movet
469 2181 611 2247 Pac.
664 2179 796 2249 ¹734
1907 2255 1912 2262 ‚

316 2295 453 2365 χρῆν
472 2288 582 2363 μὲν
610 2288 869 2354 τύπτειν
891 2289 1030 2361 τοὺς
1056 2288 1468 2371 ῥαβδούχους,
1495 2287 1552 2355 εί
1573 2313 1668 2362 τις
1703 2313 1799 2353 κω
1816 2314 1928 2372 μῳ
1949 2287 2376 2364 δοποιητύς
2409 2287 2540 2351 κτὲ.

249 2387 345 2468 Qui
386 2394 547 2458 enim
594 2393 820 2480 probet
864 2395 1365 2472 κωμῳδοποιητής
1413 2418 1538 2481 quo
1584 2399 1726 2462 iure
1773 2394 2186 2476 κωμῳδοποιός
2225 2393 2586 2478 improbare

250 2499 409 2578 possit
448 2521 567 2564 non
611 2500 819 2566 video.
867 2499 1031 2581 Quia
1068 2506 1289 2566 autem
1328 2485 1503 2585 ipsae
1539 2501 1791 2567 fabulae
1810 2549 1827 2579 ,
1867 2502 2246 2587 praesertim
2284 2500 2582 2576 comicae,

251 2619 277 2662 a
326 2601 492 2669 choro
548 2625 781 2670 nomen
828 2609 1106 2693 accipere
1154 2606 1473 2682 solebant,
1522 2607 1698 2671 haud
1743 2609 1836 2671 ita
1881 2608 2128 2671 mirum
2173 2604 2433 2671 videtur
2480 2625 2586 2689 po-

250 2705 439 2789 pulum
491 2712 559 2774 in
617 2713 759 2777 vita
819 2711 1181 2797 quotidiana
1242 2711 1561 2794 κωμῳδούς
1627 2717 1691 2778 et
1751 2711 2104 2792 τραγῳδούς
2171 2709 2405 2774 dixisse
2468 2730 2583 2794 pro

254 2813 522 2893 κωμῳδίαν
583 2821 651 2882 et
704 2815 1077 2898 τραγῳδίαν,
1144 2839 1269 2903 quo
1332 2819 1610 2903 pertinet
1672 2823 1826 2882 nota
1869 2816 1985 2882 illa
2029 2814 2309 2881 formula
2354 2823 2579 2887 καινοῖς

252 2920 555 3000 τραγῳδοῖς.

322 3024 382 3090 Ρ.
426 3026 551 3094 434
574 3029 654 3092 A.
705 3027 1072 3102 αὐτόθηκτον
1116 3031 1187 3093 111
1230 3050 1421 3094 versu
1466 3028 1822 3116 Aeschyleo
1867 3049 2098 3093 sanum
2144 3048 2280 3092 esse
2317 3028 2588 3091 minime

256 3129 383 3196 mihi
424 3135 730 3218 persuasit
773 3133 993 3212 editor,
1044 3139 1111 3199 et
1154 3137 1467 3220 posterior
1512 3156 1659 3220 pars
1708 3138 1846 3200 eius
1891 3141 2077 3199 notae
2117 3132 2196 3198 ad
2235 3133 2301 3198 h.
2327 3131 2374 3197 l.
2417 3152 2588 3219 pror-

256 3253 339 3298 sus
377 3238 625 3304 obscura
668 3241 833 3304 mihi
880 3246 996 3305 eet.

324 3340 385 3406 P.
426 3343 553 3409 442
600 3349 762 3411 extr.
829 3344 1066 3410 δέδοικα
1130 3344 1192 3410 δὲ
1257 3347 1347 3422 μῆ
1412 3344 1750 3423 δόξαιμι
1815 3342 2223 3409 παντάπασιν
2271 3343 2588 3422 ἐπαγωγὰ

258 3445 336 3508 καὶ
388 3451 559 3530 νεαρὰ
617 3451 703 3532 τῷ
768 3448 936 3530 λόγῳ
984 3453 1311 3532 περαίνειν.
1361 3451 1682 3538 Syntaxin
1733 3455 2000 3538 corrigit
2046 3451 2306 3516 editoris
2354 3453 2592 3515 coniec-

260 3555 373 3618 tura
405 3553 543 3634 δόξω
581 3579 707 3634 μοι.
756 3558 845 3621 At
890 3559 1033 3643 quis
1080 3560 1173 3622 ita
1217 3557 1540 3643 loquitur:
1590 3579 1796 3622 vereor
1841 3580 1916 3622 ne
1959 3557 2109 3620 mihi
2155 3557 2395 3620 videar.
2390 3556 2420 3603 7
2465 3554 2590 3620 Ex-

260 3665 503 3738 pactatus
544 3668 659 3728 aut
708 3661 859 3740 δόξω
906 3669 1020 3727 aut
1064 3659 1213 3738 δόξω
1260 3686 1372 3728 σοι.

328 3764 390 3830 Ρ.
431 3765 639 3834 447A
684 3773 845 3834 extr.
910 3763 1109 3848 ὥσπερ
1156 3769 1227 3834 αἱ
1273 3770 1391 3832 τῶν
1440 3767 1747 3833 παίδων
1795 3767 2116 3846 ἐπιδρομαι
2165 3767 2295 3831 κτὲ.
2357 3713 2590 3830 Malim

262 3869 456 3936 παιδί
468 3897 575 3951 ων
639 3878 715 3937 ut
772 3873 940 3939 infra
1002 3895 1061 3958 p.
1114 3873 1333 3940 458D
1378 3873 1766 3940 Plutarchus
1814 3872 1892 3939 de
1943 3873 2165 3938 eadem
2212 3893 2280 3937 re
2327 3871 2585 3936 scribit·

264 3967 417 4055 ὅσπερ
476 3977 532 4041 ἐν
590 3985 717 4050 τοῖς
764 3978 997 4059 δρόμοις
1046 4003 1131 4044 τα
1181 3978 1473 4044 παιδία
1522 3981 1608 4062 τῷ
1656 4003 1744 4055 μη
1793 3987 2040 4059 κρατεῖν
2092 3978 2323 4042 ἑαυτῶν
2370 3999 2592 4056 προκα-

264 4083 611 4148 ταπίπτοντα
657 4087 763 4149 τοῦ
810 4087 1024 4155 τέλους
1072 4085 1175 4166 ἐφ’
1223 4082 1249 4149 ὃ
1300 4085 1549 4150 σπεύδει
1599 4084 1876 4162 γελοίως.

330 4185 389 4250 Ρ.
438 4186 636 4257 4510
684 4198 844 4255 extr.
906 4193 977 4256 τὸ
1034 4189 1245 4272 ἄγριον
1290 4195 1580 4256 κολοῦσαι
1634 4191 1738 4256 καὶ
1789 4192 2055 4268 ἀφελεῖν
2105 4191 2215 4262 τὴν
2261 4189 2587 4269 ἀμετρίαν,

270 4281 373 4354 εἶτα
426 4294 755 4361 τιθασεύειν
807 4297 911 4361 καὶ
960 4298 1545 4376 περιίστασθαι
1596 4299 1684 4362 τὸ
1729 4299 2158 4378 χρήσιμον.
2215 4295 2354 4377 Quo
2401 4317 2590 4362 sensu

270 4389 385 4462 haec
446 4419 591 4465 sana
644 4421 779 4468 esse
838 4405 1083 4488 possint
1096 4452 1115 4482 ,
1180 4401 1418 4470 vellem
1478 4402 1902 4469 Bernardakis
1963 4402 2372 4489 explicasset,
2421 4401 2590 4488 quod
