3192 5009
602 264 735 333 248
1399 280 1483 331 nn
1528 281 1680 329 man
1728 278 2180 331 cancamum.

690 449 935 535 Legem
996 454 1251 527 autem,
1314 468 1509 534 quam
1570 448 1690 512 sub
1757 446 1826 512 3⁰
1889 450 2112 533 posui,
2175 445 2372 512 semel
2435 466 2490 511 a.
2543 442 2628 511 57
2691 465 2728 509 a
2769 442 2957 509 Sestio

597 556 853 621 tribuno
898 554 985 641 pl.
1033 554 1392 643 neglectam
1438 576 1572 621 esse
1621 553 1817 619 tradit
1865 552 2104 621 Cicero.
2155 553 2250 619 Eo
2298 575 2461 619 anno
2513 556 2687 618 enim
2734 551 2960 617 Sestius

598 670 861 729 conatus
924 667 1021 727 est
1084 662 1503 739 „obnuntiare
1569 660 1883 740 consuli'’‚
1947 665 2024 725 ut
2069 658 2288 727 Cicero
2337 660 2512 725 dicit.
2563 658 2766 723 Verba
2807 655 2962 724 Cice-

598 772 771 835 ronis
817 789 855 834 a
900 768 1221 834 nonnullis
1267 770 1425 833 viris
1475 767 1678 833 doctis
1707 764 1760 847 ¹)
1809 766 2174 832 referuntur
2221 767 2299 831 ad
2347 767 2612 831 comitia
2655 762 2926 829 aedilicia
2945 812 2960 839 ‚

599 896 759 960 quae
826 876 945 940 hoc
1013 895 1173 940 anno
1237 874 1718 939 obnuntiatione
1787 872 2102 959 impedita
2165 894 2300 938 esse
2363 875 2701 950 novimus,
2750 871 2963 956 quibus

599 979 899 1048 Clodium
960 980 1370 1045 candidatum
1417 978 1694 1045 aedilem
1737 982 1937 1044 creari
1983 982 2155 1065 passi
2201 1001 2328 1045 non
2376 984 2528 1043 sunt
2579 980 2718 1043 eius
2765 977 2966 1042 adver-

597 1089 747 1151 sarii
807 1086 1053 1151 Sestius
1114 1092 1179 1151 et
1235 1086 1420 1154 Milo.
1484 1086 1629 1151 Hoc
1687 1089 1744 1151 si
1789 1107 2018 1151 verum
2064 1092 2268 1163 esset,
2316 1107 2416 1151 res
2463 1106 2593 1149 non
2639 1087 2965 1170 pertineret

597 1193 679 1260 ad
722 1214 865 1259 eam
912 1214 1051 1257 rem
1098 1192 1174 1258 de
1221 1213 1347 1277 qua
1394 1195 1672 1279 agimus.
1722 1191 1848 1257 Sed
1896 1195 2330 1258 certissimum
2377 1196 2834 1278 argumentum
2872 1189 2966 1253 ob-

598 1305 728 1364 stat
786 1302 1129 1385 quominus
1191 1302 1617 1364 assentiamur
1678 1300 1780 1363 his
1839 1301 1998 1365 viris
2065 1299 2303 1377 doctis;
2368 1301 2636 1364 comitia
2695 1296 2966 1363 aedilicia

598 1410 772 1473 enim
838 1406 958 1471 hoc
1028 1426 1188 1469 anno
1258 1405 1479 1470 habita
1539 1410 1691 1469 sunt
1747 1408 1831 1469 in
1896 1403 2198 1490 Campo
2261 1402 2685 1485 Martio¹),
2747 1404 2855 1467 ubi
2897 1421 2963 1465 eo

598 1520 883 1597 tempore
944 1532 1163 1577 omnes
1225 1513 1576 1576 creationes
1623 1511 1758 1576 fieri
1807 1510 2096 1577 solebant
2111 1531 2128 1588 ;
2190 1511 2589 1576 obnuntiatio
2639 1509 2828 1575 Sestii
2869 1528 2967 1571 au-

600 1625 735 1684 tem
800 1619 1176 1704 interposita
1234 1624 1333 1683 est
1401 1620 1485 1681 in
1552 1617 1657 1685 Fo
1677 1639 1794 1694 ro,
1867 1620 1936 1681 in
1995 1615 2238 1701 templo
2305 1614 2588 1683 Castoris
2619 1613 2704 1697 3);
2767 1618 2965 1699 itaque

599 1745 849 1790 necesse
918 1730 1014 1789 est
1081 1730 1158 1788 ut
1217 1728 1579 1788 statuamus
1599 1772 1615 1801 ,
1691 1722 1977 1788 Sestium
2041 1729 2346 1788 conatum
2407 1744 2544 1788 esse
2607 1723 2966 1787 obnuntiare

600 1830 845 1896 consuli
906 1851 1087 1894 cum
1146 1828 1282 1895 lex
1348 1830 1382 1893 f
1388 1834 1735 1894 erretur.
1802 1826 1970 1895 Cum
2033 1834 2254 1894 autem
2301 1831 2452 1895 huic
2496 1828 2633 1914 legi
2677 1827 2968 1893 restiterit

601 1936 847 2002 Sestius
895 1938 1139 2000 amicus
1187 1933 1509 2002 Ciceronis
1527 1983 1544 2013 ,
1593 1936 1946 2000 verisimile
1985 1940 2082 1999 est
2119 1934 2394 2001 latorem
2431 1933 2598 2021 legis
2637 1934 2830 1997 fuisse
2866 1936 2967 1995 aut

603 2044 937 2107 tribunum
1002 2042 1283 2127 aliquem
1344 2038 1636 2107 Ciceroni
1679 2043 2020 2105 inimicum
2047 2038 2121 2126 ⁴),
2173 2046 2287 2106 aut
2333 2041 2403 2121 Q.
2454 2039 2798 2106 Met-ellum
2841 2058 2968 2103 con-

600 2147 827 2213 sulem.
902 2145 1210 2213 Metellus
1278 2168 1430 2211 cum
1494 2144 1718 2213 Clodio
1777 2145 1964 2211 valde
2025 2150 2399 2212 coniunctus
2461 2147 2622 2225 fuit,
2687 2152 2754 2211 et
2794 2147 2965 2209 initio

599 2256 793 2320 huius
860 2257 1008 2318 anni
1078 2274 1312 2339 parum
1384 2252 1638 2317 favebat
1709 2250 1995 2319 Ciceroni
2019 2258 2092 2333 6),
2161 2260 2380 2338 postea
2441 2252 2705 2317 demum
2765 2270 2966 2315 mense

598 2360 784 2425 Iunio
849 2360 978 2425 fere
1039 2357 1439 2423 simultatem
1501 2358 1798 2443 deposuit
1820 2364 1894 2437 θ).
1957 2358 2175 2423 Etiam
2238 2363 2532 2445 apparet,
2582 2360 2966 2444 rogationem

596 2466 800 2531 latam
861 2487 993 2530 esse
1048 2467 1235 2529 initio
1284 2468 1465 2541 anni,
1515 2464 1695 2529 brevi
1741 2470 1886 2549 post
1932 2468 2335 2551 rogationem
2380 2465 2740 2530 Fabriciam
2783 2466 2970 2547 impe·

600 2572 805 2636 ditam
830 2571 905 2650 ⁷),
945 2592 1163 2636 mense
1196 2570 1498 2636 Ianuario
1539 2576 1654 2635 aut
1691 2569 1930 2635 Martio
1969 2592 2120 2661 cum
2143 2570 2452 2636 Metellus
2477 2570 2677 2635 fasces
2701 2568 2967 2634 haberet.

598 2677 725 2743 Sed
786 2698 1096 2762 quaenam
1154 2677 1350 2741 fuerit
1412 2696 1485 2741 ea
1530 2680 1782 2764 rogatio
1831 2680 2172 2743 nescimus.
2239 2675 2458 2743 Cicero
2507 2674 2796 2742 consulto
2839 2694 2970 2739 rem

598 2785 999 2861 obscuravit,
1062 2784 1305 2868 partim
1363 2789 1440 2847 ut
1488 2781 1738 2869 tegeret
1783 2781 2046 2869 culpam
2087 2782 2314 2861 Sestii,
2364 2786 2606 2869 partim
2654 2787 2729 2847 ut
2776 2778 2970 2846 occul-

604 2972 832 2979 —-—„——-—
849 2968 951 2977 -·——--—

666 3076 721 3139 1)
758 3076 1028 3123 Mommsen
1062 3072 1263 3121 Staatsr.
1306 3073 1363 3121 1·
1408 3089 1453 3137 p.
1494 3073 1589 3121 113
1626 3072 1733 3121 adn.
1769 3075 1814 3122 8.
1851 3100 1917 3110 —
1951 3073 2008 3137 2)
2042 3072 2141 3122 Cic.
2179 3075 2283 3124 Att.
2323 3075 2367 3121 4.
2391 3075 2440 3122 3.
2460 3075 2505 3122 3.
2541 3100 2610 3111 —
2647 3074 2696 3135 3)
2728 3073 2825 3121 Cic.
2857 3073 2968 3121 seat.

598 3158 677 3210 37.
698 3157 785 3209 79:
841 3156 1031 3219 ‚itaque
1079 3156 1231 3203 fretus
1273 3156 1527 3204 sanctitate
1572 3154 1849 3203 tribunatus
1883 3191 1926 3204 ..
1952 3194 1962 3203 .
2007 3155 2135 3204 venit
2169 3156 2221 3203 in
2259 3158 2481 3219 templum
2527 3154 2764 3213 Castoris,
2801 3154 2968 3204 obnun-

596 3239 738 3289 tiavit
784 3236 1016 3287 consuli’'.
1068 3238 1141 3286 Id.
1177 3238 1271 3301 Qu.
1308 3238 1368 3286 fr.
1406 3237 1453 3285 2.
1475 3238 1521 3286 3.
1543 3236 1602 3287 6:
1655 3236 1831 3285 ‚incidi
1866 3237 1916 3286 in
1953 3252 2062 3287 eum
2100 3237 2256 3287 locum
2293 3238 2345 3287 in
2378 3238 2602 3296 dicendo,
2635 3252 2743 3287 eum
2779 3236 2969 3292 Sestius,

600 3320 765 3370 multis
806 3322 857 3368 in
902 3320 1073 3381 templo
1116 3315 1330 3367 Castoris
1377 3316 1654 3367 vulneribus
1700 3319 1930 3383 acceptis,
1975 3318 2183 3368 subsidio
2222 3320 2412 3369 Bestiae
2445 3322 2660 3368 servatus
2692 3317 2860 3368 eaaet'ffi
2912 3342 2970 3353 —

598 3404 656 3453 43
707 3402 847 3467 Quod
896 3400 1078 3449 Sestius
1126 3401 1308 3449 oon-ruli
1353 3398 1707 3449 obnuntiaviaae
1755 3401 1983 3459 traditur,
2031 3417 2126 3451 non
2173 3402 2356 3460 obstat,
2387 3402 2643 3466 quominus
2675 3401 2969 3467 auspicemur,

596 3487 801 3536 latorem
838 3483 955 3547 legis
991 3482 1135 3531 fuisse
1168 3481 1417 3531 tribunum
1453 3482 1519 3547 pl.
1556 3482 1792 3547 aliquem,
1830 3483 1980 3533 veluti
2011 3484 2069 3547 Q.
2106 3484 2394 3533 Numerium
2425 3484 2604 3533 Rufum
2623 3485 2758 3543 (Sest
2780 3484 2858 3531 38.
2878 3481 2970 3541 82)-

597 3565 878 3618 Actionibus
911 3563 1183 3613 tribuniciis
1217 3562 1345 3612 enim
1380 3563 1623 3613 consulem
1659 3564 1818 3613 adesse
1853 3564 2128 3629 oportebat·
2166 3566 2208 3613 ie
2234 3565 2454 3614 omnibus
2481 3564 2622 3613 rebua
2651 3579 2771 3628 qnae
2799 3562 2970 3629 publice

595 3648 883 3715 gerebantur
926 3645 1193 3711 praefectus
1236 3648 1366 3703 erat,
1404 3648 1453 3694 et
1488 3644 1529 3694 ei
1565 3648 1672 3694 erat
1705 3647 2050 3711 providendum
2087 3650 2142 3696 ut
2177 3648 2336 3696 omnia
2373 3647 2474 3697 ritu
2506 3652 2556 3695 et
2587 3646 2756 3695 ordine
2789 3646 2994 3706 flerent:¹

596 3732 775 3781 mirum
826 3742 919 3777 non
970 3730 1065 3785 eat,
1120 3726 1160 3776 si
1206 3726 1315 3791 quia
1362 3726 1419 3774 de
1464 3726 1596 3779 caelo
1645 3731 1884 3786 servarat.
1936 3729 2084 3777 etiam
2119 3728 2169 3777 in
2205 3729 2392 3778 actione
2426 3727 2710 3787 tribunicia.
2745 3728 2786 3777 ai
2817 3724 2968 3776 consul

596 3814 785 3870 aderat,
831 3824 941 3859 eum
978 3808 1263 3859 obnuntiare
1297 3810 1501 3867 consuli,
1541 3825 1637 3858 non
1671 3810 1861 3860 tribuno
1895 3810 1999 3860 soli.
2035 3810 2114 3860 Sic
2149 3812 2305 3860 Varro
2339 3815 2398 3873 (r.
2435 3814 2554 3860 rust.
2592 3812 2637 3859 3.
2657 3810 2702 3859 2.
2725 3810 2781 3875 2)
2815 3807 2967 3865 tradit,

594 3912 635 3943 a.
678 3896 756 3951 54,
809 3907 919 3941 cum
969 3890 1165 3940 comitia
1210 3889 1427 3939 aedilicia
1472 3890 1767 3941 haberentur
1809 3910 1840 3941 a
1875 3893 2064 3943 tribuno
2097 3893 2246 3957 plebis
2280 3892 2360 3954 (eo
2399 3908 2524 3942 anno
2559 3892 2688 3942 enim
2719 3893 2969 3941 creationes

595 3976 823 4041 patriciae
859 3972 1021 4023 nullae
1054 3973 1245 4022 habitae
1280 3975 1427 4034 sunt),
1467 3974 1674 4038 Appium
1710 3974 1966 4024 Claudium
1995 3990 2224 4039 augurem
2257 3976 2479 4038 (eundem
2498 3974 2767 4038 cotisulem)
2796 3974 2969 4023 affuisse

602 4061 685 4107 aut
732 4056 911 4106 consuli
960 4055 1170 4105 Domitio
1219 4054 1339 4119 (non
1386 4071 1498 4104 vero
1546 4056 1759 4122 tribuno)
1795 4061 1985 4123 praesto
2020 4062 2141 4107 esset
2176 4058 2217 4106 ai
2251 4058 2366 4123 quid
2401 4074 2512 4107 usus
2544 4056 2875 4123 poposcisset''.
2907 4082 2968 4093 —

598 4142 652 4204 5)
700 4139 795 4187 Cic.
836 4140 935 4186 Att.
974 4138 1195 4196 3.12.1;
1243 4138 1356 4186 fam.
1396 4140 1505 4187 5.4.
1529 4138 1573 4186 1.
1626 4166 1694 4175 -
1745 4139 1798 4201 6)
1834 4138 1933 4190 Cic.
1973 4141 2076 4189 Att.
2113 4140 2330 4199 8.24.2;
2383 4142 2503 4189 Seat.
2539 4139 2722 4198 saw,
2754 4139 2963 4195 62.130;

595 4236 729 4286 prov.
766 4234 891 4267 cons.
928 4220 971 4267 9.
994 4220 1084 4278 22;
1124 4219 1220 4268 Pia.
1264 4220 1338 4268 15.
1360 4221 1440 4268 85.
1476 4246 1544 4256 —
1580 4218 1636 4284 7)
1673 4220 1770 4270 Cic.
1813 4220 1924 4270 Mil.
1968 4222 2128 4271 14.38
2168 4237 2244 4271 res
2280 4222 2392 4271 anni
2428 4221 2488 4275 57
2523 4236 2824 4280 enumerans.
2857 4222 2966 4270 hane

597 4318 697 4351 rem
743 4301 889 4349 etiam
923 4305 1039 4349 anto
1072 4302 1368 4365 rogationem
1404 4300 1668 4351 Fabricium
1705 4303 1891 4366 posuit,
1928 4303 2008 4351 aed
2044 4303 2093 4352 in
2131 4304 2348 4353 Sestiana
2384 4302 2488 4366 (37.
2510 4303 2618 4367 79).
2654 4308 2705 4353 et
2739 4307 2846 4370 post
2876 4303 2964 4353 red.

501 4426 510 4435 .
594 4387 661 4437 in.
698 4387 804 4434 Seu.
842 4384 913 4449 (3.
935 4382 986 4443 7)
1022 4382 1147 4433 idem
1180 4384 1419 4445 ostendit,
1454 4400 1559 4434 eam
1596 4384 1728 4435 brevi
1765 4389 1872 4451 post
1907 4401 2005 4435 ease
2039 4386 2226 4437 factam.
