3192 5009
558 222 690 290 388
1502 236 2002 286 amaveramus.

558 407 682 478 Oui
726 408 870 474 ille:
1993 471 1996 474 ,

825 514 907 580 τί
949 514 1046 581 δαὶ
1098 513 1173 578 σὺ
1223 511 1468 581 πίνων
1519 515 1626 586 τὴν
1679 513 1857 601 πόλιν
1890 511 2249 585 ,πεποίηκας
2299 505 2455 573 ὥστε
2505 509 2634 571 νυνὶ·

830 620 945 686 ὑπὸ
992 626 1095 686 σοῡ
1145 620 1499 698 μονωτάτου
1548 615 2185 696 κατεγλωττισμένην
2229 619 2467 681 σιωπᾶν
2489 635 2505 692 ;

558 727 729 793 Τ11111
773 725 1106 812 Paphlago
1132 728 1165 790 :'

829 832 960 910 ἐμοὶ
1008 835 1136 911 γάρ
1183 829 1521 908 άντέθηκας
1574 832 1888 909 ἀνθρώπων
1942 827 2090 906 τιν’;
2145 823 2307 900 ὅστις
2359 825 2530 899 εὐθὺς

834 939 1065 1003 θύννεια
1118 939 1309 1021 θερμά
1360 937 1781 1018 καταφαγών,
1833 931 1976 1018 κᾷτ’
2027 935 2364 999 ἐπιπιὼν
2414 934 2776 1014 άκράτου

833 1045 1039 1110 οἴνου
1086 1047 1247 1126 χόα
1298 1043 1696 1121 κασαλβάσω
1744 1043 1882 1113 τοὺς
1934 1042 1994 1105 ἐν
2042 1042 2225 1124 Πύλῳ
2275 1041 2684 1122 στρατηγούς.

562 1151 806 1232 Quibus
853 1151 1005 1216 haec
1055 1153 1304 1237 reponit
1354 1152 1703 1215 isiciarius:

836 1258 959 1335 ἐγὼ
1005 1256 1069 1321 δέ
1116 1259 1185 1334 γ’
1236 1255 1519 1337 ἤνυστρον
1564 1256 1708 1334 βοὸς
1757 1255 1862 1318 καὶ
1914 1259 2149 1320 κοιλίαν
2199 1254 2367 1320 ὑείαν

836 1363 1353 1443 καταβροχθίσας
1394 1357 1537 1444 κᾷτ’
1586 1361 1930 1425 ἐπιπιὼν
1978 1361 2111 1425 τὸν
2157 1357 2416 1440 ζωμὸν
2453 1360 2888 1429 ἀναπόνιπτος

836 1475 1161 1549 λαρυγγιῶ
1210 1470 1348 1537 τοὺς
1394 1471 1645 1548 ῥήτορας
1696 1467 1798 1530 καὶ
1851 1466 2077 1531 Νικίαν
2122 1465 2392 1547 ταράξω.

564 1575 742 1643 Haec
787 1576 1049 1639 isiciarii
1093 1574 1291 1638 verba
1333 1575 1423 1638 sic
1470 1571 1778 1637 diiudicat
1825 1592 2048 1636 servus
2094 1575 2304 1656 prior:

840 1681 925 1744 τά
971 1680 1084 1756 μὲν
1132 1676 1308 1742 ἄλλα
1354 1678 1426 1756 μ’
1482 1679 1702 1759 ἤρεσας
1752 1677 1975 1755 λέγων,
2025 1669 2087 1742 ἓν
2134 1676 2190 1741 δ’
2238 1679 2304 1742 οὗ
2355 1677 2672 1759 προσίεταί
2718 1700 2848 1754 με,

841 1792 957 1850 τῶν
1004 1786 1395 1864 πραγμάτων
1444 1784 1576 1859 ὄτιη
1623 1786 1858 1862 μόνος
1911 1785 2011 1848 τὸν
2058 1783 2256 1866 ζωμὸν
2304 1785 2678 1864 ἐκροφήσεις.

566 1891 825 1958 Horum
887 1889 1053 1956 nihil
1102 1889 1557 1955 intellexerunt
1606 1896 1853 1955 veteres
1892 1893 2270 1976 interpretes
2288 1939 2304 1966 ,
2353 1888 2510 1955 falso
2557 1909 2826 1955 versum
2875 1908 2968 1952 se·

572 2004 872 2084 quentem
915 1997 1065 2061 άλλ’
1108 1999 1172 2061 οὗ
1222 1996 1557 2074 λάβρακας
1608 1997 2009 2076 καταφαγὼν
2057 1999 2396 2069 Μιλησίους
2439 1997 2748 2070 κλονήσεις
2775 2013 2968 2060 servo

568 2105 923 2169 tribuentes
942 2152 957 2180 ,
1002 2123 1195 2188 quem
1234 2104 1388 2188 quin
1430 2107 1599 2166 recte
1638 2104 1886 2186 primus
1925 2101 2143 2187 Enger
2181 2089 2584 2188 Paphlagoni
2609 2099 2968 2166 reddiderit

572 2231 760 2275 nemo
831 2207 1016 2274 hodie
1088 2209 1360 2274 dubitat.
1434 2209 1739 2273 Attamen
1809 2228 1888 2273 ne
1957 2229 2125 2272 nunc
2196 2208 2456 2292 quidem
2520 2206 2674 2293 quid
2734 2225 2966 2271 servus

572 2318 897 2401 vituperet
942 2317 1011 2378 in
1058 2316 1325 2380 isiciarii
1372 2335 1672 2400 responso
1722 2316 1980 2378 omnino
2027 2314 2274 2379 clarum
2320 2320 2438 2378 est.
2485 2312 2654 2378 Nam
2701 2314 2758 2378 si
2807 2309 2968 2397 quid

574 2419 750 2499 μόνος
800 2421 1221 2507 significabit,
1269 2419 1450 2485 locus
1498 2441 1646 2486 sane
1694 2424 1788 2486 ita
1833 2423 2184 2486 necessario
2231 2419 2699 2506 intellegendus
2745 2425 2850 2484 est
2891 2423 2968 2480 ut

572 2524 911 2591 intellexit
942 2547 1091 2590 cum
1138 2525 1280 2591 aliis
1326 2525 1614 2591 Ribbeck
1657 2533 1984 2593 vertensz.

1621 2631 1763 2697 Nur
1807 2635 1942 2697 eins
1987 2633 2226 2718 behagt
2271 2635 2399 2698 mir
2439 2635 2686 2718 wenig‚

669 2739 812 2804 dass
858 2737 944 2802 du
992 2738 1102 2802 der
1146 2736 1684 2824 Staatsgeschafte
1732 2737 1948 2824 Suppe
1986 2738 2186 2804 willst
2225 2739 2330 2804 fiir
2367 2739 2511 2804 dich
2550 2735 2870 2805 behalten.

576 2843 683 2910 Sic
744 2865 897 2908 vero
962 2844 1302 2908 obscurum
1367 2849 1464 2909 est
1480 2892 1497 2922 ,
1562 2843 1716 2930 quid
1777 2844 1900 2908 sibi
1961 2844 2164 2910 velint
2211 2846 2404 2910 verba
2451 2863 2827 2931 praegressa
2875 2841 2961 2904 τὰ

575 2952 689 3029 μὲν
757 2947 935 3013 ἄλλα
1001 2949 1073 3026 μ’
1148 2949 1366 3029 ἤρεσας
1429 2949 1650 3034 λέγων,
1716 2952 1770 3014 81
1835 2954 2010 3015 8111111
2073 2971 2254 3016 servo
2317 2951 2726 3038 displicebat,
2794 2945 2963 3035 quod

575 3057 770 3121 homo
814 3053 1142 3119 iusculum
1190 3055 1363 3120 solus
1409 3055 1824 3141 absorpturus
1871 3063 2041 3135 erat,
2092 3056 2300 3122 multo
2339 3061 2538 3124 etiam
2573 3061 2794 3122 minus
2833 3053 2966 3140 pla-

579 3183 717 3228 cere
780 3164 840 3226 ei
893 3160 1163 3227 debebat
1209 3164 1504 3227 omnium
1550 3165 1842 3228 carnium
1859 3212 1876 3239 ,
1925 3163 2092 3227 unde
2138 3166 2242 3228 ius
2289 3164 2624 3230 decoctum
2669 3169 2838 3240 erat,
2887 3159 2964 3224 ab

581 3287 711 3331 uno
772 3270 1196 3353 consumptio:
1269 3265 1666 3353 Quapropter
1728 3273 1841 3333 aut
1901 3267 2088 3333 fallor
2149 3275 2260 3335 aut
2307 3291 2530 3336 servus
2547 3320 2565 3348 ‚
2613 3272 2798 3336 cuius
2843 3269 2967 3332 8111-

581 3371 879 3459 gularem
940 3374 1076 3436 vini
1138 3392 1424 3438 amorem
1483 3373 1732 3438 abunde
1793 3376 2092 3439 novimus
2153 3397 2186 3440 8
2229 3375 2370 3440 loco
2419 3395 2788 3464 praegresso
2835 3391 2961 3437 ves.

538 3511 541 3514 ⁴
583 3475 669 3543 85
695 3498 852 3563 sqq„
893 3498 1042 3542 cum
1078 3477 1520 3563 indignatione
1559 3479 1809 3544 audivit
1845 3482 2201 3546 isiciarium
2235 3475 2669 3568 Paphlagonis
2695 3481 2965 3557 άκράτου

581 3582 735 3649 οἴνου
782 3583 895 3661 χοῖ
937 3591 1358 3668 opponentem
1408 3605 1602 3649 suum
1649 3587 1764 3652 τῶν
1813 3586 2212 3664 πραγμάτων
2259 3587 2478 3668 ζωμόν,
2527 3587 2709 3653 nulla
2751 3583 2965 3652 addita

581 3691 721 3755 vini
756 3689 1078 3752 mentione
1096 3736 1112 3765 ,
1155 3707 1281 3772 qua
1315 3689 1551 3754 melius
1588 3689 1968 3776 redarguere
2006 3695 2322 3777 potuisset
2341 3695 2802 3779 gravissimum
2823 3693 2963 3775 ipso

585 3793 795 3859 iudice
841 3795 1081 3857 crimen
1130 3791 1539 3866 ὑδατοποσίας
1559 3842 1575 3872 ,
1629 3796 1798 3880 quod
1843 3817 1940 3861 vs.
1991 3795 2122 3862 349
2171 3802 2240 3862 in
2286 3820 2435 3864 cum
2480 3802 2715 3866 iecerat
2751 3797 2964 3862 adver-

587 3901 813 3964 sarius.
861 3895 1035 3976 Quae
1083 3899 1525 3984 interpretatio
1571 3903 1630 3963 si
1678 3921 1830 3967 vera
1856 3907 1975 3968 ,est
1991 3951 2008 3979 ‚
2054 3901 2436 3990 legendum:

1018 4001 1150 4075 θτιη
1194 4001 1427 4081 μόνον
1478 4004 1670 4082 (nihil
1714 4013 1987 4090 praeter)
2035 4008 2138 4072 τὸν
2185 4006 2381 4088 ζωμὸν
2428 4011 2805 4091 ἐκροφήσεις.

590 4107 893 4176 Ceterum
954 4110 1191 4173 rectius
1253 4115 1369 4174 τῶν
1430 4108 1830 4189 πραγμάτων
1883 4133 2034 4177 cum
2080 4113 2184 4177 τὸν
2228 4111 2424 4193 ζωμόν
2469 4136 2666 4201 quam
2713 4135 2862 4180 cum
2908 4107 2965 4176 ἕν

588 4217 775 4300 iungi
835 4214 993 4279 bene
1056 4211 1136 4281 G.
1184 4214 1514 4280 Hermann
1569 4215 1925 4295 intellexit,
1985 4218 2095 4284 sed
2142 4221 2385 4305 optime
2433 4241 2576 4286 eam
2622 4241 2848 4287 vocem
2893 4218 2967 4283 de

592 4320 887 4386 carnibus
926 4322 1127 4405 accipi
1165 4342 1349 4406 posse
1390 4328 1666 4386 testatur
1704 4325 1840 4406 ipse
1875 4330 2062 4409 poeta
2098 4327 2166 4390 in
2206 4325 2455 4392 fabulae
2493 4327 2616 4393 fine
2657 4327 2962 4393 scribens:
