3192 5009
1287 359 1625 433 nonanus.
2553 358 2634 427 19

268 548 562 617 Romani.
611 546 894 615 Uxorem
940 532 1160 616 autem
1209 550 1522 616 ducebant
1566 556 1711 614 tum
1757 557 1822 615 et
1852 547 2222 613 humilioris
2260 546 2639 613 condicionis

269 659 560 723 homines
605 659 699 722 rei
743 656 1124 722 domesticae
1173 656 1617 722 sustentandae
1665 676 1854 721 causa
1868 702 1887 733 ,
1934 662 1999 721 et
2042 654 2385 720 nobiliores
2427 655 2640 740 gentis

268 784 346 829 ac
405 761 680 828 familiae
741 763 1180 850 propagandae
1241 765 1483 850 gratia,
1549 761 1658 828 sed
1708 762 2125 827 abhorrebant
2169 762 2299 827 fere
2346 782 2383 826 a
2425 762 2642 825 matri-

263 872 485 935 monio
541 871 670 934 viri
728 868 1062 934 mediocris
1121 869 1407 934 fortunae
1458 867 1563 934 vel
1611 870 1877 955 originis
1899 915 1916 946 ‚
1965 870 2066 932 uti
2111 867 2446 932 Lucretius
2463 915 2480 944 ,
2529 863 2643 933 Ca-

261 974 473 1042 tullus
492 1024 509 1053 ,
555 973 849 1039 Tibullus
868 1023 884 1052 ,
933 975 1338 1060 Propertius,
1389 972 1716 1061 Vergilius
1732 1023 1749 1052 ,
1797 973 2109 1039 Horatius
2129 1022 2145 1051 ,
2197 973 2429 1059 quibus
2449 1020 2465 1050 ,
2516 973 2640 1036 nisi

264 1083 435 1148 forte
495 1081 572 1146 ab
632 1101 845 1145 amore
906 1081 1308 1147 abstinebant
1327 1128 1342 1157 ,
1401 1080 1677 1146 restabat
1724 1080 2211 1157 concubinatus,
2260 1100 2389 1144 non
2433 1084 2643 1144 certus

265 1186 384 1253 ille
421 1199 486 1253 et
524 1184 790 1264 stabilis,
834 1185 943 1252 sed
981 1208 1129 1251 cum
1170 1185 1402 1272 puellis
1441 1206 1759 1271 nusquam
1799 1205 1923 1250 non
1961 1184 2173 1250 infidis
2196 1190 2263 1249 et
2286 1182 2639 1251 venalibus.

363 1292 564 1359 Erant
601 1290 1048 1371 nihilominus,
1104 1297 1179 1356 ut
1225 1291 1332 1370 fit,
1383 1293 1583 1356 animi
1628 1291 1913 1369 candidi,
1962 1293 2075 1376 qui
2120 1293 2317 1356 etiam
2360 1310 2509 1354 cum
2554 1294 2645 1353 ta-
2700 1298 2707 1306 “

265 1398 442 1465 libus
501 1396 899 1463 mulierculis
945 1396 1340 1482 aliquamdiu
1387 1404 1697 1462 mutuum
1739 1396 2065 1482 fidumque
2110 1416 2396 1461 amorem
2441 1414 2645 1479 spera-

268 1510 416 1571 rent
462 1524 652 1589 seque
697 1523 856 1568 unos
899 1506 1015 1567 uni
1061 1522 1208 1587 prae
1250 1502 1546 1567 omnibus
1586 1500 1777 1567 caros
1802 1508 1867 1567 et
1905 1508 2190 1588 acceptos
2224 1520 2474 1586 semper
2512 1500 2645 1565 fore

269 1609 688 1687 confiderent,
752 1608 945 1673 donec
1004 1608 1353 1673 identidem
1401 1608 1649 1695 decepti
1695 1615 1760 1674 et
1806 1608 2034 1673 multis
2079 1609 2323 1674 vicibus
2371 1608 2645 1692 turpiter

270 1713 518 1782 exclusi
554 1713 989 1799 blanditerque
1027 1717 1305 1780 revocati
1343 1715 1448 1797 (cf.
1492 1713 1650 1779 Hor.
1699 1712 1764 1779 S.
1814 1712 1879 1779 11
1926 1713 1987 1779 3.
2015 1713 2148 1780 260
2172 1720 2353 1800 sqq.)‚
2388 1713 2646 1779 tandem

271 1820 543 1887 meliora
601 1819 772 1886 docti
835 1821 914 1885 ab
958 1818 1404 1907 indignissima
1448 1818 1663 1907 puella
1711 1840 1776 1885 se
1824 1826 2183 1885 averterent
2198 1870 2215 1898 ,
2267 1822 2511 1905 experti
2556 1821 2648 1882 in-

271 1934 449 1994 terea
481 1947 738 1993 omnem
778 1928 1013 1992 amoris
1053 1924 1450 1991 exultantem
1492 1925 1810 1991 laetitiam
1858 1931 1921 1991 et
1967 1928 2404 1992 tristissimam
2448 1928 2649 2013 aegri-

272 2033 590 2099 tudinem.
639 2032 737 2097 Ex
783 2032 901 2097 hoc
941 2052 1172 2119 genere
1212 2032 1471 2097 fuerunt
1505 2029 1801 2096 Tibullus
1840 2038 1905 2097 et
1942 2032 2345 2117 Propertius,
2371 2054 2647 2119 quorum

274 2138 520 2205 fervido
581 2144 646 2203 et
707 2140 986 2225 ingenuo
1049 2158 1195 2203 sane
1214 2187 1231 2216 ,
1295 2137 1404 2203 sed
1452 2158 1633 2203 caeco
1679 2140 1872 2202 unius
1918 2136 2137 2203 Deliae
2184 2138 2290 2204 vel
2334 2136 2648 2226 Cynthiae

275 2247 483 2312 amori
545 2251 610 2310 et
677 2247 1082 2309 inconcussae
1151 2246 1220 2307 in
1286 2245 1588 2309 maximis
1658 2242 2061 2309 contumeliis
2132 2244 2279 2310 fide1
2343 2244 2650 2310 debentur

282 2350 725 2418 celeberrimae
786 2349 1026 2437 elegiae
1044 2399 1061 2427 ,
1107 2352 1176 2414 in
1221 2350 1451 2435 quibus
1499 2352 1700 2414 animi
1747 2370 1930 2415 ouras
1978 2352 2377 2435 apertissime
2424 2348 2649 2437 effude-

275 2463 452 2524 runt.
493 2457 887 2522 Huiusmodi
921 2462 1139 2522 autem
1177 2455 1456 2522 flebilem
1492 2456 1934 2543 humilemque
1974 2459 2206 2522 amoris
2232 2459 2649 2522 constantiam

279 2566 426 2649 quis
498 2564 958 2649 exspectaverit
1021 2562 1097 2627 ab
1165 2562 1279 2627 illo
1347 2561 1569 2627 Flacco
1588 2611 1606 2641 ,
1687 2584 1879 2648 quem
1947 2584 2137 2649 supra
2206 2565 2647 2651 cognovimus.

277 2668 550 2753 Scripsit
594 2668 855 2754 quidem
901 2669 1136 2733 erotica
1150 2716 1169 2746 ,
1219 2668 1328 2734 sed
1374 2668 1735 2734 videbimus
1780 2668 2012 2755 qualia.

554 2879 662 2946 De
707 2877 1246 2947 Carminibus
1294 2882 1732 2947 amatoriis
1781 2881 2295 2947 ordinandis.

281 3095 455 3165 cnm
513 3093 818 3160 Horatius
880 3096 1232 3159 satiram
1273 3094 1459 3160 illam
1505 3097 1953 3163 secundam
1999 3096 2439 3183 componeret,
2487 3100 2651 3163 circa

280 3224 526 3271 annum
569 3200 658 3266 40
703 3222 760 3265 a.
786 3196 858 3266 Ο.
884 3222 969 3278 n.,
1018 3203 1216 3286 patris
1261 3200 1593 3287 disciplina
1638 3224 1708 3269 ac
1745 3206 2056 3269 memoria
2094 3224 2332 3291 suaque
2370 3210 2651 3270 constan-

281 3312 378 3377 tia
414 3329 480 3374 se
517 3310 670 3373 satis
711 3309 1039 3371 munitum
1078 3306 1389 3385 credebat,
1431 3312 1771 3395 quominus
1810 3330 2123 3395 umquam
2166 3314 2649 3377 meretricis

283 3434 554 3482 amore
617 3411 1062 3478 sollicitus
1116 3412 1506 3498 ploraret
1549 3415 1642 3497 (S.
1690 3414 1772 3480 Π.
1824 3416 1885 3481 2.
1915 3415 2093 3497 382),
2143 3424 2208 3482 et
2254 3416 2536 3482 nondum
2580 3419 2651 3480 in

283 3524 499 3589 animo
560 3519 832 3586 habebat
891 3521 1199 3583 amatoria
1253 3520 1552 3586 meditari
1597 3528 1801 3587 semet
1844 3525 2061 3608 ipsum
2108 3525 2433 3611 tangentia
2478 3521 2653 3602 (licet

283 3629 548 3695 fortasse
603 3628 735 3691 iam
794 3627 1227 3711 experimenta
1289 3606 1599 3713 quaedam
1662 3628 1910 3695 fecisset
1956 3628 2311 3695 celebrandi
2355 3630 2651 3695 universe

283 3734 594 3801 Liberum
639 3738 704 3797 et
749 3729 1058 3797 Venerem
1103 3726 1494 3798 Graecorum
1541 3738 1826 3801 numeris
1864 3740 1929 3799 et
1966 3740 2300 3815 sermone).
2349 3732 2473 3799 Sed
2510 3735 2654 3799 risit
2720 3758 2725 3765 ·

281 3843 446 3908 hanc
493 3837 902 3905 adolescentis
947 3840 1376 3922 arrogantiam
1394 3888 1411 3917 ,
1457 3845 1534 3904 ut
1553 3854 1560 3861 ·
1581 3840 1855 3919 adsolet,
1910 3840 2121 3906 Mater
2166 3861 2351 3906 saeva
2398 3836 2655 3925 Cupidi÷

284 3968 449 4015 num
494 3950 683 4030 atque
727 3940 868 4008 ulta
913 3947 1040 4020 est,
1089 3963 1318 4031 cogens
1366 3953 1621 4031 poetam
1666 3947 1845 4012 brevi
1886 3953 2032 4032 post
2077 3953 2141 4012 et
2177 3946 2377 4012 colere
2414 3953 2479 4011 et
2518 3967 2654 4011 can-

283 4061 423 4121 tare
483 4055 771 4137 spretum
830 4068 1068 4113 numen
1087 4096 1102 4125 ,
1155 4056 1220 4113 et
1268 4070 1340 4115 eo
1385 4072 1586 4136 usque
1637 4051 1934 4138 progredi
1956 4100 1973 4129 ,
2026 4057 2099 4115 nt
2146 4057 2211 4117 et
2257 4054 2393 4137 ipse
2440 4072 2654 4138 quere-

284 4166 466 4227 retur
511 4156 587 4221 de
628 4154 898 4220 molesto
944 4174 1192 4231 amore,
1261 4158 1402 4240 qui
1448 4178 1568 4222 me
1615 4163 1953 4243 praeter
1998 4178 2275 4223 omnes
2326 4160 2653 4244 expetit

287 4262 698 4332 mollibus
759 4261 843 4325 in
901 4260 1190 4344 pueris
1235 4266 1310 4325 et
1358 4264 1439 4326 in
1485 4262 1801 4348 puellis
1848 4283 2130 4341 urere,
2176 4269 2240 4328 et
2285 4263 2655 4349 exprobran-

289 4378 428 4439 tem
497 4366 744 4435 audiret
809 4364 1276 4451 Damasippum
1343 4367 1580 4435 mille
1650 4368 2131 4455 puellarum
2202 4389 2654 4455 puerorum

291 4474 526 4545 mille
569 4474 902 4539 furores
951 4471 1177 4557 (Epod.
1231 4472 1402 4540 11.4
1448 4474 1512 4541 S.
1560 4475 1625 4541 11
1672 4474 1711 4542 3
1761 4482 1969 4559 extr.).
