3192 5009
1333 322 1689 372 vrrnuvrus.
2560 297 2687 364 421

424 491 516 557 De
560 491 817 558 aedibus
863 490 1092 556 doricis
1140 491 1320 556 docet
1365 492 1552 556 haec:

426 599 623 664 Frons
666 599 836 664 aedis
882 597 1126 663 doricae
1169 601 1238 662 in
1283 598 1420 663 1080
1464 619 1588 683 quo
1636 597 1967 663 columnae
2004 599 2499 673 constituuntur,
2541 596 2697 660 divi-

329 705 523 770 datur
557 707 613 769 si
652 703 1017 791 tetrastylos
1054 707 1176 770 erit
1209 707 1276 768 in
1313 710 1524 789 partes
1563 701 1831 780 XXVII,
1866 706 1920 768 si
1943 701 2329 789 hexastylos,
2354 700 2695 766 XXXXII.

327 811 432 876 Ex
477 813 578 876 his
622 832 764 897 pars
811 830 935 875 una
981 813 1100 876 erit
1145 809 1444 875 modulus
1490 812 1603 896 qui
1648 831 1873 896 graece
1909 809 2201 887 ἐμβάτης
2243 808 2478 874 (11811111-
2514 809 2697 872 8111118

333 916 581 983 moduli
641 919 1090 982 constitutione
1150 918 1739 982 ratiocinationibus
1797 915 2158 982 efficiuntur
2222 917 2428 980 omnis
2495 916 2701 1000 operis

330 1023 828 1088 distributiones.
879 1019 1246 1089 Crassitudo
1295 1021 1740 1088 'columnarum
1786 1025 1908 1086 erit
1953 1021 2228 1087 duorum
2248 1019 2659 1086 modulorum
2678 1069 2695 1097 ‚

329 1129 603 1194 altitudo
657 1149 806 1193 81118
869 1127 1149 1214 capitulo
1209 1126 1419 1205 XIIII,
1483 1127 1750 1213 capituli
1798 1125 2147 1193 crassitudo
2194 1129 2387 1191 unius
2430 1124 2696 1191 moduli.

331 1235 510 1300 Haec
555 1237 715 1300 ratio
760 1238 830 1298 in
875 1236 1170 1319 operibus
1217 1233 1510 1320 diastylis
1556 1236 1681 1299 erit
1725 1237 2091 1300 constituta.

427 1339 498 1406 Si
542 1361 693 1406 vero
741 1338 1034 1427 systylon
1070 1347 1134 1404 et
1168 1339 1737 1428 monotriglyphon
1776 1361 1937 1427 opus
1976 1343 2099 1406 erit
2139 1340 2508 1405 faciundum
2533 1338 2701 1404 frons

335 1448 540 1525 aedis,
604 1449 659 1511 si
707 1444 1076 1533 tetrastylos
1121 1449 1277 1524 erit,
1326 1446 1651 1511 dividatur
1692 1449 1759 1511 in
1810 1453 2020 1532 partes
2067 1445 2313 1511 XVIIII
2340 1445 2405 1523 S,
2455 1448 2511 1510 si
2556 1446 2705 1510 hex-

337 1553 579 1640 astylos
641 1555 763 1618 erit
821 1551 1144 1617 dividatur
1185 1554 1252 1616 in
1299 1551 1613 1616 XXVIIII
1652 1551 1716 1618 S.
1780 1552 1879 1616 Ex
1916 1553 2017 1618 his
2062 1573 2206 1637 pars
2247 1573 2373 1618 una
2416 1553 2539 1617 erit
2576 1572 2706 1616 mo-

339 1661 530 1726 dulus
548 1709 564 1738 ,
615 1659 693 1724 ad
739 1680 932 1744 quem
977 1661 1077 1724 uti
1122 1679 1314 1744 supra
1358 1661 1670 1744 scriptum
1718 1664 1815 1724 est
1862 1680 1935 1724 ea
1983 1658 2373 1724 dividantur.

429 1765 710 1832 Aedibus
771 1765 1102 1830 corinthiis
1162 1767 1449 1850 proprias
1515 1767 1927 1850 symmetrias
1973 1786 2098 1830 non
2144 1765 2340 1829 fuisse
2388 1763 2705 1828 audimus.

339 1871 733 1952 „Columnae
794 1871 1142 1936 corinthiae
1201 1875 1449 1956 praeter
1509 1869 1789 1955 capitula
1852 1891 2069 1936 omnes
2133 1871 2541 1956 symmetrias
2603 1870 2709 1934 ha-

337 1981 492 2045 bent
551 1981 653 2044 uti
712 1981 953 2043 ionicae
973 2027 988 2056 ,
1052 1977 1162 2043 sed
1223 1975 1652 2062 capitulorum
1698 1975 2069 2042 altitudines
2117 1977 2398 2042 efficiunt
2445 1997 2549 2042 eas
2595 1996 2709 2061 pro

335 2093 477 2151 rata
515 2092 692 2171 parte
733 2083 1101 2164 excelsiores
1146 2091 1210 2149 et
1245 2083 1611 2171 graciliores
1628 2132 1643 2160 ,
1686 2085 1854 2169 quod
1892 2087 2085 2149 ionici
2125 2082 2389 2169 capituli
2436 2082 2707 2148 altitudo

339 2193 533 2256 tertia
579 2211 724 2276 pars
769 2197 864 2254 est
910 2189 1349 2254 crassitudinis
1398 2188 1729 2254 columnae
1748 2238 1763 2267 ‚
1814 2190 2113 2255 corinthii
2167 2195 2303 2254 tota
2360 2187 2710 2254 crassitudo

337 2299 530 2382 scapi.
595 2294 820 2363 Cetera
880 2296 1168 2360 membra
1231 2317 1390 2380 quae
1453 2315 1646 2381 supra
1707 2294 2031 2360 columnas
2076 2299 2470 2381 inponuntur
2515 2300 2629 2359 aut
2675 2314 2709 2358 8

339 2404 568 2468 doricis
631 2404 1026 2489 symmetriis
1088 2407 1202 2465 aut
1259 2404 1484 2467 ionicis
1544 2402 1831 2466 moribus
1892 2403 1960 2466 in
2023 2401 2355 2466 corinthiis
2402 2399 2712 2466 columnis

343 2508 814 2575 conlocantur.'’

439 2613 717 2679 'I'antum
763 2614 1064 2699 descripsi
1116 2621 1426 2699 quantum
1473 2613 1708 2680 sufficit
1753 2615 1833 2679 ad
1880 2615 2218 2680 modulum
2259 2613 2673 2680 indicandum
2692 2663 2708 2692 ,

348 2723 500 2806 quia
570 2719 818 2786 moduli
885 2723 1340 2786 constitutione
1409 2721 1999 2786 ratiocinationibus
2070 2720 2429 2786 efficiuntur
2499 2722 2709 2785 omnis

348 2829 556 2913 operis
601 2826 1094 2892 distributiones.
1141 2826 1363 2911 Itaque
1402 2829 1788 2912 praescripta
1826 2833 2128 2912 quattuor
2163 2829 2519 2912 antiquiore
2558 2833 2717 2892 tem-

347 2954 498 3018 pore
545 2935 925 2998 exstiterunt
968 2932 1048 2997 ad
1094 2951 1253 3017 quae
1301 2934 1629 2998 architecti
1666 2931 1848 2998 aedes
1894 2935 2128 2998 ionicas
2145 2982 2162 3010 ,
2204 2933 2595 3017 totidemque
2636 2931 2715 2996 ad

350 3060 512 3126 quae
572 3039 812 3104 doricas
857 3039 1156 3103 fecerunt.
1206 3038 1385 3118 Quod
1431 3041 1486 3103 si
1532 3059 1763 3103 verum
1809 3044 1974 3103 esset
1990 3088 2006 3116 ,
2058 3047 2200 3104 octo
2247 3044 2505 3103 tantum
2550 3057 2716 3102 com-

353 3147 667 3210 mentaria
733 3144 808 3208 de
877 3146 1272 3229 symmetriis
1320 3143 1707 3209 suffecissent
1724 3193 1741 3222 ,
1806 3143 2053 3230 reliqua
2114 3143 2278 3208 nihil
2338 3146 2493 3209 novi
2553 3148 2717 3206 attu-

349 3249 594 3315 lissent.

443 3354 658 3420 Multa
715 3362 933 3420 autem
991 3354 1172 3419 libris
1232 3354 1329 3419 III
1375 3360 1442 3420 81
1481 3354 1568 3420 IV
1619 3355 2055 3422 desiderantur
2098 3361 2196 3433 et,
2245 3354 2314 3419 id
2363 3355 2531 3440 quod
2576 3375 2717 3441 gra-

351 3464 497 3526 vius
557 3468 650 3526 est
670 3509 686 3537 ,
757 3460 1058 3526 nonnulla
1118 3460 1444 3526 offensioni
1509 3467 1692 3538 sunt,
1760 3464 2134 3547 praesertim
2207 3464 2261 3525 si
2332 3463 2719 3546 praescripta

355 3567 635 3633 Vitruvii
679 3588 837 3652 quae
887 3589 965 3632 ex
1011 3570 1102 3632 eis
1146 3567 1427 3632 fontibus
1474 3567 1705 3632 hausta
1752 3588 1887 3632 esse
1932 3568 2236 3632 censenda
2277 3574 2425 3632 sunt
2464 3566 2542 3631 ad
2589 3587 2720 3630 mo-

352 3680 806 3739 numentorum
863 3677 1148 3759 ipsorum
1218 3676 1656 3759 proportiones
1722 3681 2184 3757 comparantur.
2259 3673 2451 3737 Libro
2498 3671 2617 3736 VII
2654 3677 2719 3735 et

353 3781 536 3845 aedes
611 3779 910 3866 octastyli
989 3786 1424 3844 memorantur
1501 3779 1699 3843 dorici
1758 3782 2040 3865 generis,
2115 3777 2321 3864 qualis
2382 3785 2479 3842 est
2538 3777 2719 3842 aedes

351 3887 682 3952 Minervae
741 3886 1028 3952 Athenis.
1097 3886 1342 3965 Quibus
1389 3891 1608 3951 autem
1655 3887 2049 3971 symmetriis
2096 3886 2247 3950 haec
2294 3884 2535 3970 templa
2581 3904 2720 3948 con-

353 3995 802 4069 81118188181,
866 4015 988 4057 non
1052 3995 1392 4077 exponitur
1453 4001 1516 4056 et
1579 3991 1747 4077 quod
1810 3992 1885 4056 de
1948 3990 2228 4056 Palladis
2288 3991 2438 4056 aede
2482 3993 2550 4054 in
2596 3989 2718 4053 fine

351 4100 501 4165 libri
549 4097 631 4163 lV
679 4101 931 4185 scripsit
974 4099 1308 4163 manifesto
1361 4097 1594 4163 falsum
1641 4118 1775 4163 esse
1823 4105 2101 4184 apparet.

445 4205 540 4271 Eo
601 4204 738 4270 loco
798 4207 887 4270 sic
939 4204 1252 4292 legimus:
1311 4204 1488 4282 „Hoc
1535 4211 1754 4270 autem
1794 4225 2025 4290 genere
2069 4205 2276 4290 primo
2324 4203 2523 4268 factae
2570 4209 2719 4266 sunt

356 4315 456 4378 uti
518 4319 615 4377 est
675 4308 952 4378 Castoris
1013 4315 1080 4375 in
1139 4309 1321 4377 Circo
1340 4360 1356 4388 ,
1424 4311 1694 4375 Athenis
1740 4313 1809 4373 in
1855 4330 1994 4374 arce
2041 4316 2106 4374 et
2150 4311 2217 4373 in
2263 4309 2477 4374 Attica
2522 4308 2719 4374 Sunio

355 4417 640 4484 Palladis
705 4417 1050 4483 Minervae.
1117 4417 1362 4482 'Earum
1423 4439 1545 4481 non
1610 4415 1769 4480 aliae
1817 4415 1925 4480 sed
1972 4414 2228 4481 eaedem
2272 4421 2421 4480 sunt
2466 4436 2720 4501 propor-
