3192 5009
598 261 730 327 354
1440 278 1733 326 oneum
1779 277 2135 326 sIBYnnmA.

685 445 1008 511 Swrms
1071 464 1324 530 quoque
1371 443 1692 529 Sibyllina
1739 445 1805 507 in
1852 442 2078 508 multis
2127 441 2442 526 discrepat
2489 440 2567 505 ab
2615 461 2736 504 usu
2779 440 2950 526 probo

594 558 785 637 atque
834 555 1113 636 antiquo.
1164 549 1636 615 Tantummodo
1683 548 2063 615 notabiliora
2110 548 2328 613 ordine
2377 546 2727 612 recensebo.

598 656 662 738 l)
735 657 1051 738 optativus
1110 656 1241 718 sim
1304 653 1397 719 ἂν
1458 659 1700 741 passim
1761 659 2108 739 usurpatur
2159 676 2281 736 pro
2326 653 2596 738 futuro,
2646 657 2721 716 ut
2759 651 2792 716 1
2841 650 2952 716 193

821 761 1078 827 πλεύσει
1141 769 1265 838 γῆ,
1330 761 1622 826 πλεύσειε
1668 761 1722 824 δ’
1768 759 1866 839 ὅρη
1916 758 2174 825 πλεύσει
2225 759 2288 822 δὲ
2337 759 2442 822 καὶ
2491 757 2697 838 autho,

729 874 805 933 ut
851 870 1096 953 optime
1141 871 1500 932 correctum
1538 872 1636 931 est
1675 865 1754 931 ad
1793 865 2227 950 plurimorum
2263 863 2554 929 locorum
2588 861 2953 947 exemplum.

732 971 827 1038 Of.
854 994 915 1038 v.
944 991 997 1036 c.
1026 969 1265 1036 11237.
1309 969 1580 1036 111249.
1609 970 1762 1036 452.
1791 969 1942 1036 457.
1973 969 2123 1034 521.
2169 969 2250 1034 al.
2295 969 2478 1048 Quod
2516 973 2733 1033 autem
2756 967 2954 1032 eodem

728 1078 918 1142 modo
984 1079 1353 1162 saepissime
1422 1098 1641 1141 merus
1711 1079 2154 1142 coniunctivus
2223 1075 2581 1153 adhibetur,
2653 1094 2724 1139 ea
2777 1077 2840 1138 in
2900 1093 2959 1136 re

732 1183 914 1248 abusi
963 1187 1115 1246 sunt
1163 1185 1505 1246 rarissimis
1551 1185 1788 1248 veteris
1835 1184 2080 1267 poesios
2129 1181 2460 1266 exemplis.

594 1289 665 1369 2)
727 1289 1157 1372 Imperfectum
1216 1288 1347 1351 sine
1410 1284 1453 1350 ἄ
1470 1311 1499 1350 ν
1550 1309 1673 1370 pro
1721 1287 2118 1352 conditionabi
2138 1336 2154 1364 ‚
2209 1306 2582 1372 praegresso
2629 1289 2698 1350 in
2747 1286 2964 1370 protasi

732 1394 783 1457 ει
832 1393 955 1470 μή,
1008 1393 1318 1458 habemus
1370 1361 1519 1457 vm
1570 1392 1862 1457 33—36.

598 1498 666 1578 3)
731 1499 904 1562 ὁπότ’
942 1497 1018 1562 ἂν
1055 1499 1289 1580 passim
1328 1499 1713 1579 coniunyitmr
1751 1521 1880 1562 cum
1901 1500 2168 1583 futuro,
2211 1505 2288 1562 ut
2328 1497 2355 1561 Ι
2389 1496 2517 1563 182
2545 1518 2636 1582 sq.
2695 1494 2822 1560 336
2845 1516 2964 1579 sqq.

735 1603 887 1669 344.
938 1603 999 1668 II
1046 1601 1199 1669 237.
1244 1602 1397 1668 362.
1434 1601 1587 1667 394.
1639 1602 1730 1668 111
1779 1603 1931 1668 259.
1962 1601 2114 1668 452.
2144 1601 2294 1668 457.
2323 1601 2476 1668 519.
2505 1601 2658 1669 521.
2710 1601 2802 1666 XI
2829 1599 2964 1666 107.

738 1707 865 1773 XII
918 1705 1065 1773 172.
1115 1708 1195 1773 al.
1261 1694 1497 1775 Contra
1559 1704 1650 1772 ὅτ’
1710 1709 1785 1772 ἂν
1845 1713 2206 1773 constanter
2253 1711 2426 1794 reg-it
2469 1710 2966 1783 coniunctivum,

736 1815 847 1881 sed
886 1814 1041 1888 ἐπήν
1088 1815 1387 1880 futurum
1432 1815 1626 1880 habet
1668 1805 1822 1879 XIV
1864 1812 1992 1879 183
2033 1821 2100 1880 et
2145 1811 2298 1879 217.
2340 1852 2426 1864 -
2469 1814 2660 1879 'Hvlae’
2688 1813 2766 1879 ἂν
2789 1811 2968 1878 semel

738 1923 1025 2006 optativo
1070 1922 1485 1987 coniunctum
1529 1920 1665 1986 vidi
1682 1968 1699 1998 ‚
1750 1918 1838 1986 VI
1879 1920 2002 1985 28:

872 2027 992 2106 οὐχ
1040 2022 1163 2103 ἕξει
1210 2049 1279 2090 σε
1328 2027 1512 2105 χθών,
1563 2025 1718 2090 ἀλλ’
1769 2027 2010 2105 οὐρανὸν
2057 2021 2212 2090 οἷκον
2259 2025 2508 2104 ε’σόψει,

875 2133 1076 2204 ἡνίκ’
1126 2130 1217 2196 ἂν
1266 2131 1734 2210 ὥστριέψειε
1782 2134 1852 2197 τὸ
1900 2131 2024 2209 σόν,
2075 2131 2201 2205 θεός
2251 2131 2514 2213 ἔμπυρον
2561 2131 2778 2208 ὄμμα,

738 2236 846 2301 sed
907 2256 986 2300 ex
1048 2239 1476 2302 incertissima
1538 2236 1884 2302 Alexandri
1949 2240 2310 2302 coniectura
2367 2240 2464 2301 ita
2510 2235 2711 2302 edidit
2753 2232 2963 2299 Rzach.

736 2341 906 2407 Nam
973 2344 1203 2427 optimi
1272 2342 1424 2407 libri
1478 2343 1716 2408 habent
1779 2343 1957 2434 ἡνίκα
2017 2343 2070 2406 δ’
2120 2340 2431 2423 ἀστράψω
2451 2390 2468 2420 ,
2531 2341 2610 2407 cl.
2675 2341 2744 2406 ΙΙ
2807 2339 2962 2416 ἡνίκα

737 2446 1065 2528 ἄστράψψ,
1132 2446 1210 2513 cl.
1262 2447 1357 2512 ΠΙ
1404 2450 1555 2523 ἡνίκ’
1605 2446 1940 2529 ὥστρσέψει.
2005 2447 2300 2513 Fortasse
2361 2453 2582 2513 autem
2627 2450 2840 2514 verius
2881 2449 2966 2510 est

738 2557 773 2629 ἦ
792 2579 819 2617 ν
838 2554 861 2618 ι’
876 2555 933 2618 κ’
983 2557 1092 2619 ἀπ’
1114 2579 1157 2617 a
1175 2578 1212 2617 σ
1230 2578 1268 2618 τ
1286 2579 1315 2635 ρ
1333 2553 1447 2633 ἄψ
1467 2579 1495 2618 ε
1512 2580 1531 2618 ι
1551 2579 1579 2617 ε
1605 2586 1686 2611 =
1708 2553 2122 2632 ὥπαστράψει
2140 2603 2158 2632 ,
2201 2575 2328 2639 quo
2353 2557 2710 2639 composito
2735 2554 2963 2638 saepius

600 2651 623 2670 ⁸
736 2666 1012 2725 utuntur
1058 2659 1455 2746 Sibyllistae.

601 2766 670 2848 4)
730 2765 829 2830 ἵνα
852 2767 1053 2850 finale
1084 2767 1451 2851 cumfuturo
1477 2765 1639 2830 VIII
1669 2762 1752 2830 70
1779 2787 1912 2851 sqq.
1941 2763 2038 2831 ἵνα
2068 2805 2147 2815 -
2179 2765 2340 2840 θήσει
2360 2815 2378 2843 ,
2417 2763 2549 2831 257
2574 2764 2648 2830 ἵν’
2677 2803 2758 2814 --
2783 2762 2956 2835 δώσει,

736 2871 867 2936 409
915 2869 1013 2936 ἵνα
1042 2909 1125 2919 -
1153 2871 1318 2939 δώσω
1339 2921 1355 2948 ,
1422 2874 1533 2955 qui
1594 2870 1719 2935 loci
1766 2870 1913 2955 plus
1963 2872 2235 2957 probant
2281 2890 2478 2957 quam
2525 2870 2688 2935 VIII
2734 2865 2857 2934 293
2879 2887 2960 2949 sq.

736 2975 865 3040 421
906 2975 1145 3061 aliique
1183 2976 1415 3054 multi,
1457 2997 1734 3061 quorum
1773 2979 1989 3042 minus
2031 2983 2202 3042 certa
2227 2979 2544 3062 scriptura
2567 2982 2684 3040 est.
2725 2971 2961 3038 Nemini

734 3085 908 3147 enim
970 3086 1189 3146 auctor
1243 3103 1391 3146 sum
1408 3129 1424 3160 ,
1490 3087 1564 3145 ut
1625 3084 1986 3146 coniectura
2043 3082 2143 3147 his
2191 3084 2527 3167 poetastris
2573 3080 2796 3146 reddat
2837 3077 2960 3157 θήῃ,

732 3188 881 3269 δώῃ,
936 3186 1079 3250 δώω.
1130 3185 1377 3252 Similis
1423 3193 1521 3251 est
1568 3188 1644 3258 ὡς
1695 3186 1904 3251 finalis
1951 3193 2275 3251 structura
2321 3189 2400 3257 ὥς
2447 3184 2701 3250 ἔσσεται
2749 3185 2781 3250 Ι
2829 3181 2960 3248 160.

604 3292 671 3372 5)
736 3291 885 3373 ἄχρι
933 3301 1205 3376 sequente
1252 3293 1569 3377 lofinitivo
1619 3299 1717 3358 est
1762 3292 1815 3355 V
1864 3289 2018 3369 276,
2068 3295 2204 3357 Ace.
2255 3317 2304 3355 c.
2354 3293 2494 3378 Ins.
2545 3291 2600 3355 V
2647 3291 2798 3356 456.

606 3398 673 3479 6)
738 3398 1084 3485 Proprium⁴
1142 3405 1239 3464 est
1298 3403 1579 3466 sermoni
1641 3398 1926 3487 Sibyllae
1946 3448 1962 3476 ,
2026 3405 2102 3464 ut
2159 3400 2400 3483 passim
2445 3399 2699 3484 subm-is
2745 3397 2962 3460 misceat

725 3505 1067 3586 praeterita
1086 3553 1101 3581 ,
1170 3504 1410 3571 scilicet
1472 3513 1549 3570 ut
1617 3507 1784 3571 facta
1841 3525 2101 3570 narrans
2162 3523 2322 3591 quae
2384 3504 2516 3569 fore
2575 3505 2958 3569 vaticinatur.

738 3607 835 3676 Of.
883 3631 948 3674 v.
982 3631 1035 3674 c.
1084 3609 1139 3672 V
1192 3609 1319 3674 145
1346 3632 1480 3695 sqq.
1538 3610 1670 3675 150
1693 3632 1826 3695 sqq.
1878 3609 2009 3674 203
2034 3632 2168 3695 sqq.

604 3712 671 3796 7)
732 3714 1091 3778 Adverbium
1124 3715 1612 3796 praedicativum
1657 3715 1788 3778 sine
1834 3716 2091 3778 articulo
2137 3738 2265 3777 cum
2307 3715 2674 3779 ειιόειαπιὶυο
2712 3712 2966 3795 iungitur

738 3820 900 3886 VIII
951 3819 1057 3897 52,
1106 3821 1219 3885 ubi
1266 3825 1365 3885 est
1410 3819 1487 3885 de
1534 3819 1860 3884 Hadriano
1909 3821 2291 3903 imperatore
2341 3817 2542 3884 ἔσσετ’
2586 3816 2751 3895 ἅναξ
2782 3814 2964 3883 πολιό-

741 3949 952 4007 ιιροινος
1014 3925 1176 4004 ἔχων
1239 3926 1496 3998 πέλοις
1562 3926 1795 4002 οὕνομα
1855 3925 2170 3990 πόντου.
2237 3923 2342 3990 Sic
2403 3927 2784 4009 praepositio
2829 3943 2962 3988 cum

740 4031 1071 4096 Infinitivo
1110 4030 1249 4094 ἀντὶ
1278 4067 1365 4079 --
1390 4031 1579 4096 ναίειν
1619 4031 1695 4094 fr.
1739 4029 1846 4096 111
1870 4028 1978 4106 25,
2019 4030 2133 4095 ubi
2155 4035 2373 4096 tamen
2392 4027 2583 4095 lectio
2605 4032 2842 4094 incerta
2863 4033 2963 4092 est.

604 4135 673 4218 8)
734 4136 1060 4201 Notandae
1122 4135 1435 4201 formulae
1482 4135 1545 4201 δὲ
1592 4137 1704 4212 μὲν
1757 4134 1790 4198 I
1838 4133 1945 4200 67.
1975 4133 2055 4199 91
2108 4133 2214 4215 (cf.
2265 4135 2441 4200 ἀλλὰ
2490 4135 2605 4211 μὲν
2649 4134 2756 4200 111
2805 4129 2966 4212 755),

740 4239 931 4306 ωὗ-
957 4242 1020 4305 δὲ
1066 4241 1172 4306 ΙΙΙ
1222 4241 1375 4319 448,
1442 4262 1720 4327 quocum
1783 4245 2187 4326 comparetur
2249 4239 2304 4304 V
2356 4237 2438 4305 77
2489 4240 2524 4315 ἢ
2576 4245 2703 4311 πῶς
2761 4238 2967 4312 Μήδων

742 4348 820 4413 δὲ
881 4349 1202 4429 κρατήσεις
1223 4398 1238 4425 ,
1304 4352 1359 4413 si
1436 4355 1604 4413 recte
1650 4350 1740 4413 sic
1787 4348 2078 4412 codicum
2122 4346 2464 4412 lectionem
2511 4371 2582 4410 τε
2623 4346 2969 4413 emendavit
