3192 5009
604 230 733 296 162
1607 249 1957 298 nomnium.

595 414 744 501 plus
790 413 1001 480 Venus
1051 413 1347 480 effectura
1394 421 1562 492 erat,
1615 417 1672 480 si
1715 436 1838 480 non
1889 413 2140 479 Paridis
2157 465 2173 492 ,
2216 437 2409 502 quem
2449 415 2698 482 Helena
2740 416 2990 482 dudum

594 522 1026 607 vilipendebat
1044 570 1059 598 ,
1110 521 1217 586 sed
1263 541 1449 586 suam
1494 523 1700 607 ipsius
1745 523 1912 585 iram
1961 520 2308 606 odiumque
2359 521 2814 588 dilectissimae
2865 524 2991 589 sibi

592 629 921 713 hucusque
985 627 1259 692 feminae
1322 629 1754 704 minitaretur,
1804 647 2009 712 neque
2056 630 2264 714 igitur
2307 635 2624 714 punctum
2673 633 2988 715 temporis

594 735 814 799 dubito
833 783 848 811 ,
900 735 1055 818 quin
1104 734 1583 796 vetustissimus
1633 739 1823 819 poeta
1869 732 2033 797 nihil
2079 733 2255 798 aliud
2302 732 2614 799 Venerem
2664 733 2990 801 dicentem

591 841 812 906 fecerit
859 860 1054 925 quam
1102 839 1292 902 haec:

862 947 951 1020 μή
999 943 1069 1022 μ’
1118 941 1311 1022 ἔρεθε,
1362 946 1670 1022 σχετλίη,
1721 947 1811 1021 μὴ
1857 946 2196 1024 χωσαμένη
2248 971 2315 1010 σε
2363 947 2604 1024 μεθήω,

862 1053 978 1118 τῶς
1026 1049 1090 1114 δέ
1138 1048 1200 1112 σ’
1249 1051 1577 1129 ἀπεχθήρω
1627 1052 1703 1120 ὥς
1752 1055 1852 1113 νῦν
1900 1049 2180 1128 ἔκπαγλ’
2229 1053 2524 1133 ἐφίλησα.
2703 1055 2710 1060 ’

589 1156 833 1237 Quibus
900 1177 1029 1220 non
1092 1160 1427 1220 contentus
1478 1159 1676 1221 serior
1724 1163 1910 1242 poeta
1958 1157 2234 1224 insulsos
2282 1180 2432 1223 suos
2481 1157 2833 1224 versiculos
2883 1158 2986 1222 ad-

587 1264 819 1328 didisse
882 1261 1158 1339 videtur,
1209 1262 1429 1327 relicto
1478 1266 1790 1348 sequioris
1839 1266 2103 1350 originis
2152 1266 2519 1328 testimonio
2562 1284 2720 1329 voce
2771 1263 2982 1342 μέσσῳ

586 1370 775 1434 modo
818 1390 941 1432 non
977 1367 1320 1433 Homerico
1358 1375 1666 1453 usurpata
1684 1417 1699 1445 ,
1743 1372 1809 1432 in
1845 1390 1971 1454 qua
2010 1369 2384 1456 corrigenda
2431 1368 2648 1435 oleum
2695 1391 2986 1455 operam-

587 1497 709 1564 que
759 1475 1035 1560 perdunt
1082 1473 1337 1539 eruditi.

587 1691 636 1746 E
668 1677 775 1746 87.
858 1682 989 1744 θῦνε
1038 1681 1165 1759 γὰρ
1212 1678 1308 1750 ἃμ
1358 1679 1558 1743 πεδίον
1610 1683 1872 1759 ποταμῷ
1925 1683 2212 1753 πλήθοντι
2263 1681 2460 1752 ἐοικὼς

858 1786 1206 1863 χειμάρρῳ,
1255 1781 1313 1854 ὅς
1364 1787 1421 1847 τ’
1470 1782 1593 1848 ὦκα
1648 1783 1785 1864 ῥέων
1837 1786 2236 1849 ἐκέδασσε
2287 1785 2592 1862 γεΦυρσές.

586 1894 913 1957 Annotant
984 1891 1258 1956 editores
1322 1890 1780 1975 Lugdunenses
1841 1893 2142 1968 ,,ἐκέασσε
2207 1891 2436 1969 Naber,
2499 1895 2660 1956 item
2723 1891 2973 1957 Nauck.

586 1997 970 2085 Elegantem
1020 1997 1529 2062 emendationem
1576 2003 1843 2061 tuentur
1889 2023 1918 2060 ε
1949 1996 2098 2075 132,
2141 2023 2174 2070 n
2203 1997 2369 2075 250;
2411 2001 2608 2063 vertit
2644 1996 2974 2084 Vergilius

583 2107 740 2170 Aen.
800 2103 881 2167 II.
952 2102 1152 2168 496.”
1226 2103 1465 2168 Lenem
1525 2124 1660 2168 esse
1723 2107 2148 2169 mutationem
2211 2084 2431 2181 fateor,
2499 2111 2718 2190 aptam
2767 2125 2967 2191 nego;

582 2234 707 2277 non
756 2214 929 2276 e'nim
980 2207 1219 2290 κεάζειν
1268 2216 1366 2273 est
1412 2199 1711 2291 rumpere,
1763 2211 1870 2274 sed
1903 2213 2183 2292 findere,
2235 2210 2402 2295 quod
2449 2231 2644 2296 quam
2691 2219 2845 2296 apte
2885 2211 2971 2274 di-

581 2321 749 2382 citur
810 2317 886 2381 de
916 2316 1197 2402 fulmine
1246 2340 1271 2378 ε
1303 2314 1431 2378 132
1480 2321 1545 2379 et
1592 2340 1625 2387 n
1655 2316 1807 2393 250,
1865 2323 1999 2379 tam
2047 2320 2260 2401 inepte
2309 2316 2385 2380 de
2433 2316 2663 2392 fluvi0,
2717 2317 2795 2381 de
2845 2337 2967 2402 quo

581 2430 747 2488 recte
796 2423 920 2486 dici
968 2424 1184 2508 potuit
1225 2419 1492 2494 κατέαξε
1540 2421 1645 2498 (cf.
1692 2429 1744 2484 N
1775 2419 1929 2498 257,
1971 2431 2024 2500 φ
2052 2421 2231 2502 283),
2274 2443 2398 2487 non
2440 2425 2656 2507 potuit
2681 2422 2964 2486 ἐκέασσε.

580 2527 817 2595 Contra
875 2529 1133 2613 egregie
1197 2533 1263 2590 et
1323 2526 1627 2611 graphice
1675 2526 1922 2591 dictum
1969 2533 2066 2591 est
2117 2527 2442 2603 ἐκέδασσε,
2495 2527 2772 2605 disiecit,
2825 2527 2958 2592 scil.

577 2639 754 2721 rupti
814 2637 1025 2721 pontis
1090 2632 1371 2710 tabulas,
1446 2633 1989 2718 quemadmodum
2060 2655 2125 2698 se
2194 2635 2517 2716 scripsisse
2577 2635 2713 2717 ipse
2779 2639 2967 2718 poeta

578 2749 851 2806 testatur
896 2743 985 2804 sic
1032 2739 1357 2804 scribendo
1407 2760 1499 2804 vs.
1550 2746 1948 2823 sequentem:

852 2847 951 2908 τὸν
1000 2846 1051 2909 δ’
1100 2844 1227 2906 οὔτ’
1277 2840 1352 2920 ἄρ
1400 2866 1469 2906 τε
1517 2843 1791 2922 γεφυραὶ
1843 2843 2080 2924 ἐερμέ
2098 2868 2226 2907 ναι
2277 2845 2678 2922 ἱσχανάουσιν
2727 2843 2857 2907 κτὲ.

576 3075 625 3130 Ε
658 3062 811 3129 603.

665 3172 748 3249 τῷ
798 3169 848 3233 δ’
898 3169 1016 3233 αἰεὶ
1069 3168 1242 3247 πάρα
1292 3163 1376 3237 εἷς
1428 3168 1547 3247 (τίς
1599 3166 1838 3247 Bentl.)
1887 3191 1966 3244 γε
2017 3168 2176 3244 θεῶν,
2235 3163 2298 3240 ὃς
2352 3167 2558 3244 λοιγὸν
2609 3167 2852 3243 ἀμύνει.

574 3277 701 3340 Hic
762 3297 1021 3350 versus,
1083 3275 1203 3339 hoc
1267 3274 1527 3359 quidem
1594 3275 1732 3340 loco
1792 3281 1858 3338 et
1903 3280 2092 3360 aptus
2138 3282 2203 3338 et
2251 3276 2638 3339 necessarius
2662 3323 2678 3350 ,
2727 3296 2958 3362 parum

573 3390 719 3467 apte
765 3403 869 3444 me
916 3380 1124 3444 iudice
1173 3383 1482 3465 repetitus
1529 3385 1626 3444 est
1675 3389 1727 3443 ‘r
1755 3379 1862 3456 98,
1913 3380 2026 3443 uhi
2073 3379 2241 3444 male
2279 3380 2594 3456 abundat,
2637 3381 2956 3466 siquidem

572 3509 762 3554 causa
810 3507 922 3552 cur
968 3487 1060 3549 ibi
1106 3486 1348 3550 Aeneas
1393 3486 1548 3550 dicit
1595 3489 1920 3550 neminem
1966 3505 2254 3572 pugnare
2295 3507 2475 3570 posse
2514 3506 2665 3550 cum
2708 3484 2954 3550 Achille

568 3600 699 3660 iam
746 3598 815 3658 in
857 3595 1016 3678 ipsis
1062 3595 1445 3677 praegressis
1495 3591 1851 3678 significata
1897 3597 2013 3656 est.
2065 3591 2335 3678 Legitur
2379 3593 2589 3655 enim:

843 3696 878 3771 ἦ
927 3697 985 3761 κ’
1038 3698 1269 3772 ἐδάμην
1321 3699 1434 3762 ὑπὸ
1482 3700 1693 3778 χερσὶν
1745 3699 2089 3777 Ἀχιλλῆος
2143 3698 2242 3760 καὶ
2296 3698 2658 3775 Ἀθήνης,

844 3801 881 3878 ἦ
926 3805 990 3868 οἷ
1040 3805 1378 3880 πρόσθεν
1426 3807 1618 3868 ιὀῦσ’
1669 3805 1924 3868 ἐτίθει
1973 3804 2185 3884 φάος
2235 3801 2324 3880 ἠδ’
2375 3804 2618 3868 ἐκέλευε

842 3907 1033 3988 ἔγχεΐ
1080 3909 1359 3988 χαλκείῳ
1404 3908 1697 3986 Λέλεγας
1750 3911 1853 3972 καὶ
1904 3915 2120 3985 Τρῶας
2173 3908 2443 3988 ἐναίρειν.

840 4025 1005 4079 ΤΩΙ
1055 4017 1160 4080 οὐκ
1210 4016 1337 4080 ἔστ’
1385 4019 1685 4093 Ἀχιλῆος
1735 4017 1998 4079 ἐναντίον
2047 4013 2236 4093 ἄνδρα
2287 4014 2630 4095 μάχεσθαι.

566 4125 789 4189 Nonne
836 4142 983 4187 vere
1031 4123 1169 4186 dico
1218 4129 1363 4207 post
1410 4123 1563 4186 haec
1615 4125 1890 4207 turpiter
1936 4121 2256 4186 abundare
2304 4142 2564 4186 versum

838 4229 919 4306 τῷ
970 4227 1022 4290 δ’
1071 4229 1189 4292 αἰεὶ
1242 4228 1412 4304 πάρα
1460 4223 1546 4298 εἷς
1599 4252 1676 4303 γε
1727 4231 1888 4306 θεῶν,
1939 4225 1999 4294 ὃς
2055 4229 2261 4304 λοιγὸν
2309 4225 2573 4303 dudum?
