3192 5009
1078 271 1373 320 omnum
1416 270 1775 318 suumn.
2486 251 2612 320 371

1088 435 1255 511 μετὰ
1306 434 1360 499 δ’
1410 430 1549 498 αὖτ’
1600 431 1768 514 ἄρξει
1820 433 2013 498 πάλιν
2058 433 2253 507 άλλος

597 546 797 626 άρχὺν
848 542 1298 620 οὐνόματος
1346 541 1690 622 προφέρων·
1741 541 1870 606 κτὲ.

250 651 321 717 In
378 653 481 716 his
540 651 849 731 προφέρων
910 669 1025 734 pro
1086 649 1284 730 φέρων
1347 655 1519 713 certa
1582 653 1681 713 est
1726 647 2072 714 Alexandri
2118 653 2459 729 correcti0,
2510 651 2620 716 sed

248 759 353 843 qui
416 777 645 844 quaeso
715 761 903 841 poeta
964 755 1241 820 scribens
1304 755 1503 835 ἀρχὴν
1568 754 1904 832 οὐνόματος
1969 755 2282 836 προφέρων
2341 755 2619 823 indicare

244 865 479 949 potuit,
541 862 710 949 quod
770 859 1265 948 significandum
1308 867 1444 925 erat
1461 908 1477 937 ,
1524 861 1933 944 imperatoris
1979 881 2214 926 nomen
2260 864 2536 948 incipere
2584 884 2621 927 a

242 968 452 1034 littera
497 965 595 1033 A?
656 967 769 1033 Me
816 970 871 1032 si
916 967 1101 1032 audis
1121 1015 1137 1044 ,
1187 967 1522 1042 οὐνόματος
1570 965 1761 1030 fluxit
1807 987 1840 1030 e
1887 988 2185 1052 perverso
2230 968 2619 1055 glossemate

242 1075 313 1139 ad
358 1079 577 1156 ἀρχὴν,
628 1075 1054 1160 superscripto
1100 1075 1420 1159 genuinae
1471 1073 1650 1150 voci,
1702 1093 1899 1157 quam
1945 1073 2141 1138 fuisse
2191 1096 2328 1138 στο
2348 1099 2365 1137 ι
2380 1098 2433 1156 χ
2453 1076 2520 1140 εί
2535 1099 2616 1139 ου

242 1181 425 1246 fidem
472 1182 663 1246 faciet
706 1179 841 1244 XII
894 1177 1043 1256 165,
1100 1179 1214 1244 ubi
1262 1185 1357 1244 est
1404 1179 1481 1244 de
1527 1177 1806 1243 Adriano

506 1287 798 1368 ’Λρχῆν
839 1289 1271 1364 στοιχείου
1312 1285 1724 1365 προφέρων
1765 1283 2282 1364 τετρασύλλαβος
2311 1290 2527 1365 ’Λρης.

282 1392 433 1458 XIV
462 1391 548 1459 58
595 1395 699 1458 τὸν
744 1392 916 1469 μετὰ
963 1399 1123 1470 τρεῖς
1171 1387 1451 1471 ἄρξουσιν
1494 1389 1779 1470 ὑπέρβιον
1829 1387 1964 1471 ἦτορ
2013 1389 2264 1472 ἔχοντες
2283 1442 2300 1472 ,

596 1494 656 1570 ὃς
703 1497 817 1576 μὲν
864 1493 1026 1578 ἔχων
1074 1497 1322 1576 άριθμὸν
1371 1495 1666 1574 μονάδος,
1715 1496 1982 1562 δεκάδων
2029 1497 2092 1562 δέ
2132 1523 2200 1563 τε
2249 1501 2505 1579 τρισσῶν

598 1599 719 1682 εἷς,
768 1600 962 1683 ἕτερος
1012 1603 1073 1667 δὲ
1122 1600 1285 1678 ἅναξ
1331 1627 1400 1666 τε
1450 1603 1999 1680 τριηκοσίοισι
2049 1603 2405 1681 μεθέξει.

238 1711 593 1797 Depravata
636 1710 937 1776 videntur
982 1709 1175 1774 verba
1220 1710 1602 1787 τριηκοσίοισι
1642 1706 1918 1787 μεθέξει,
1959 1731 2152 1796 quae,
2193 1711 2344 1777 licet
2382 1715 2620 1800 perspi-

240 1837 351 1882 cua
386 1820 476 1883 sit
514 1823 739 1904 poetae
777 1837 959 1881 mens
978 1863 995 1892 ,
1035 1813 1287 1880 nullam
1309 1815 1604 1880 idoneam
1628 1815 1982 1880 admittunt
2004 1820 2615 1903 interpretationem.

240 1922 431 1988 Nulla
492 1930 706 1988 tamen
766 1919 1111 2008 probabilis
1173 1922 1339 1985 mihi
1386 1924 1701 1986 succurrit
1748 1924 2108 1987 coniectura
2123 1971 2140 2000 ,
2191 1923 2354 1989 nihil
2399 1927 2622 1989 iuvan-

242 2029 405 2094 tibus
451 2028 611 2094 locis
658 2027 712 2091 V
763 2026 868 2092 38.
898 2026 1005 2092 42.
1040 2023 1188 2092 157.
1237 2025 1336 2091 XI
1384 2025 1490 2092 91.
1542 2026 1678 2091 XII
1727 2025 1882 2091 258.

280 2135 433 2200 XIV
459 2135 595 2200 234
617 2133 927 2215 οὔράνόθεν
972 2135 1215 2210 σεισμοί
1262 2158 1333 2197 τε
1382 2134 1654 2212 κεραυνοί
1699 2158 1771 2198 τε
1818 2135 2233 2214 φλεγέθοντες

600 2241 705 2306 καὶ
755 2241 947 2305 λάινοι
1000 2241 1162 2304 ὑετοί
1208 2241 1266 2304 τ’
1316 2239 1415 2316 ἠδὲ
1464 2239 1738 2318 ψεκάδες
1789 2241 2242 2318 avizuno-vl.

243 2347 378 2414 Imo
450 2368 606 2414 vero
676 2347 1028 2426 αἱμηραΙ
1046 2395 1062 2423 ,
1135 2366 1263 2431 qua
1333 2345 1537 2410 forma
1596 2344 1907 2410 Manetho
1967 2366 2224 2431 quoque
2285 2367 2442 2411 usus
2504 2354 2621 2413 est.

242 2455 477 2540 Agitur
522 2455 693 2519 enim
740 2452 818 2518 de
862 2453 1196 2518 notissimo
1242 2451 1532 2538 prodigio
1553 2501 1569 2528 ,
1621 2451 1792 2537 quod
1835 2453 2035 2516 etiam
2080 2459 2623 2519 commemoratur

243 2558 367 2625 XII
415 2559 507 2626 56
598 2557 776 2624 ἔσται
823 2566 1000 2636 σῆμα
1047 2559 1379 2636 μέγιστον·
1429 2556 1545 2621 άτ’
1594 2559 1841 2637 οὐρανοῦ
1891 2555 2461 2634 αἱματόεσσαι

600 2664 909 2746 ῥεύσουσιν
956 2661 1139 2745 (-01?)
1179 2663 1545 2741 ψεκάδες

246 2776 303 2836 et
345 2771 437 2836 IV
493 2769 621 2836 134

600 2877 704 2941 καὶ
745 2877 1104 2957 ψεκάδες
1142 2877 1448 2942 πίπτωσιν
1484 2876 1601 2942 άπ’
1629 2879 1874 2956 οὐρανοῦ
1913 2872 2042 2940 οἷά
2082 2899 2168 2940 τε
2207 2877 2526 2953 μίλτος.

247 2988 305 3047 et
346 2986 415 3048 in
460 2984 583 3048 hoc
624 2986 764 3068 ipso
809 2982 975 3048 libro
1024 3005 1118 3048 vs.
1148 2967 1257 3048 '89
1282 3002 1417 3069 sq.:

1353 3087 1625 3166 ψεκάδες
1678 3088 1950 3170 ρεύσουσ’
1999 3088 2100 3152 ἐπὶ
2151 3096 2352 3165 γαῖαν

601 3195 829 3260 πυκναὶ
877 3195 979 3260 καὶ
1031 3194 1252 3273 θαμίαι
1302 3192 1369 3271 ἐξ
1417 3196 1664 3275 οὐρανοῦ
1714 3194 2318 3272 αἱματόεσσαι.

330 3301 487 3367 XIV
534 3300 665 3366 255
1721 3302 1862 3373 τοὺς
1909 3303 2035 3381 γάρ
2088 3301 2355 3383 άφειδῶς

600 3409 1099 3490 χαλκεοθώρηκες
1151 3410 1491 3484 παλάμαις
1542 3407 1726 3490 ἱδΙῃσι
1775 3407 2086 3486 λαβόντες

602 3516 925 3595 άτριὶκτως
978 3513 1440 3592 τμηθέντας
1487 3514 1833 3584 άνάλκιδας
1881 3509 1980 3578 οἶα
2027 3522 2335 3592 γυναῖκας

605 3621 983 3699 έξολέσουσιν
1030 3620 1311 3693 ἄνακτας
1362 3620 1462 3684 ἐπὶ
1510 3621 1902 3696 σκήπτροισιν
1949 3621 2148 3686 ἑοῖσιν.

254 3723 347 3790 lta
414 3726 657 3792 codices
674 3776 691 3805 ‚
753 3749 867 3814 pro
930 3747 1056 3814 qua
1113 3727 1383 3792 lectione
1446 3727 1656 3792 Rzach
1723 3728 1960 3811 recepit
2021 3726 2418 3792 lenissimam
2479 3747 2626 3794 sane

256 3829 555 3898 Meinekii
600 3837 1033 3900 coniecturam
1078 3833 1419 3911 δμηθέντας
1438 3882 1455 3912 ,
1496 3854 1658 3918 quae
1701 3841 1917 3897 tamen
1954 3835 2342 3919 gravissimo
2381 3831 2631 3898 laborat

256 3938 645 4005 incommodo
664 3991 681 4018 ,
732 3940 901 4026 quod
945 3943 1039 4005 ita
1084 3941 1434 4019 άπρήκτως,
1482 3940 1652 4024 quod
1697 3960 1949 4026 semper
1995 3945 2060 4003 et
2105 3939 2341 4024 ubique
2388 3939 2630 4026 signifi-

258 4051 351 4108 cat
375 4046 669 4130 smera,
713 4045 895 4110 irrito
914 4095 931 4124 ‚
979 4044 1111 4112 cine
1142 4047 1469 4132 profectu,
1520 4044 1884 4131 significare
1932 4045 2187 4110 debebit
2224 4045 2482 4123 ἀμαχεί
2518 4050 2632 4110 aut

261 4149 490 4237 aliquid
548 4152 882 4218 eiusmodi.
946 4151 1153 4232 Quare
1215 4151 1392 4217 aliud
1448 4150 1647 4217 latere
1695 4152 2000 4235 suspicor,
2052 4148 2236 4216 velut
2283 4151 2359 4230 θρ
2380 4175 2414 4224 η
2433 4174 2462 4213 ν
2480 4172 2507 4213 ο
2527 4156 2560 4215 ῦ
2581 4175 2636 4214 ν-

263 4279 431 4335 τας,
480 4265 591 4324 aut
634 4258 843 4324 lenius
890 4258 1329 4333 δεηθέντας
1356 4294 1438 4320 =
1465 4260 1938 4334 ἱκετεύσαντας,
1991 4257 2270 4322 admissa
2315 4258 2628 4342 synizesi,

268 4363 365 4426 sed
409 4364 483 4430 de
529 4366 968 4431 emendatione
1015 4366 1179 4430 mihi
1223 4386 1349 4429 non
1394 4363 1618 4450 liquet.
