3192 5009
399 948 527 1040 DE
572 952 825 1043 IURE
883 950 1626 1043 OBNUNTIANDI
1684 950 2162 1041 COMITIIS
2219 952 2348 1042 ΕΤ

1087 1088 1642 1179 CONCILIIS.

1248 1294 1492 1337 sompsrr

978 1446 1030 1512 1.
1078 1446 1173 1512 Μ.
1220 1446 1279 1513 J.
1328 1420 1746 1513 VALETON.

656 1600 1132 1681 (Continuum-
1177 1624 1250 1665 σω
1286 1600 1466 1665 huius
1525 1601 1585 1665 V
1576 1602 1656 1667 ol.
1695 1626 1846 1685 pay.
1907 1563 2085 1683 113J)

1139 1907 1541 1941 -ffi—

316 2161 397 2227 IV.
434 2163 522 2230 De
556 2168 693 2231 iure
732 2166 1149 2232 obnuntiandi
1186 2168 1525 2231 constricto
1563 2187 1603 2231 a
1619 2154 1866 2231 ‘senatu
1891 2172 1956 2231 et
1979 2169 2220 2233 maiore
2246 2174 2562 2254 potestate

256 2274 299 2331 et
324 2272 375 2334 vi
406 2272 745 2338 tribunicia.
790 2311 877 2321 —
916 2272 1155 2337 Primis
1194 2272 1439 2337 duobus
1476 2273 1793 2358 capitibus
1820 2273 2217 2339 ostendimus
2243 2276 2563 2361 quomodo

258 2374 435 2442 factum
474 2381 555 2443 sit
597 2385 673 2444 ut
721 2400 939 2445 omnes
978 2382 1397 2467 magistratus
1436 2377 1711 2443 Romani
1750 2379 2057 2445 haberent
2097 2382 2452 2463 spectionem
2490 2384 2564 2445 de

258 2484 396 2563 caelo,
428 2506 575 2571 quae
620 2489 792 2573 ipsa,
842 2489 993 2573 quia
1040 2508 1292 2572 semper
1335 2489 1671 2551 coniuncta
1716 2492 1812 2551 est
1859 2509 1986 2549 cum
2031 2489 2446 2568 nuntiatione,
2498 2494 2565 2555 et

261 2588 311 2653 ob
342 2612 455 2655 eam
491 2613 746 2658 causam
792 2613 1042 2679 semper
1088 2592 1375 2657 adhiberi
1418 2597 1630 2679 potest
1676 2592 1756 2656 ad
1801 2592 2238 2677 impediendas
2285 2597 2564 2662 actiones

258 2696 452 2776 alienas,
509 2721 633 2765 non
678 2698 891 2763 solum
938 2699 1017 2763 ad
1062 2700 1387 2785 auspicato
1437 2697 1761 2786 agendum
1780 2746 1797 2776 ,
1848 2705 1944 2763 est
1995 2702 2099 2764 ius
2145 2700 2566 2767 obnuntiandi
2657 2703 2664 2711 ’

259 2807 459 2870 comitiis
520 2812 585 2870 et
642 2804 946 2877 conciliis.
1012 2803 1288 2871 Causam
1348 2804 1527 2870 illius
1573 2807 1668 2869 rei
1715 2807 2137 2889 repetivimus
2183 2828 2262 2872 ex
2311 2810 2451 2894 ipsa
2495 2810 2565 2873 vi

257 2910 541 2990 (comitiali)
597 2913 1033 2997 auspiciorum
1078 2911 1455 2977 caelestium
1502 2913 1974 2996 quaesitorum;
2024 2933 2176 2977 nam
2223 2934 2375 2978 cum
2421 2913 2567 2979 1-611-

258 3036 337 3099 qua
380 3020 649 3103 auspicia
706 3018 972 3083 adversa
989 3067 1005 3096 ,
1054 3019 1132 3083 ab
1180 3017 1395 3103 aliquo
1442 3020 1730 3103 quaesita
1751 3066 1766 3095 ,
1819 3019 1877 3082 si
1922 3019 2404 3097 nuntiabantur,
2453 3042 2564 3087 va-

257 3119 393 3209 lerent
432 3129 685 3189 tantum
730 3125 810 3189 ad
856 3144 960 3191 eas
1008 3126 1287 3189 actiones
1334 3124 1758 3209 prohibendas
1811 3145 1966 3209 quas
2015 3127 2107 3189 eis
2155 3128 2267 3211 qui
2312 3129 2564 3192 nuntia-

258 3226 353 3292 bant
394 3232 547 3315 ipsis
609 3251 858 3317 quoque
902 3250 1205 3317 peragere
1250 3229 1471 3295 liceret
1487 3279 1503 3307 ‚
1550 3233 1596 3294 i.
1625 3251 1680 3295 6.
1728 3252 1879 3295 cum
1928 3233 2166 3315 spectio
2215 3252 2293 3297 ex
2340 3234 2566 3298 ceteris

258 3338 481 3421 auspiciis
539 3337 843 3422 penderet
898 3357 977 3401 ex
1038 3336 1172 3400 iure
1218 3337 1439 3417 aqendi
1486 3344 1551 3401 et
1596 3336 1886 3402 adhiberi
1931 3342 2186 3403 tantum
2229 3346 2442 3423 posset
2486 3338 2566 3404 ad

258 3443 601 3525 prohibendae
661 3446 938 3509 actiones
1002 3464 1039 3506 a
1098 3443 1341 3523 colleqia
1404 3449 1729 3529 susceptas
1747 3492 1764 3520 ,
1834 3445 2136 3529 auspiciis
2184 3444 2566 3511 caelestibus

258 3553 491 3633 quaesitis
536 3570 612 3615 ea
654 3552 755 3615 vis
800 3551 1156 3635 antiquitus
1205 3549 1515 3615 attributa
1562 3556 1660 3615 est
1705 3556 1782 3614 ut
1829 3550 2114 3615 valerent
2159 3551 2240 3615 ad
2286 3531 2565 3618 actiones

256 3652 419 3721 alienas
484 3655 901 3741 prohibendae
966 3658 1252 3741 quisquis
1313 3676 1387 3721 ea
1433 3658 1835 3741 quaesiverat
1881 3661 1946 3721 et
1993 3658 2331 3721 nuntiabat
2345 3677 2362 3737 ;
2414 3678 2566 3724 cum

258 3780 350 3825 vero
394 3763 675 3849 auspicia
722 3760 1017 3827 caelestia
1061 3764 1347 3849 quaesita
1394 3762 1591 3827 nullis
1641 3764 1998 3829 actionibus
2045 3762 2309 3829 adversa
2355 3770 2565 3830 essent

256 3869 329 3931 nisi
370 3870 461 3933 eis
522 3888 681 3954 quae
742 3870 809 3933 in
856 3870 1139 3934 comitiis
1186 3876 1251 3934 et
1295 3867 1584 3934 conciliis
1631 3875 2028 3956 gererentur,
2081 3871 2359 3934 actiones
2405 3891 2566 3955 quae

257 3992 302 4035 ex
342 3976 626 4060 auspiciis
678 3974 755 4040 de
799 3973 974 4040 caelo
1027 3977 1333 4060 quaesitis
1378 3975 1704 4061 prohiberi
1755 3976 1832 4042 ab
1881 3996 2264 4061 unoquoque
2310 3983 2567 4063 possent

256 4078 399 4146 nullae
444 4086 623 4145 erant
667 4086 917 4166 praeter
963 4084 1227 4147 comitia
1274 4088 1339 4147 et
1384 4081 1670 4148 concilia.
1721 4080 1847 4147 Sed
1895 4103 1973 4147 ne
2021 4102 2094 4147 ea
2140 4104 2207 4147 re
2251 4104 2366 4169 pro
2407 4085 2569 4151 arbi-

256 4188 330 4250 trio
374 4187 551 4251 abuti
610 4193 864 4273 possent
924 4208 1145 4253 omnes
1206 4188 1509 4255 mortales
1556 4188 1636 4253 ad
1686 4187 2076 4275 prohibenda
2121 4192 2415 4269 comitia,
2459 4188 2565 4255 lex

258 4295 631 4379 antiquissima
686 4294 1021 4359 interdixit
1081 4296 1353 4380 privatis
1416 4300 1482 4361 et
1544 4294 1974 4360 sacerdotibus
2021 4297 2198 4359 omni
2243 4299 2565 4381 spectione

258 4398 301 4463 de
343 4398 509 4465 caelo
527 4448 545 4479 ‚
610 4422 735 4467 non
803 4403 1021 4466 minus
1081 4408 1392 4488 quatenus
1455 4401 1535 4467 ad
1596 4403 1924 4487 auspicato
1986 4401 2308 4489 agendum
2369 4422 2564 4488 quam

2210 4522 2274 4571 15
