3192 5009
533 286 662 355 148
1509 306 1928 369 anensium,

528 472 605 537 In
650 474 880 558 quibus
926 471 994 538 id
1038 474 1282 538 factum
1318 473 1615 539 videmus
1655 474 1824 559 quod
1862 472 2138 540 Oobetus
2176 475 2244 536 in
2285 470 2429 537 Var.
2473 470 2646 537 Lect.
2672 492 2736 555 p.
2765 466 2913 534 292

526 583 812 645 notavit:
882 579 1049 665 quod
1118 579 1441 666 eleganter
1497 585 1561 647 et
1620 564 1884 647 venuste
1945 586 2010 647 et
2071 581 2366 658 εὐφήμως
2427 584 2563 643 erat
2620 577 2913 654 dictum,

525 685 772 752 librarii
838 700 1095 772 prorsus
1165 693 1584 773 corruperunt
1651 688 1717 752 id
1785 690 2000 773 ipsum
2058 686 2355 751 addentes
2419 683 2587 770 quod
2633 685 2915 767 scriptor

527 793 840 858 maluerat
914 793 1269 881 significare
1339 813 1532 880 quam
1596 793 1820 859 dicere.
1891 793 2094 859 Nemo
2156 796 2330 858 enim
2390 812 2674 877 unquam
2737 789 2912 853 mihi

525 899 929 985 persuadebit
972 921 1234 965 versum

1246 1003 1386 1071 εἶτα
1432 1006 1712 1085 μονῳδεῖν
1761 1008 1825 1072 ἐκ
1873 1005 2149 1081 Μηδείας

527 1112 605 1177 ab
652 1112 1075 1199 Aristophane
1121 1114 1480 1199 profectum
1527 1134 1679 1179 esse.

618 1217 712 1283 De
770 1219 966 1284 verbo
1020 1219 1323 1299 μονῳδεῖν,
1374 1240 1499 1306 quo
1545 1222 1646 1285 vis
1695 1221 1938 1284 comica
1987 1224 2092 1283 τοῦ
2141 1216 2463 1298 ὀτοτύζειν,
2514 1215 2685 1301 quod
2727 1214 2900 1301 apud

527 1328 803 1410 tragicos
848 1330 1101 1390 tantum
1150 1329 1424 1391 occurrit
1470 1332 1660 1411 atque
1709 1325 1778 1402 ἐξ
1821 1325 2268 1403 ἀπροσδοκήτου
2312 1325 2416 1389 hic
2455 1324 2741 1409 positum
2777 1327 2902 1399 est,

526 1430 710 1495 valde
771 1438 1169 1511 extenuatur,
1231 1432 1325 1496 nil
1370 1432 1597 1497 dicam.
1658 1430 1781 1497 Sed
1825 1452 1981 1518 rogo
2029 1453 2187 1496 num
2232 1438 2451 1516 poeta,
2501 1427 2900 1494 auditoribus

529 1557 749 1602 versus
796 1559 831 1603 e
878 1537 1203 1624 tragoedia
1249 1538 1542 1603 omnibus
1590 1540 1923 1603 notissima
1967 1537 2479 1623 imprudentibus
2529 1541 2904 1599 cantaturus

529 1646 641 1730 qui
685 1666 757 1710 eo
801 1646 939 1731 ipso
986 1644 1153 1732 quod
1198 1646 1275 1711 ab
1325 1644 1608 1711 oratione
1656 1648 1894 1711 comica
1939 1666 2198 1731 prorsus
2245 1643 2433 1709 alieni
2476 1648 2628 1707 sunt
2663 1643 2902 1705 miram

528 1752 761 1816 habent
800 1755 1106 1831 comicam
1142 1754 1283 1817 vim
1322 1758 1511 1837 atque
1542 1750 2002 1838 spectatoribus
2025 1753 2268 1816 cunctis
2291 1753 2494 1815 risum
2517 1749 2898 1824 evocabant,

527 1879 685 1944 rogo
734 1880 891 1923 num
929 1862 984 1923 is
1024 1879 1309 1944 unquam
1346 1865 1483 1924 tam
1524 1858 1820 1944 stupidus
1857 1860 1945 1921 sit
1981 1862 2056 1922 ut
2092 1856 2408 1921 auditores
2433 1862 2578 1919 ante
2601 1859 2898 1919 moneat:

528 1967 751 2029 scitote
796 1964 1012 2030 locum
1056 1987 1135 2031 ex
1180 1965 1409 2033 Medea
1446 1966 1656 2032 verbis
1695 1964 2102 2050 sequentibus
2136 1962 2401 2029 laudari.
2451 1962 2698 2047 Nempe
2720 1960 2902 2024 omni

527 2070 752 2136 effectu
797 2076 949 2135 tunc
996 2072 1251 2137 carebit.

618 2175 690 2241 Si
736 2179 877 2261 quis
922 2176 1181 2242 audiens
1226 2198 1447 2243 versus
1494 2180 1816 2263 tragicum
1863 2175 2104 2261 aliquid
2151 2181 2444 2241 sonantes
2489 2175 2726 2251 ὀλόμαν
2766 2173 2902 2238 ὀλό-

528 2307 677 2359 μαν,
742 2285 1157 2363 ἀποχηρωθεὶς
1205 2288 1320 2354 τοῖς
1369 2286 1428 2347 ἐν
1476 2286 1781 2348 τεύτλοισι
1827 2283 2280 2363 λοχευομένας,
2331 2302 2457 2347 non
2503 2283 2724 2347 statim
2773 2288 2900 2345 trae

525 2388 789 2474 goediae
853 2410 1114 2465 nomen,
1144 2410 1222 2454 ex
1283 2411 1407 2475 qua
1468 2392 1713 2475 sumpti
1772 2396 1950 2455 erant
1967 2439 1984 2467 ,
2034 2389 2391 2454 ridentibus
2436 2387 2634 2454 oculis
2694 2384 2898 2453 excla—

526 2502 762 2573 maret,
824 2496 1004 2563 nulla
1065 2499 1321 2562 omnino
1380 2503 1678 2563 venustas
1739 2496 1917 2563 nulla
1960 2499 2028 2560 in
2074 2503 2290 2561 nostro
2335 2495 2474 2561 loco
2519 2500 2683 2559 esset
2726 2496 2898 2559 mica

526 2600 693 2666 salis.

616 2706 1165 2786 Quemadmodum
1210 2709 1718 2775 additamentum
1763 2710 1938 2775 istud
1984 2716 2199 2775 ortum
2247 2712 2331 2775 sit
2377 2729 2568 2795 seque
2613 2708 2898 2772 insinua-

523 2816 691 2878 verit
735 2835 861 2879 non
908 2813 1158 2879 difficile
1206 2823 1300 2879 est
1346 2815 1425 2879 ad
1472 2815 2052 2881 demonstrandum.

614 2919 818 2985 Verba
858 2921 923 2982 ἐκ
964 2922 1241 2993 Μηδείας
1284 2920 1473 2986 sciolo
1514 2920 1822 2987 debentur
1857 2925 1968 3007 qui
2005 2925 2175 2987 inter
2195 2920 2541 3009 legendum
2564 2922 2894 3006 proximos

524 3045 743 3093 versus
790 3047 867 3091 ex
912 3024 1139 3094 Medea
1186 3048 1319 3092 esse
1366 3026 1832 3112 deprehendens
1875 3032 2214 3093 inventum
2259 3050 2452 3093 suum
2493 3031 2561 3093 in
2601 3030 2894 3113 margine

524 3132 857 3218 adscripsit
918 3132 1083 3197 unde
1144 3154 1295 3197 mox
1340 3134 1410 3197 in
1454 3141 1708 3199 textum
1752 3138 2161 3219 irrepserunt.
2210 3133 2484 3199 Librarii
2531 3139 2782 3209 autem,
2833 3135 2892 3197 si

524 3238 771 3325 quando
817 3236 1134 3303 emblema
1179 3260 1328 3304 cum
1375 3239 1617 3325 reliqua
1662 3244 1942 3306 oratione
1989 3263 2116 3306 non
2163 3243 2317 3305 satis
2363 3240 2519 3305 bene
2567 3242 2891 3319 componi-

522 3350 649 3422 tur,
710 3352 989 3431 pergunt
1032 3366 1238 3410 errare
1280 3348 1495 3431 itaque
1541 3352 1753 3412 nostro
1797 3344 1934 3412 loco
1978 3347 2189 3413 verbis
2233 3342 2374 3412 εἶτα
2425 3349 2708 3428 μονῳδεῖν
2755 3366 2892 3410 ver·-

522 3472 671 3517 sum
714 3451 1149 3537 expleverunt.

612 3666 773 3733 Xen.
822 3668 1022 3733 Anah.
1062 3667 1179 3733 ΙΠ.
1223 3668 1280 3733 1.
1309 3667 1432 3733 2οε
1481 3668 1565 3731 τοὶ
1607 3667 1657 3731 δ’
1683 3664 1764 3733 αὖ
1802 3674 1915 3733 τῶν
1963 3671 2344 3749 στρατιωτῶν
2391 3670 2574 3735 ὁπότε
2623 3668 2886 3746 ἐνθυμοί-

523 3799 662 3852 μην,
711 3772 801 3841 ὅτι
849 3781 964 3838 τῶν
1013 3777 1123 3850 μὲν
1169 3776 1421 3851 ἀγαθῶν
1470 3773 1696 3838 τούτων
1745 3775 1971 3846 οὖδενὸς
2025 3778 2166 3851 ἡμῖν
2217 3777 2466 3855 μετείη,
2519 3777 2571 3841 εί
2621 3778 2707 3851 μή
2759 3799 2888 3855 πρι-

522 3883 787 3958 αίμεθα,
836 3876 971 3944 ὅτου
1019 3880 1070 3943 δ’
1113 3879 1460 3955 ὠνησόμεθα
1510 3880 1617 3962 ἤδη
1669 3879 1757 3945 ἔτι
1807 3880 2048 3957 ὀλίγους
2090 3878 2376 3960 ἔχοντας,
2418 3879 2623 3954 ἄλλως
2668 3881 2731 3945 δέ
2757 3904 2881 3954 πως

524 3985 861 4068 πορίζεσθαι
914 3987 1283 4060 τάπιτήδεια
1332 3984 1531 4064 ὅρκους
1581 3985 1686 4061 ἤδη
1739 3988 2126 4068 κατέχοντας
2177 3990 2364 4063 siais.

612 4092 1121 4178 Quotiescunque
1189 4113 1263 4158 ea
1324 4093 1652 4180 legebam,
1714 4095 1782 4158 in
1837 4090 2037 4173 ὅρκους
2103 4094 2211 4169 ήδη
2276 4092 2662 4173 κατέχοντας
2714 4095 2881 4168 ήμᾶς

523 4198 907 4267 vocabulum
970 4198 1077 4275 ήδη
1139 4220 1388 4285 semper
1429 4188 1716 4266 ¹moleste
1778 4201 2092 4267 abundare
2157 4206 2233 4265 ut
2277 4202 2396 4267 hoc
2442 4201 2579 4266 loco
2626 4220 2886 4286 prorsus

523 4307 805 4375 alienum
850 4309 1065 4371 visum
1112 4313 1226 4373 est.
1274 4306 1605 4373 Lectorem
1660 4306 1764 4389 ἤδη
1817 4310 2157 4373 inseruisse
2211 4311 2495 4394 suspicor
2531 4314 2606 4371 ut
2642 4306 2888 4392 periodi

524 4419 913 4481 structuram
970 4413 1277 4479 indicaret
1334 4413 1524 4499 idque
1575 4418 1794 4498 postea
1837 4434 1874 4478 a
1919 4416 2136 4479 critico
2183 4414 2609 4501 imprudenti,
2659 4414 2766 4477 cui
2811 4434 2890 4480 ea
