3192 5009
1405 391 1650 441 renus.
1964 331 1971 339 ι
2578 373 2709 441 403

340 564 466 641 ἐγὼ
511 565 625 640 μὲν
671 563 698 627 δ
747 563 987 637 ποιητὸς
1038 559 1258 625 ἕκεῒνόν
1306 583 1375 623 τε
1423 556 1623 639 ζῶντα
1669 556 2021 636 ἐθεράπευον
2067 558 2172 621 καὶ
2226 558 2467 629 αὐτὸς
2520 559 2626 623 καὶ
2677 561 2710 633 ἦ

341 673 464 746 ἐμὴ
523 671 700 748 γυνή.
773 669 970 739 Αὐτὸς
1032 669 1240 754 igitur
1299 666 1620 732 substitue
1678 667 2041 751 pronomini
2103 665 2245 742 ἐγώ.
2317 664 2483 730 Sunt
2546 666 2715 751 apud

338 783 618 843 oratores
678 775 873 841 multi
932 773 1092 852 loci,
1154 777 1222 838 in
1282 773 1515 858 quibus
1577 770 2107 857 interpolatorum
2154 773 2716 858 interpretamenta

339 884 584 948 scribae
601 929 610 938 ·
627 904 742 968 pro
780 886 1104 946 oratorum
1142 879 1353 946 verbis
1394 878 1881 943 substituerunt.
1922 877 2009 941 Et
2046 878 2159 942 ubi
2196 878 2431 944 indicia
2466 878 2713 958 desunt,

341 989 685 1054 tacendum
730 995 860 1065 est;
918 995 1068 1052 sunt
1112 993 1328 1050 tamen
1377 1005 1860 1069 nonnumquam
1904 986 2179 1070 vestigia
2221 985 2559 1050 manifesta
2576 1034 2593 1063 ,
2642 991 2718 1050 ut

341 1095 513 1181 apud
557 1093 939 1160 Aeschinem
985 1091 1100 1170 ΙΠ,
1153 1091 1282 1157 122
1330 1094 1627 1172 προελθὼν
1676 1091 1702 1154 ὃ
1750 1088 1935 1170 κήρυξ
1979 1092 2229 1169 ἀνεῖπε,
2279 1095 2545 1175 Δελφῶν
2592 1088 2716 1157 ὅσοι

345 1201 446 1266 ἐπὶ
516 1201 710 1272 δίετες
783 1199 976 1279 ἡβῶσι
1028 1237 1113 1248 --
1162 1199 1324 1277 ἥκειν
1388 1194 1530 1274 ἅμα
1591 1208 1668 1277 τῇ
1735 1196 1929 1279 ἡμέρα
1994 1197 2136 1276 πρὸς
2203 1198 2271 1262 τὸ
2320 1199 2543 1264 θυτεῒον
2592 1199 2721 1265 ἐκεῖ

345 1307 751 1382 καλούμενον·
815 1306 920 1371 καὶ
987 1302 1177 1368 πάλιν
1241 1305 1268 1368 ὁ
1333 1306 1517 1374 αὐτὸς
1584 1300 1768 1382 κήρυξ
1831 1302 2158 1382 ἀνηγόρευε
2208 1303 2382 1384 (libri
2427 1305 2719 1371 nonnulli

344 1414 701 1491 ἀναγορεύει
721 1462 738 1491 ,
809 1412 1124 1478 Frankius
1197 1417 1262 1477 et
1331 1409 1697 1475 Schultzius
1759 1411 2213 1475 emendaverunt
2281 1411 2651 1492 ἀνηγόρευσε
2674 1409 2717 1494 l)

345 1522 484 1592 τοὺς
558 1521 992 1598 ἱερομνήμονας
1067 1518 1172 1582 καὶ
1245 1518 1633 1598 πυλαγόρους
1705 1515 1867 1593 ἥκειν
1936 1517 2020 1588 είς
2092 1517 2193 1581 τὸν
2264 1518 2449 1582 αὐτὸν
2508 1520 2715 1584 τόπον.

343 1626 542 1693 Mitto
589 1626 665 1691 de
711 1626 924 1692 verbis
969 1625 998 1690 ὁ
1046 1625 1234 1697 αὐτὸς
1283 1623 1468 1702 κῆρυξ
1514 1622 1847 1702 ἀνηγόρευε
1896 1622 2239 1708 disputare.
2304 1623 2431 1690 Sed
2476 1629 2580 1691 cui
2626 1647 2718 1691 re-

343 1735 572 1820 petitio
635 1732 816 1798 verbi
877 1728 1038 1806 ἥκειν
1099 1752 1224 1796 non
1269 1729 1538 1798 molesta
1586 1750 1720 1794 esse
1766 1727 2062 1794 videtur?
2109 1728 2458 1796 Servarunt
2502 1738 2716 1797 tamen

342 1839 493 1904 libri
536 1838 635 1902 ekl
677 1841 944 1904 oratoris
981 1859 1248 1902 manum
1285 1858 1414 1902 una
1453 1835 1743 1900 litterula
1780 1841 2031 1900 mutata
2048 1857 2063 1912 ;
2102 1838 2171 1900 in
2208 1839 2289 1900 iis
2327 1840 2499 1903 enim
2536 1837 2717 1903 libris

343 1944 624 2032 leg-itur:
687 1941 979 2016 ἅπαντας
1044 1944 1228 2022 ἥκειν,
1292 1964 1370 2009 ex
1431 1963 1556 2028 qua
1619 1945 1934 2026 scriptura
1980 1944 2343 2007 restituitur
2386 1945 2717 2010 Aeschinis

345 2073 576 2117 manus
646 2052 960 2116 ἀπαντᾶν.
1028 2049 1206 2116 Idem
1275 2050 1548 2116 verbum
1617 2051 1681 2112 in
1751 2048 1925 2114 idem
1992 2047 2376 2113 vocabulum
2436 2055 2718 2116 mutavit

344 2157 540 2224 codex
599 2157 982 2224 Barberinus
1045 2158 1212 2222 infra
1256 2158 1291 2242 ξ
1324 2155 1472 2221 198.
1520 2155 1863 2219 Aeschines
1910 2157 2119 2240 igitur
2163 2157 2529 2239 scripserat:
2577 2158 2716 2231 τοὺς

345 2265 780 2342 ἱερομνήμονας
844 2263 946 2327 καὶ
1012 2263 1396 2344 πυλαγόρους
1457 2265 1756 2326 ἀπαντᾶν
1817 2261 1903 2331 εἰς
1967 2262 2070 2324 τὸν
2129 2262 2317 2326 αὐτὸν
2364 2264 2567 2328 τόπον.
2620 2263 2715 2332 Of.

345 2369 578 2456 §1262
629 2370 848 2435 κωλύει
893 2370 1018 2448 γὰρ
1067 2369 1150 2439 εἷς
1198 2368 1300 2432 τὸν
1347 2372 1652 2460 συλλογον
1697 2369 1800 2432 τὸν
1848 2367 1907 2430 ἐν
1952 2367 2193 2440 Πύλαις
2243 2369 2556 2434 οξπαντοῖν.

435 2475 520 2555 Π,
571 2475 610 2540 5
673 2475 911 2552 δίδομεν
974 2475 1108 2556 (τὴν
1173 2475 1478 2554 ἁδελφην)
1543 2475 1714 2552 αὐτῷ
1763 2473 1870 2538 οὐκ
1918 2472 2200 2552 ἄπροικον
2250 2511 2335 2522 -
2385 2475 2562 2541 ἀλλὰ
2611 2477 2718 2549 την

343 2579 478 2655 ἴσην
519 2590 737 2661 προῖκα
782 2579 1120 2658 ἐπιδόντες,
1164 2577 1346 2659 ἥνπερ
1387 2581 1490 2644 καὶ
1530 2591 1609 2662 τῇ
1650 2580 2038 2662 πρεσβυτέρα
2075 2579 2321 2662 ἀδελφῇ
2350 2581 2717 2667 [ἐπέδομεν].

435 2687 519 2766 II,
571 2687 610 2753 9
673 2688 776 2753 καὶ
841 2690 869 2753 ὃ
935 2694 1254 2759 Μενεκλῆς
1303 2688 1412 2761 τήν
1457 2710 1527 2751 τε
1576 2695 1794 2765 προῖκα
1845 2671 2204 2751 ἀποδίδωσιν
2249 2690 2367 2769 (sic
2414 2687 2717 2767 Scheibe,

343 2793 496 2860 libri
555 2796 741 2874 ἐπιδ.)
787 2831 872 2842 --
921 2795 1026 2858 καί
1091 2795 1175 2858 τὰ
1241 2794 1471 2871 ἱμάτια
1525 2785 1568 2857 ἃ
1621 2788 1794 2865 ἦλθεν
1844 2791 2079 2872 ἔχουσα
2128 2796 2271 2872 παρ’
2322 2795 2561 2873 ἐκεῖνον,
2610 2797 2714 2861 καὶ

343 2901 431 2965 τὰ
478 2902 794 2980 χρυσίδια,
839 2897 883 2965 ἃ
933 2895 1020 2978 ἦν,
1071 2899 1364 2983 [δίδωσιν]
1415 2901 1596 2979 αὐτῇ.
1648 2898 1855 2964 Verba
1902 2898 2196 2975 ἐπέδομεν
2248 2905 2313 2965 et
2360 2901 2590 2966 δίδωσιν
2638 2924 2717 2968 ex

342 3006 830 3093 interpolatione
891 3013 1040 3070 nata
1097 3013 1280 3084 sunt;
1334 3009 1743 3090 „sequiorum
1788 3007 1963 3070 enim
2008 3011 2379 3090 temporum
2421 3012 2719 3094 mag-istri

343 3111 512 3177 male
573 3110 781 3177 seduli
840 3111 1009 3196 quod
1069 3114 1380 3176 omissum
1442 3117 1539 3175 est
1597 3113 1965 3175 inconcinne
2026 3109 2321 3197 explent''
2371 3119 2446 3177 ut
2492 3111 2719 3180 Cobeti

343 3218 555 3284 verbis
599 3223 763 3283 utar.
836 3218 1094 3282 Δίδωσιν
1142 3221 1338 3283 etiam
1385 3220 1737 3283 sententiae
1782 3222 1967 3282 nocet
2012 3219 2100 3281 sic
2147 3221 2463 3301 positum;
2514 3242 2717 3305 neque

345 3327 521 3390 enim
567 3344 786 3389 omnes
831 3344 1054 3389 aureas
1097 3326 1288 3390 tricas
1334 3344 1494 3409 quae
1543 3324 1717 3388 domi
1766 3329 1944 3388 erant
1992 3329 2167 3403 (nam
2214 3323 2280 3387 id
2327 3323 2501 3391 valet
2538 3319 2583 3390 ἃ
2624 3324 2718 3410 ἦν)

344 3430 619 3496 reddidit
680 3429 1001 3495 Menecles
1020 3478 1037 3507 ,
1087 3429 1195 3494 sed
1239 3451 1343 3496 eas
1389 3435 1645 3494 tantum
1692 3451 1848 3514 quas
1892 3432 2032 3515 ipsa
2076 3429 2299 3494 habuit
2317 3478 2334 3507 ‚
2382 3433 2425 3496 i.
2452 3452 2505 3496 e.
2558 3429 2601 3496 ἃ
2652 3430 2717 3508 ἦν

348 3539 506 3617 αὐτῇ
527 3585 543 3615 ,
590 3558 704 3602 nec
750 3539 1011 3623 coniugi
1054 3535 1330 3601 reddidit
1379 3535 1488 3600 sed
1535 3537 1739 3600 fratri.

437 3642 520 3722 II,
575 3643 657 3708 14
715 3644 863 3708 ἀλλ’
927 3643 1234 3720 ὑγιαίνων,
1299 3637 1368 3707 εὖ
1414 3648 1665 3723 φρονῶν,
1713 3638 1781 3706 εὖ
1829 3647 1966 3706 νοῶν
2013 3639 2422 3718 ποιησάμενος
2474 3644 2715 3724 εἰσάγει

347 3775 431 3826 με
479 3751 562 3821 εἰς
611 3749 747 3823 τοὺς
789 3747 1126 3829 φράτορας.
1177 3747 1344 3815 Cum
1385 3743 1453 3812 εὖ
1494 3757 1645 3813 νοεῖν
1668 3751 1897 3835 favere
1940 3769 2066 3812 non
2109 3769 2320 3830 sapere
2366 3751 2717 3837 significet,

346 3855 623 3924 Cobetus
683 3855 970 3922 Dobraeo
1028 3861 1369 3942 praeeunte
1434 3854 1631 3920 deleri
1690 3857 1880 3919 iussit
1925 3876 1989 3919 v.
2040 3851 2105 3919 εὖ
2153 3861 2307 3919 νοῶν.
2357 3854 2718 3923 Utilissima

344 3963 426 4028 ad
471 3962 640 4029 hunc
687 3961 902 4028 locum
951 3962 1418 4028 emendandum
1467 3967 1619 4026 sunt
1662 3982 1765 4038 ea,
1814 3982 1974 4046 quae
2020 3961 2201 4026 nobis
2237 3957 2309 4028 Ο.
2336 3961 2400 4026 S.
2441 3960 2683 4030 Contus
2700 4014 2717 4043 ‚

345 4075 713 4154 praeceptor
774 4068 1224 4134 dilectissimus
1245 4115 1260 4145 ,
1312 4068 1766 4154 suppeditavit.
1816 4067 1971 4154 Egit
2016 4089 2311 4132 summus
2355 4071 2460 4134 vir
2504 4073 2573 4135 in
2618 4071 2721 4137 ob-

345 4176 808 4241 servationibus
879 4175 958 4240 ad
1027 4173 1352 4240 Aristotel.
1426 4173 1889 4258 rempublicam
1959 4172 2035 4238 de
2099 4195 2161 4238 v.
2228 4181 2468 4253 Φρονεῖν
2529 4185 2593 4242 et
2653 4175 2720 4242 εὖ

345 4288 582 4360 φρονεῖν
621 4287 686 4347 et
723 4282 876 4347 haec
917 4303 952 4346 e
994 4283 1190 4346 variis
1225 4281 1745 4366 inscriptionibus
1770 4278 1990 4344 attulit
2014 4281 2288 4359 (Ἂόηνὶὶ,
2316 4281 2719 4361 σύγγραμμα

348 4388 673 4466 περιοδικὸν
719 4395 828 4462 τῆς
873 4388 932 4452 ἐν
970 4387 1252 4460 'Aonium
1297 4387 1729 4462 ἐπισημονικῆς
1770 4385 2092 4464 ἑταιρείας.
2119 4384 2370 4451 V01.1V
2396 4409 2541 4475 pag.
2571 4387 2715 4472 79):

345 4497 450 4560 τὸν
512 4495 698 4560 αὑτὸν
760 4493 822 4560 δὲ
888 4494 1104 4573 τρόπον
1165 4495 1447 4568 εὐδόκησε
1507 4493 1708 4558 Φίλων
1753 4493 1924 4557 νοέων
1969 4491 2229 4573 Φρονέων
2278 4493 2583 4572 ὑγιαίνων.
2634 4535 2719 4548 —-·
