3192 5009
1303 311 1637 363 1101111188.
2568 294 2655 362 23

380 478 522 544 Una
585 479 877 545 omnium
937 478 1294 542 certissima
1353 475 1613 543 Horatii
1672 480 1878 543 amica
1938 478 2065 544 fuit
2124 499 2197 544 ea
2214 527 2231 557 ,
2293 500 2486 565 quam
2532 502 2657 546 non

287 584 437 650 ficto
483 583 591 650 sed
635 604 752 649 suo
797 584 1052 648 nomine
1097 584 1436 669 insignivit
1482 579 1873 649 Cinaram
1902 581 1972 665 ¹),
2029 589 2097 649 et
2140 587 2293 649 satis
2340 590 2509 651 certo
2557 585 2657 651 de-

285 690 456 755 finiri
501 695 708 776 potest
755 710 879 775 quo
926 696 1214 775 tempore
1260 708 1402 755 eam
1447 692 1780 755 amaverit.

379 794 615 861 Scribit
678 797 748 861 in
804 793 1092 880 Epistola
1151 793 1230 860 ad
1292 793 1590 860 villicum
1653 793 1871 861 Sabini
1928 798 2030 861 sui
2091 797 2180 879 (1.
2213 797 2315 862 14.
2345 795 2491 878 33):
2534 820 2655 864 me

281 922 525 988 quem
572 903 742 966 scis
787 902 1236 967 immunem
1282 897 1636 967 Cinarae
1682 900 2117 986 placuisse
2163 906 2465 988 rapaci.
2530 902 2657 968 Vil-

274 1006 445 1073 licus
490 1009 695 1094 igitur
744 1009 1044 1093 cognovit
1089 1004 1376 1092 puellam
1423 1028 1571 1071 cum
1610 1007 1799 1073 herus
1838 1007 2045 1073 adhuc
2082 1010 2151 1073 in
2185 1030 2251 1075 re
2291 1013 2656 1096 angustiore

279 1118 662 1191 versaretur,
725 1115 770 1177 i.
797 1133 851 1178 e.
913 1114 982 1177 in
1044 1115 1282 1178 recenti
1347 1110 1609 1177 villulae
1670 1115 2061 1198 possessione
2107 1120 2171 1179 et
2216 1114 2479 1181 fortasse
2522 1118 2656 1180 iam

280 1218 474 1305 paulo
521 1225 686 1285 ante.
736 1216 974 1283 Villam
1021 1224 1242 1283 autem
1286 1224 1542 1305 propter
1586 1216 1866 1285 Satiram
1916 1216 1955 1284 3
2002 1225 2067 1285 et
2116 1218 2155 1283 6
2203 1221 2464 1286 secundi
2508 1220 2657 1285 libri

281 1327 596 1410 accepisse
639 1330 806 1390 recte
851 1323 1132 1390 creditur
1176 1345 1232 1390 a.
1283 1322 1368 1388 33
1414 1323 1520 1390 vel
1567 1322 1675 1390 32.
1726 1324 1959 1391 Incidit
2000 1328 2205 1413 igitur
2251 1347 2431 1393 amor
2476 1324 2657 1394 Cina-

282 1450 392 1496 rae
436 1433 505 1495 in
549 1432 668 1496 hoc
715 1428 844 1495 fere
893 1434 1170 1515 tempus.

373 1537 576 1602 Post
622 1533 954 1615 Cinaram,
997 1556 1190 1622 quae,
1233 1541 1310 1601 ut
1346 1557 1499 1602 mox
1541 1537 1941 1615 videbimus,
1981 1538 2154 1624 fugit
2190 1544 2477 1623 poetam,
2503 1558 2653 1603 eum

281 1641 602 1710 consolata
671 1648 769 1707 est
837 1640 1090 1728 Lyce,
1160 1644 1267 1707 cui
1333 1641 1588 1708 vetulae
1650 1644 1745 1708 ita
1806 1646 2059 1729 scripsit
2121 1641 2191 1712 C.
2255 1643 2343 1708 IV
2395 1643 2497 1709 13.
2528 1644 2650 1710 21:

281 1748 495 1829 Quid
540 1749 795 1815 habes
839 1747 1092 1813 illius
1141 1795 1156 1811 .
1185 1796 1200 1811 .
1229 1795 1244 1812 .
1293 1762 1499 1834 quae
1539 1770 1659 1815 me
1701 1756 2155 1836 surpuerat
2194 1750 2401 1841 mihi
2441 1748 2655 1815 felix

279 1862 471 1943 post
543 1851 971 1922 Cinaram?
1045 1852 1213 1919 Odae
1273 1853 1422 1920 libri
1484 1854 1593 1934 IV,
1661 1862 1977 1941 quantum
2040 1855 2287 1921 definiri
2348 1860 2649 1941 possunt,

279 1962 668 2047 compositae
715 1966 868 2025 sunt
909 1962 1078 2025 intra
1125 1981 1178 2025 a.
1226 1957 1307 2026 17
1355 1967 1420 2027 et
1471 1959 1574 2026 13.
1623 1962 1946 2027 Ponamus
1983 1961 2145 2027 hanc
2180 1982 2315 2027 8888
2354 1964 2505 2027 811111
2548 1959 2651 2026 15.

278 2065 456 2132 Inter
499 2065 718 2153 Lycen
763 2064 972 2151 qualis
1019 2086 1186 2131 nunc
1234 2071 1365 2143 est,
1415 2072 1482 2132 et
1527 2065 1736 2152 qualis
1784 2066 1945 2133 011111
1988 2067 2115 2132 fuit
2160 2088 2301 2133 cara
2345 2066 2615 2133 Horatio
2634 2115 2651 2145 ,

279 2178 382 2239 sat
429 2192 740 2259 magnum
786 2171 1174 2237 intercedere
1214 2175 1522 2258 temporis
1561 2175 1864 2260 spatium,
1901 2173 2184 2238 indicant
2223 2174 2419 2240 verba
2456 2194 2496 2258 q
2511 2194 2557 2237 u
2572 2176 2596 2237 i
2612 2172 2654 2237 d

275 2278 535 2344 habes
582 2276 837 2343 illius
882 2298 1088 2364 quae
1134 2298 1188 2343 8.
1213 2300 1273 2364 q.
1300 2300 1374 2357 s.‚
1415 2283 1479 2343 et
1522 2278 1693 2364 quod
1736 2300 1905 2344 nunc
1950 2299 2095 2345 eam
2142 2284 2493 2364 turpant
2538 2300 2655 2343 ru-

275 2404 429 2473 gae
493 2390 576 2450 et
635 2386 955 2471 capitis
1014 2386 1254 2449 nives
1314 2390 1432 2464 (vs.
1491 2382 1569 2449 11
1600 2390 1743 2470 811.).
1807 2384 2020 2471 Igitur
2062 2387 2307 2451 amavit
2352 2406 2529 2463 eam,
2577 2390 2653 2449 ut

275 2493 626 2556 minimum
686 2510 956 2576 ponam,
1024 2491 1507 2576 quindecim
1568 2490 1676 2556 vel
1738 2490 2015 2577 amplius
2076 2494 2255 2556 annis
2299 2498 2478 2569 ante,
2526 2510 2651 2575 quo

274 2598 684 2683 pervenimus
732 2596 813 2662 ad
859 2617 916 2662 a.
967 2594 1074 2675 30,
1120 2597 1165 2661 i.
1191 2617 1246 2661 e.
1295 2598 1363 2661 in
1408 2598 1548 2684 ipsa
1596 2603 1886 2683 tempora
1916 2603 2063 2683 post
2101 2594 2416 2674 0111818111,
2457 2618 2652 2682 11118111

273 2703 482 2789 igitur
543 2703 753 2768 tenuit
818 2704 990 2767 intra
1035 2722 1230 2766 annos
1279 2700 1362 2765 34
1411 2708 1477 2767 et
1526 2701 1632 2767 31.
1706 2702 1845 2783 Qua
1891 2705 2133 2768 ratione
2179 2722 2322 2767 eam
2366 2705 2653 2768 amiserit

275 2807 460 2873 docet
505 2805 795 2893 Epistola
841 2806 920 2873 ad
963 2806 1402 2873 Maecenatem
1459 2807 1492 2872 I
1540 2805 1601 2874 7.
1630 2808 1751 2873 28:
1822 2808 2114 2874 reddes
2181 2810 2477 2895 nigros
2547 2828 2651 2873 ca-

272 2913 537 3000 pillos
599 2961 615 2979 .
647 2962 662 2979 .
693 2961 708 2979 .
771 2913 1049 2980 ridere
1122 2914 1512 2980 decorum
1575 2920 1658 2979 et
1720 2917 1951 2979 inter
2012 2916 2297 2979 vinum
2366 2915 2651 3000 fugam

274 3019 629 3089 Cinarae
689 3040 1056 3086 moerere
1102 3027 1572 3105 protervae.
1642 3018 2047 3106 Quamquam
2091 3026 2309 3086 autem
2354 3027 2651 3105 proterva

271 3128 482 3215 fugit,
531 3134 746 3192 tamen
791 3124 1042 3211 puellae
1089 3128 1402 3192 memoria
1447 3128 1828 3191 intemerata
1876 3128 2115 3191 mansit
2158 3132 2377 3212 poetae
2422 3133 2487 3190 et
2532 3128 2652 3189 im-

272 3235 502 3321 primis
565 3253 709 3298 cara
724 3281 743 3310 ‚
808 3251 957 3298 cum
1006 3232 1238 3298 scribat
1285 3234 1483 3297 etiam
1529 3234 1696 3297 circa
1740 3231 1945 3297 lustra
1990 3232 2207 3298 decem
2255 3230 2353 3311 (C.
2403 3230 2490 3296 IV
2548 3230 2647 3311 1):

272 3362 435 3406 non
503 3360 680 3405 sum
748 3336 1034 3424 qualis
1103 3358 1323 3403 eram
1392 3338 1653 3404 bonae
1724 3338 1872 3403 sub
1944 3360 2201 3425 regno
2274 3335 2645 3405 Cinarae.

277 3446 453 3514 Obiit
523 3444 738 3533 puella
797 3466 924 3509 non
971 3443 1180 3509 multo
1226 3450 1375 3529 post
1419 3444 1647 3531 fugam
1689 3441 1788 3524 (C.
1836 3443 1918 3509 IV
1973 3442 2076 3509 13.
2102 3443 2251 3525 22):
2303 3442 2647 3510 Cinarae

275 3552 565 3620 breves
621 3571 878 3616 annos
922 3549 1100 3615 fata
1147 3550 1575 3616 dederunt.

369 3657 493 3725 Sed
552 3663 739 3744 roget
799 3655 1068 3741 aliquis:
1132 3656 1352 3722 Nonne
1415 3655 1732 3742 puellam,
1790 3662 1922 3721 tam
1971 3656 2096 3721 sibi
2140 3676 2351 3721 caram
2397 3660 2475 3719 ut
2519 3675 2651 3720 om-

275 3766 459 3830 nium
499 3784 628 3829 una
665 3768 1204 3831 commemoretur
1239 3765 1495 3849 proprio
1535 3764 1790 3828 nomine
1828 3764 1896 3827 in
1932 3761 2239 3847 Epistolis
2256 3810 2273 3839 ,
2310 3760 2651 3827 celebravit

273 3874 342 3935 in
391 3866 587 3934 Odis?
643 3867 960 3954 Equidem
1005 3888 1131 3933 non
1178 3868 1400 3933 dubito
1447 3870 1602 3954 quin
1647 3868 1867 3933 fecerit
1883 3889 1899 3947 ;
1966 3867 2077 3932 8811
2142 3867 2304 3932 118110
2364 3888 2612 3952 1111011118
2631 3915 2646 3944 ,

271 3976 430 4041 1111111
470 3975 762 4052 vivebat,
813 3995 936 4039 non
982 3994 1134 4039 vero
1183 3976 1438 4039 nomine
1482 3976 1857 4061 insignivit,
1903 3994 2128 4039 verum
2174 3973 2339 4039 ficto.
2389 3972 2649 4037 Etenim

271 4080 400 4148 loci
469 4101 661 4167 supra
722 4082 902 4145 citati
963 4081 1300 4165 conscripti
1361 4087 1510 4144 sunt
1573 4100 1791 4145 omnes
1850 4087 1995 4164 post
2041 4084 2318 4144 mortem
2364 4076 2647 4145 Cinarae.

269 4188 504 4254 Postea
564 4191 783 4252 autem
830 4185 1192 4251 videbimus
1236 4184 1585 4251 Horatium
1632 4192 1696 4250 et
1745 4182 2047 4253 Cinaram
2090 4205 2274 4249 suam
2324 4191 2389 4249 et
2433 4183 2647 4270 Lycen

341 4429 398 4494 1)
429 4428 506 4479 It·
539 4428 682 4479 etiam
721 4426 1046 4492 Kieuling
1079 4428 1137 4477 ad
1171 4427 1229 4477 C.
1263 4426 1332 4481 IV
1372 4428 1422 4481 1:
1463 4427 1575 4480 kain
1610 4426 1933 4493 pandoniam.
