<?xml version="1.0" encoding="UTF-8"?>
<!DOCTYPE html PUBLIC "-//W3C//DTD XHTML 1.0 Transitional//EN"
    "http://www.w3.org/TR/xhtml1/DTD/xhtml1-transitional.dtd">
<html xmlns="http://www.w3.org/1999/xhtml" xml:lang="en" lang="en">
 <head>
  <title>
</title>
<meta http-equiv="Content-Type" content="text/html;charset=utf-8" />
  <meta name='ocr-system' content='tesseract 3.04.00' />
  <meta name='ocr-capabilities' content='ocr_page ocr_carea ocr_par ocr_line ocrx_word'/>
</head>
<body>
  <div class='ocr_page' id='page_1' title='image "./mnemosyne07servgoog_0717.png"; bbox 0 0 3192 5009; ppageno 0'>
   <div class='ocr_carea' id='block_1_1' title="bbox 1364 316 2714 394">
    <p class='ocr_par' dir='ltr' id='par_1_1' title="bbox 1364 316 2714 394">
     <span class='ocr_line' id='line_1_1' title="bbox 1364 316 2714 394; baseline -0.006 -2"><span class='ocrx_word' id='word_1_1' title='bbox 1364 342 1712 394; x_wconf 71' lang='lat' dir='ltr'><strong>nomnium.</strong></span> <span class='ocrx_word' id='word_1_2' title='bbox 2583 316 2714 385; x_wconf 83' lang='lat'><strong>237</strong></span> 
     </span>
    </p>
   </div>
   <div class='ocr_carea' id='block_1_2' title="bbox 346 506 2718 703">
    <p class='ocr_par' dir='ltr' id='par_1_2' title="bbox 346 506 2718 703">
     <span class='ocr_line' id='line_1_2' title="bbox 706 506 2145 590; baseline -0.003 -15"><span class='ocrx_word' id='word_1_3' title='bbox 706 511 974 590; x_wconf 72' lang='grc' dir='ltr'><em>ὀβελοῖσι</em></span> <span class='ocrx_word' id='word_1_4' title='bbox 1024 510 1200 586; x_wconf 85' lang='grc' dir='ltr'><strong><em>νηδὺν</em></strong></span> <span class='ocrx_word' id='word_1_5' title='bbox 1248 510 1351 574; x_wconf 80' lang='grc' dir='ltr'><strong>καὶ</strong></span> <span class='ocrx_word' id='word_1_6' title='bbox 1400 511 1624 588; x_wconf 71' lang='grc' dir='ltr'><strong><em>γνάθον</em></strong></span> <span class='ocrx_word' id='word_1_7' title='bbox 1671 517 1908 579; x_wconf 74' lang='grc' dir='ltr'><strong><em>πλῆσαι</em></strong></span> <span class='ocrx_word' id='word_1_8' title='bbox 1957 506 2145 571; x_wconf 83' lang='grc' dir='ltr'><strong><em>σέθεν.</em></strong></span> 
     </span>
     <span class='ocr_line' id='line_1_3' title="bbox 346 614 2718 703; baseline -0.003 -21"><span class='ocrx_word' id='word_1_9' title='bbox 346 639 542 703; x_wconf 89' lang='lat' dir='ltr'><strong>quem</strong></span> <span class='ocrx_word' id='word_1_10' title='bbox 599 618 812 684; x_wconf 91' lang='lat' dir='ltr'><strong>locum</strong></span> <span class='ocrx_word' id='word_1_11' title='bbox 871 640 949 683; x_wconf 93' lang='lat' dir='ltr'><strong>ne</strong></span> <span class='ocrx_word' id='word_1_12' title='bbox 1011 639 1049 682; x_wconf 98' lang='lat' dir='ltr'><strong>a</strong></span> <span class='ocrx_word' id='word_1_13' title='bbox 1094 616 1451 682; x_wconf 80' lang='lat' dir='ltr'><strong>Schmidtio</strong></span> <span class='ocrx_word' id='word_1_14' title='bbox 1500 616 1761 702; x_wconf 91' lang='lat' dir='ltr'><strong>quidem</strong></span> <span class='ocrx_word' id='word_1_15' title='bbox 1806 618 2126 680; x_wconf 88' lang='lat' dir='ltr'><strong>tentatum</strong></span> <span class='ocrx_word' id='word_1_16' title='bbox 2171 614 2436 698; x_wconf 74' lang='lat' dir='ltr'><strong>reperio·</strong></span> <span class='ocrx_word' id='word_1_17' title='bbox 2511 616 2718 692; x_wconf 72' lang='lat' dir='ltr'><strong>Quam</strong></span> 
     </span>
    </p>
   </div>
   <div class='ocr_carea' id='block_1_3' title="bbox 344 718 2720 907">
    <p class='ocr_par' dir='ltr' id='par_1_3' title="bbox 344 718 2720 907">
     <span class='ocr_line' id='line_1_4' title="bbox 345 718 2720 809; baseline -0.002 -20"><span class='ocrx_word' id='word_1_18' title='bbox 345 728 565 789; x_wconf 85' lang='lat' dir='ltr'><strong>autem</strong></span> <span class='ocrx_word' id='word_1_19' title='bbox 628 730 853 809; x_wconf 82' lang='lat' dir='ltr'><strong>aptum</strong></span> <span class='ocrx_word' id='word_1_20' title='bbox 912 726 998 788; x_wconf 91' lang='lat' dir='ltr'><strong>sit</strong></span> <span class='ocrx_word' id='word_1_21' title='bbox 1040 728 1108 789; x_wconf 92' lang='lat' dir='ltr'><strong>in</strong></span> <span class='ocrx_word' id='word_1_22' title='bbox 1155 745 1344 789; x_wconf 84' lang='lat' dir='ltr'><strong>versu</strong></span> <span class='ocrx_word' id='word_1_23' title='bbox 1390 722 1734 788; x_wconf 89' lang='lat' dir='ltr'><strong>Homerico</strong></span> <span class='ocrx_word' id='word_1_24' title='bbox 1781 722 2049 787; x_wconf 81' lang='lat' dir='ltr'><strong>verbum</strong></span> <span class='ocrx_word' id='word_1_25' title='bbox 2098 720 2405 796; x_wconf 76' lang='grc' dir='ltr'><strong><em>πηγνύναι</em></strong></span> <span class='ocrx_word' id='word_1_26' title='bbox 2452 718 2720 803; x_wconf 85' lang='lat' dir='ltr'>plurimi</span> 
     </span>
     <span class='ocr_line' id='line_1_5' title="bbox 344 822 2717 907; baseline -0.002 -14"><span class='ocrx_word' id='word_1_27' title='bbox 344 826 473 893; x_wconf 90' lang='lat' dir='ltr'><strong>loci</strong></span> <span class='ocrx_word' id='word_1_28' title='bbox 502 835 837 906; x_wconf 77' lang='lat' dir='ltr'><strong>testantur,</strong></span> <span class='ocrx_word' id='word_1_29' title='bbox 862 834 938 895; x_wconf 89' lang='lat' dir='ltr'><strong>ut</strong></span> <span class='ocrx_word' id='word_1_30' title='bbox 979 840 1029 892; x_wconf 91' lang='grc' dir='ltr'><strong>Δ</strong></span> <span class='ocrx_word' id='word_1_31' title='bbox 1064 827 1214 907; x_wconf 87' lang='grc'><strong>185,</strong></span> <span class='ocrx_word' id='word_1_32' title='bbox 1241 826 1393 907; x_wconf 90' lang='grc'><strong>447,</strong></span> <span class='ocrx_word' id='word_1_33' title='bbox 1422 827 1573 907; x_wconf 90' lang='grc'><strong>528,</strong></span> <span class='ocrx_word' id='word_1_34' title='bbox 1617 837 1665 893; x_wconf 84' lang='lat' dir='ltr'>E</span> <span class='ocrx_word' id='word_1_35' title='bbox 1695 826 1848 906; x_wconf 83' lang='lat'><strong>616,</strong></span> <span class='ocrx_word' id='word_1_36' title='bbox 1891 837 1944 892; x_wconf 88' lang='grc' dir='ltr'>Θ</span> <span class='ocrx_word' id='word_1_37' title='bbox 1973 824 2079 905; x_wconf 88' lang='grc'><strong>95,</strong></span> <span class='ocrx_word' id='word_1_38' title='bbox 2123 835 2179 891; x_wconf 84' lang='grc' dir='ltr'><strong>Ν</strong></span> <span class='ocrx_word' id='word_1_39' title='bbox 2206 822 2358 904; x_wconf 94' lang='grc'><strong>372,</strong></span> <span class='ocrx_word' id='word_1_40' title='bbox 2385 824 2538 903; x_wconf 82' lang='grc'><strong>442,</strong></span> <span class='ocrx_word' id='word_1_41' title='bbox 2565 822 2717 891; x_wconf 74' lang='grc'><strong>570’</strong></span> 
     </span>
    </p>
   </div>
   <div class='ocr_carea' id='block_1_4' title="bbox 331 933 2721 4531">
    <p class='ocr_par' dir='ltr' id='par_1_4' title="bbox 344 933 1748 1127">
     <span class='ocr_line' id='line_1_6' title="bbox 344 933 1748 1013; baseline -0.001 -14"><span class='ocrx_word' id='word_1_42' title='bbox 344 944 405 999; x_wconf 86' lang='grc' dir='ltr'>Θ</span> <span class='ocrx_word' id='word_1_43' title='bbox 431 933 583 1013; x_wconf 89' lang='grc'><strong>315,</strong></span> <span class='ocrx_word' id='word_1_44' title='bbox 610 934 761 1013; x_wconf 94' lang='grc'><strong>650,</strong></span> <span class='ocrx_word' id='word_1_45' title='bbox 812 945 863 1001; x_wconf 76' lang='grc' dir='ltr'>Τ</span> <span class='ocrx_word' id='word_1_46' title='bbox 890 934 1043 1013; x_wconf 90' lang='grc'><strong>486,</strong></span> <span class='ocrx_word' id='word_1_47' title='bbox 1096 945 1145 999; x_wconf 83' lang='grc' dir='ltr'>Χ</span> <span class='ocrx_word' id='word_1_48' title='bbox 1174 933 1325 1013; x_wconf 91' lang='grc'><strong>383,</strong></span> <span class='ocrx_word' id='word_1_49' title='bbox 1376 934 1487 999; x_wconf 87' lang='lat' dir='ltr'><strong>alii</strong></span> <span class='ocrx_word' id='word_1_50' title='bbox 1531 933 1748 999; x_wconf 85' lang='lat' dir='ltr'><strong>multi.</strong></span> 
     </span>
     <span class='ocr_line' id='line_1_7' title="bbox 436 1038 1484 1127; baseline 0 -22"><span class='ocrx_word' id='word_1_51' title='bbox 436 1040 680 1107; x_wconf 82' lang='lat' dir='ltr'><strong>Eodem</strong></span> <span class='ocrx_word' id='word_1_52' title='bbox 724 1043 1001 1127; x_wconf 77' lang='lat' dir='ltr'><strong>pertinet</strong></span> <span class='ocrx_word' id='word_1_53' title='bbox 1044 1041 1220 1107; x_wconf 88' lang='lat' dir='ltr'><strong>locus</strong></span> <span class='ocrx_word' id='word_1_54' title='bbox 1267 1052 1326 1106; x_wconf 83' lang='lat' dir='ltr'>A</span> <span class='ocrx_word' id='word_1_55' title='bbox 1355 1038 1484 1107; x_wconf 84' lang='lat'><strong>678</strong></span> 
     </span>
    </p>

    <p class='ocr_par' dir='ltr' id='par_1_5' title="bbox 616 1145 2214 1225">
     <span class='ocr_line' id='line_1_8' title="bbox 616 1145 2214 1225; baseline -0.003 -13"><span class='ocrx_word' id='word_1_56' title='bbox 616 1148 993 1222; x_wconf 75' lang='grc' dir='ltr'><strong><em>πεντήκοντα</em></strong></span> <span class='ocrx_word' id='word_1_57' title='bbox 1040 1147 1199 1225; x_wconf 83' lang='grc' dir='ltr'><strong><em>βοῶν</em></strong></span> <span class='ocrx_word' id='word_1_58' title='bbox 1244 1146 1525 1225; x_wconf 69' lang='grc' dir='ltr'><strong>ἀγέλας,</strong></span> <span class='ocrx_word' id='word_1_59' title='bbox 1575 1145 1731 1212; x_wconf 90' lang='grc' dir='ltr'><strong><em>τόσα</em></strong></span> <span class='ocrx_word' id='word_1_60' title='bbox 1786 1150 1954 1211; x_wconf 72' lang='grc' dir='ltr'><strong><em>πώεα</em></strong></span> <span class='ocrx_word' id='word_1_61' title='bbox 1999 1146 2214 1223; x_wconf 75' lang='grc' dir='ltr'><strong><em>μήλων</em></strong></span> 
     </span>
    </p>

    <p class='ocr_par' dir='ltr' id='par_1_6' title="bbox 331 1232 2721 2189">
     <span class='ocr_line' id='line_1_9' title="bbox 617 1232 2494 1332; baseline -0.002 -15"><span class='ocrx_word' id='word_1_62' title='bbox 617 1254 814 1318; x_wconf 84' lang='grc' dir='ltr'><strong><em>τόσσα</em></strong></span> <span class='ocrx_word' id='word_1_63' title='bbox 858 1260 1012 1319; x_wconf 82' lang='grc' dir='ltr'><strong><em>συῶν</em></strong></span> <span class='ocrx_word' id='word_1_64' title='bbox 1059 1254 1353 1329; x_wconf 78' lang='grc' dir='ltr'><strong><em>συβοσί</em></strong></span> <span class='ocrx_word' id='word_1_65' title='bbox 1370 1276 1447 1332; x_wconf 88' lang='grc' dir='ltr'><strong>α,</strong></span> <span class='ocrx_word' id='word_1_66' title='bbox 1496 1252 1586 1317; x_wconf 90' lang='grc' dir='ltr'><strong>τό</strong></span> <span class='ocrx_word' id='word_1_67' title='bbox 1603 1256 1658 1314; x_wconf 75' lang='grc' dir='ltr'><strong>σ·</strong></span> <span class='ocrx_word' id='word_1_68' title='bbox 1708 1232 1968 1318; x_wconf 65' lang='grc' dir='ltr'><strong><em>αἰπόλια</em></strong></span> <span class='ocrx_word' id='word_1_69' title='bbox 2019 1252 2248 1317; x_wconf 77' lang='grc' dir='ltr'><strong><em>πλατέ’</em></strong></span> <span class='ocrx_word' id='word_1_70' title='bbox 2299 1252 2494 1328; x_wconf 75' lang='grc' dir='ltr'><strong><em>αἰγῶν</em></strong></span> 
     </span>
     <span class='ocr_line' id='line_1_10' title="bbox 336 1357 2721 1446; baseline -0.002 -20"><span class='ocrx_word' id='word_1_71' title='bbox 336 1362 461 1427; x_wconf 87' lang='lat' dir='ltr'><strong>ubi</strong></span> <span class='ocrx_word' id='word_1_72' title='bbox 521 1362 713 1426; x_wconf 89' lang='lat' dir='ltr'><strong>metri</strong></span> <span class='ocrx_word' id='word_1_73' title='bbox 774 1361 1111 1425; x_wconf 74' lang='lat' dir='ltr'><strong>necessitas</strong></span> <span class='ocrx_word' id='word_1_74' title='bbox 1157 1364 1413 1446; x_wconf 86' lang='lat' dir='ltr'><strong>poetam</strong></span> <span class='ocrx_word' id='word_1_75' title='bbox 1458 1361 1669 1446; x_wconf 81' lang='lat' dir='ltr'>coegit</span> <span class='ocrx_word' id='word_1_76' title='bbox 1714 1357 2002 1424; x_wconf 79' lang='lat' dir='ltr'><strong>vocalem</strong></span> <span class='ocrx_word' id='word_1_77' title='bbox 2047 1360 2178 1423; x_wconf 89' lang='lat' dir='ltr'><strong>iota</strong></span> <span class='ocrx_word' id='word_1_78' title='bbox 2221 1357 2564 1445; x_wconf 87' lang='lat' dir='ltr'><strong>producere</strong></span> <span class='ocrx_word' id='word_1_79' title='bbox 2581 1406 2598 1435; x_wconf 88' lang='lat'><strong><em>,</em></strong></span> <span class='ocrx_word' id='word_1_80' title='bbox 2646 1363 2721 1422; x_wconf 91' lang='lat' dir='ltr'><strong>ut</strong></span> 
     </span>
     <span class='ocr_line' id='line_1_11' title="bbox 335 1462 2717 1553; baseline -0.001 -22"><span class='ocrx_word' id='word_1_81' title='bbox 335 1468 717 1553; x_wconf 76' lang='lat' dir='ltr'>producitur</span> <span class='ocrx_word' id='word_1_82' title='bbox 760 1470 831 1531; x_wconf 87' lang='lat' dir='ltr'><strong>in</strong></span> <span class='ocrx_word' id='word_1_83' title='bbox 880 1465 1313 1547; x_wconf 64' lang='grc' dir='ltr'><strong>ὑπεροπλίῃσι,</strong></span> <span class='ocrx_word' id='word_1_84' title='bbox 1366 1462 1649 1541; x_wconf 74' lang='grc' dir='ltr'><strong>ὑποδεξίη</strong></span> <span class='ocrx_word' id='word_1_85' title='bbox 1670 1514 1687 1543; x_wconf 91' lang='grc'><strong>,</strong></span> <span class='ocrx_word' id='word_1_86' title='bbox 1728 1466 2056 1545; x_wconf 75' lang='grc' dir='ltr'><strong><em>ἀκομιστίη</em></strong></span> <span class='ocrx_word' id='word_1_87' title='bbox 2095 1464 2237 1529; x_wconf 80' lang='lat' dir='ltr'><strong>aliis</strong></span> <span class='ocrx_word' id='word_1_88' title='bbox 2276 1465 2432 1529; x_wconf 87' lang='lat' dir='ltr'><strong>bene</strong></span> <span class='ocrx_word' id='word_1_89' title='bbox 2470 1463 2717 1542; x_wconf 67' lang='lat' dir='ltr'><strong>multia,</strong></span> 
     </span>
     <span class='ocr_line' id='line_1_12' title="bbox 342 1568 2719 1658; baseline -0.002 -19"><span class='ocrx_word' id='word_1_90' title='bbox 342 1572 502 1639; x_wconf 88' lang='lat' dir='ltr'><strong>licet</strong></span> <span class='ocrx_word' id='word_1_91' title='bbox 560 1572 813 1638; x_wconf 91' lang='lat' dir='ltr'><strong>nullum</strong></span> <span class='ocrx_word' id='word_1_92' title='bbox 875 1572 1053 1637; x_wconf 90' lang='lat' dir='ltr'><strong>aliud</strong></span> <span class='ocrx_word' id='word_1_93' title='bbox 1100 1573 1263 1637; x_wconf 88' lang='lat' dir='ltr'><strong>mihi</strong></span> <span class='ocrx_word' id='word_1_94' title='bbox 1309 1573 1660 1637; x_wconf 77' lang='lat' dir='ltr'><strong>innotuerit</strong></span> <span class='ocrx_word' id='word_1_95' title='bbox 1707 1569 2075 1658; x_wconf 81' lang='lat' dir='ltr'><strong>exemplum</strong></span> <span class='ocrx_word' id='word_1_96' title='bbox 2093 1619 2110 1649; x_wconf 90' lang='lat'>‚</span> <span class='ocrx_word' id='word_1_97' title='bbox 2162 1572 2274 1635; x_wconf 90' lang='lat' dir='ltr'><strong>ubi</strong></span> <span class='ocrx_word' id='word_1_98' title='bbox 2319 1577 2397 1635; x_wconf 89' lang='lat' dir='ltr'><strong>ut</strong></span> <span class='ocrx_word' id='word_1_99' title='bbox 2441 1570 2544 1635; x_wconf 89' lang='lat' dir='ltr'><strong>hic</strong></span> <span class='ocrx_word' id='word_1_100' title='bbox 2591 1568 2719 1635; x_wconf 87' lang='lat' dir='ltr'><strong>tale</strong></span> 
     </span>
     <span class='ocr_line' id='line_1_13' title="bbox 342 1675 2719 1765; baseline -0.001 -22"><span class='ocrx_word' id='word_1_101' title='bbox 342 1679 733 1745; x_wconf 77' lang='lat' dir='ltr'><strong>vocabulum</strong></span> <span class='ocrx_word' id='word_1_102' title='bbox 804 1678 1347 1765; x_wconf 80' lang='lat' dir='ltr'><strong>proceleusmatici</strong></span> <span class='ocrx_word' id='word_1_103' title='bbox 1414 1678 1645 1743; x_wconf 86' lang='lat' dir='ltr'><strong>habeat</strong></span> <span class='ocrx_word' id='word_1_104' title='bbox 1713 1698 2098 1743; x_wconf 87' lang='lat' dir='ltr'><strong>mensuram.</strong></span> <span class='ocrx_word' id='word_1_105' title='bbox 2171 1675 2425 1742; x_wconf 87' lang='lat' dir='ltr'><strong>Memor</strong></span> <span class='ocrx_word' id='word_1_106' title='bbox 2493 1696 2719 1741; x_wconf 86' lang='lat' dir='ltr'><strong>eorum</strong></span> 
     </span>
     <span class='ocr_line' id='line_1_14' title="bbox 340 1783 2720 1874; baseline -0.003 -21"><span class='ocrx_word' id='word_1_107' title='bbox 340 1809 509 1873; x_wconf 88' lang='lat' dir='ltr'><strong>quae</strong></span> <span class='ocrx_word' id='word_1_108' title='bbox 560 1786 769 1852; x_wconf 89' lang='lat' dir='ltr'><strong>Naber</strong></span> <span class='ocrx_word' id='word_1_109' title='bbox 814 1808 960 1874; x_wconf 79' lang='lat' dir='ltr'><strong>pag.</strong></span> <span class='ocrx_word' id='word_1_110' title='bbox 1012 1785 1145 1851; x_wconf 88' lang='lat'><strong>304</strong></span> <span class='ocrx_word' id='word_1_111' title='bbox 1194 1788 1451 1872; x_wconf 88' lang='lat' dir='ltr'><strong>scripsit</strong></span> <span class='ocrx_word' id='word_1_112' title='bbox 1496 1784 1571 1852; x_wconf 85' lang='lat' dir='ltr'><strong>de</strong></span> <span class='ocrx_word' id='word_1_113' title='bbox 1617 1783 1679 1849; x_wconf 89' lang='grc' dir='ltr'><strong>Ν</strong></span> <span class='ocrx_word' id='word_1_114' title='bbox 1681 1785 1894 1849; x_wconf 85' lang='lat' dir='ltr'><strong>auckii</strong></span> <span class='ocrx_word' id='word_1_115' title='bbox 1938 1805 2091 1871; x_wconf 81' lang='lat' dir='ltr'><strong>erga</strong></span> <span class='ocrx_word' id='word_1_116' title='bbox 2137 1783 2451 1850; x_wconf 84' lang='lat' dir='ltr'><strong>Cobetum</strong></span> <span class='ocrx_word' id='word_1_117' title='bbox 2497 1784 2720 1847; x_wconf 83' lang='lat' dir='ltr'><strong>huma-</strong></span> 
     </span>
     <span class='ocr_line' id='line_1_15' title="bbox 336 1890 2718 1979; baseline -0.002 -21"><span class='ocrx_word' id='word_1_118' title='bbox 336 1895 543 1959; x_wconf 85' lang='lat' dir='ltr'><strong>nitate</strong></span> <span class='ocrx_word' id='word_1_119' title='bbox 599 1914 724 1958; x_wconf 91' lang='lat' dir='ltr'><strong>non</strong></span> <span class='ocrx_word' id='word_1_120' title='bbox 784 1899 1069 1978; x_wconf 87' lang='lat' dir='ltr'><strong>repetam</strong></span> <span class='ocrx_word' id='word_1_121' title='bbox 1136 1914 1261 1977; x_wconf 90' lang='lat' dir='ltr'><strong>quo</strong></span> <span class='ocrx_word' id='word_1_122' title='bbox 1323 1898 1505 1979; x_wconf 87' lang='lat' dir='ltr'><strong>pacto</strong></span> <span class='ocrx_word' id='word_1_123' title='bbox 1571 1893 1816 1956; x_wconf 86' lang='lat' dir='ltr'><strong>amicus</strong></span> <span class='ocrx_word' id='word_1_124' title='bbox 1874 1890 2014 1955; x_wconf 90' lang='lat' dir='ltr'><strong>loco</strong></span> <span class='ocrx_word' id='word_1_125' title='bbox 2077 1890 2426 1967; x_wconf 87' lang='lat' dir='ltr'><strong>laboranti,</strong></span> <span class='ocrx_word' id='word_1_126' title='bbox 2475 1894 2552 1953; x_wconf 91' lang='lat' dir='ltr'><strong>ut</strong></span> <span class='ocrx_word' id='word_1_127' title='bbox 2592 1892 2718 1974; x_wconf 88' lang='lat' dir='ltr'><strong>ipsi</strong></span> 
     </span>
     <span class='ocr_line' id='line_1_16' title="bbox 331 1995 2716 2083; baseline -0.002 -19"><span class='ocrx_word' id='word_1_128' title='bbox 331 1998 614 2077; x_wconf 76' lang='lat' dir='ltr'><strong>videtur,</strong></span> <span class='ocrx_word' id='word_1_129' title='bbox 654 2000 991 2064; x_wconf 82' lang='lat' dir='ltr'><strong>subvenire</strong></span> <span class='ocrx_word' id='word_1_130' title='bbox 1029 1997 1327 2064; x_wconf 81' lang='lat' dir='ltr'><strong>voluerit.</strong></span> <span class='ocrx_word' id='word_1_131' title='bbox 1366 1996 1489 2063; x_wconf 83' lang='lat' dir='ltr'><strong>Sed</strong></span> <span class='ocrx_word' id='word_1_132' title='bbox 1529 1999 1673 2083; x_wconf 89' lang='lat' dir='ltr'><strong>quis</strong></span> <span class='ocrx_word' id='word_1_133' title='bbox 1713 1996 1972 2062; x_wconf 88' lang='lat' dir='ltr'><strong>tandem</strong></span> <span class='ocrx_word' id='word_1_134' title='bbox 2011 1996 2375 2061; x_wconf 85' lang='lat' dir='ltr'><strong>infirmitati</strong></span> <span class='ocrx_word' id='word_1_135' title='bbox 2398 1995 2716 2060; x_wconf 86' lang='lat' dir='ltr'><strong>humanae</strong></span> 
     </span>
     <span class='ocr_line' id='line_1_17' title="bbox 334 2102 1306 2189; baseline -0.002 -19"><span class='ocrx_word' id='word_1_136' title='bbox 334 2110 633 2171; x_wconf 84' lang='lat' dir='ltr'><strong>exemtus</strong></span> <span class='ocrx_word' id='word_1_137' title='bbox 679 2107 857 2170; x_wconf 89' lang='lat' dir='ltr'><strong>omni</strong></span> <span class='ocrx_word' id='word_1_138' title='bbox 900 2106 1056 2171; x_wconf 87' lang='lat' dir='ltr'><strong>hora</strong></span> <span class='ocrx_word' id='word_1_139' title='bbox 1100 2102 1306 2189; x_wconf 79' lang='lat' dir='ltr'><strong>sapit?</strong></span> 
     </span>
    </p>

    <p class='ocr_par' dir='ltr' id='par_1_7' title="bbox 431 2208 1836 2278">
     <span class='ocr_line' id='line_1_18' title="bbox 431 2208 1836 2278; baseline -0.003 -1"><span class='ocrx_word' id='word_1_140' title='bbox 431 2210 771 2277; x_wconf 87' lang='lat' dir='ltr'><strong>Difficilius</strong></span> <span class='ocrx_word' id='word_1_141' title='bbox 818 2217 914 2277; x_wconf 87' lang='lat' dir='ltr'><strong>est</strong></span> <span class='ocrx_word' id='word_1_142' title='bbox 958 2211 1274 2276; x_wconf 88' lang='lat' dir='ltr'><strong>iudicium</strong></span> <span class='ocrx_word' id='word_1_143' title='bbox 1322 2210 1399 2275; x_wconf 91' lang='lat' dir='ltr'><strong>de</strong></span> <span class='ocrx_word' id='word_1_144' title='bbox 1441 2208 1581 2275; x_wconf 94' lang='lat' dir='ltr'><strong>loco</strong></span> <span class='ocrx_word' id='word_1_145' title='bbox 1633 2219 1676 2278; x_wconf 84' lang='grc' dir='ltr'>Ξ</span> <span class='ocrx_word' id='word_1_146' title='bbox 1704 2208 1836 2274; x_wconf 89' lang='grc'><strong>454</strong></span> 
     </span>
    </p>

    <p class='ocr_par' dir='ltr' id='par_1_8' title="bbox 613 2315 1996 2395">
     <span class='ocr_line' id='line_1_19' title="bbox 613 2315 1996 2395; baseline -0.001 -12"><span class='ocrx_word' id='word_1_147' title='bbox 613 2319 679 2383; x_wconf 82' lang='grc' dir='ltr'><strong>οῦ</strong></span> <span class='ocrx_word' id='word_1_148' title='bbox 726 2318 856 2395; x_wconf 66' lang='grc' dir='ltr'><strong>μὲν</strong></span> <span class='ocrx_word' id='word_1_149' title='bbox 904 2315 1045 2383; x_wconf 81' lang='grc' dir='ltr'><strong><em>αὖτ’</em></strong></span> <span class='ocrx_word' id='word_1_150' title='bbox 1092 2318 1189 2381; x_wconf 71' lang='grc' dir='ltr'><strong>ὀίω</strong></span> <span class='ocrx_word' id='word_1_151' title='bbox 1238 2316 1608 2394; x_wconf 70' lang='grc' dir='ltr'><strong><em>μεγαθύμου</em></strong></span> <span class='ocrx_word' id='word_1_152' title='bbox 1658 2316 1996 2382; x_wconf 78' lang='grc' dir='ltr'><strong><em>Πανθοΐδαο</em></strong></span> 
     </span>
    </p>

    <p class='ocr_par' dir='ltr' id='par_1_9' title="bbox 612 2420 2261 2505">
     <span class='ocr_line' id='line_1_20' title="bbox 612 2420 2261 2505; baseline -0.001 -17"><span class='ocrx_word' id='word_1_153' title='bbox 612 2426 814 2505; x_wconf 79' lang='grc' dir='ltr'><strong><em>χειρὸς</em></strong></span> <span class='ocrx_word' id='word_1_154' title='bbox 862 2422 988 2489; x_wconf 73' lang='grc' dir='ltr'><strong>ἄπο</strong></span> <span class='ocrx_word' id='word_1_155' title='bbox 1033 2425 1334 2503; x_wconf 72' lang='grc' dir='ltr'><strong><em>στιβαρῆς</em></strong></span> <span class='ocrx_word' id='word_1_156' title='bbox 1385 2420 1556 2489; x_wconf 73' lang='grc' dir='ltr'><strong><em>ἅλιον</em></strong></span> <span class='ocrx_word' id='word_1_157' title='bbox 1605 2424 1874 2498; x_wconf 75' lang='grc' dir='ltr'><strong><em>πηδῆσαι</em></strong></span> <span class='ocrx_word' id='word_1_158' title='bbox 1923 2424 2261 2499; x_wconf 76' lang='grc' dir='ltr'><strong><em>ἄκοντα,</em></strong></span> 
     </span>
    </p>

    <p class='ocr_par' dir='ltr' id='par_1_10' title="bbox 614 2528 2218 2610">
     <span class='ocr_line' id='line_1_21' title="bbox 614 2528 2218 2610; baseline -0.001 -15"><span class='ocrx_word' id='word_1_159' title='bbox 614 2532 790 2595; x_wconf 69' lang='grc' dir='ltr'><strong>ἄλλα</strong></span> <span class='ocrx_word' id='word_1_160' title='bbox 837 2556 931 2603; x_wconf 79' lang='grc' dir='ltr'><strong>τις</strong></span> <span class='ocrx_word' id='word_1_161' title='bbox 982 2530 1275 2609; x_wconf 77' lang='grc' dir='ltr'><strong><em>’Λργεΐων</em></strong></span> <span class='ocrx_word' id='word_1_162' title='bbox 1321 2529 1541 2605; x_wconf 85' lang='grc' dir='ltr'><strong><em>κόμισε</em></strong></span> <span class='ocrx_word' id='word_1_163' title='bbox 1590 2530 1765 2610; x_wconf 81' lang='grc' dir='ltr'><strong><em>χροΐ,</em></strong></span> <span class='ocrx_word' id='word_1_164' title='bbox 1813 2532 1922 2595; x_wconf 77' lang='grc' dir='ltr'><strong><em>καί</em></strong></span> <span class='ocrx_word' id='word_1_165' title='bbox 1965 2554 2070 2607; x_wconf 87' lang='grc' dir='ltr'><strong>μιν</strong></span> <span class='ocrx_word' id='word_1_166' title='bbox 2119 2528 2218 2594; x_wconf 75' lang='grc' dir='ltr'><strong>ὀίω</strong></span> 
     </span>
    </p>

    <p class='ocr_par' dir='ltr' id='par_1_11' title="bbox 338 2635 2719 3893">
     <span class='ocr_line' id='line_1_22' title="bbox 613 2635 2282 2719; baseline -0.001 -18"><span class='ocrx_word' id='word_1_167' title='bbox 613 2638 823 2719; x_wconf 80' lang='grc' dir='ltr'><strong><em>αὐτῷ</em></strong></span> <span class='ocrx_word' id='word_1_168' title='bbox 870 2637 1291 2713; x_wconf 72' lang='grc' dir='ltr'><strong><em>σκηπτόμενον</em></strong></span> <span class='ocrx_word' id='word_1_169' title='bbox 1336 2638 1602 2713; x_wconf 77' lang='grc' dir='ltr'><strong><em>κατίμεν</em></strong></span> <span class='ocrx_word' id='word_1_170' title='bbox 1649 2637 1827 2712; x_wconf 85' lang='grc' dir='ltr'><strong><em>δόμον</em></strong></span> <span class='ocrx_word' id='word_1_171' title='bbox 1866 2636 2074 2707; x_wconf 73' lang='grc' dir='ltr'><strong><em>’Ἄιδος</em></strong></span> <span class='ocrx_word' id='word_1_172' title='bbox 2125 2635 2282 2700; x_wconf 79' lang='grc' dir='ltr'><strong><em>εἵσω.</em></strong></span> 
     </span>
     <span class='ocr_line' id='line_1_23' title="bbox 345 2742 2719 2826; baseline -0.001 -17"><span class='ocrx_word' id='word_1_173' title='bbox 345 2744 441 2810; x_wconf 91' lang='lat' dir='ltr'><strong>De</strong></span> <span class='ocrx_word' id='word_1_174' title='bbox 524 2742 651 2809; x_wconf 87' lang='lat' dir='ltr'><strong>loci</strong></span> <span class='ocrx_word' id='word_1_175' title='bbox 739 2746 1050 2810; x_wconf 86' lang='lat' dir='ltr'><strong>sententia</strong></span> <span class='ocrx_word' id='word_1_176' title='bbox 1131 2746 1286 2808; x_wconf 89' lang='lat' dir='ltr'><strong>satis</strong></span> <span class='ocrx_word' id='word_1_177' title='bbox 1368 2748 1614 2808; x_wconf 88' lang='lat' dir='ltr'><strong>constat</strong></span> <span class='ocrx_word' id='word_1_178' title='bbox 1631 2793 1648 2826; x_wconf 87' lang='lat'>,</span> <span class='ocrx_word' id='word_1_179' title='bbox 1736 2742 1845 2809; x_wconf 88' lang='lat' dir='ltr'><strong>sed</strong></span> <span class='ocrx_word' id='word_1_180' title='bbox 1926 2742 1988 2807; x_wconf 93' lang='lat' dir='ltr'>N</span> <span class='ocrx_word' id='word_1_181' title='bbox 1988 2744 2136 2808; x_wconf 90' lang='lat' dir='ltr'><strong>aber</strong></span> <span class='ocrx_word' id='word_1_182' title='bbox 2217 2742 2486 2808; x_wconf 86' lang='lat' dir='ltr'><strong>offensus</strong></span> <span class='ocrx_word' id='word_1_183' title='bbox 2568 2762 2719 2807; x_wconf 84' lang='lat' dir='ltr'><strong>voce</strong></span> 
     </span>
     <span class='ocr_line' id='line_1_24' title="bbox 343 2847 2718 2938; baseline -0 -25"><span class='ocrx_word' id='word_1_184' title='bbox 343 2852 509 2931; x_wconf 79' lang='grc' dir='ltr'><strong><em>αὐτῷ</em></strong></span> <span class='ocrx_word' id='word_1_185' title='bbox 557 2872 749 2916; x_wconf 88' lang='lat' dir='ltr'><strong>sensu</strong></span> <span class='ocrx_word' id='word_1_186' title='bbox 800 2854 1193 2938; x_wconf 88' lang='lat' dir='ltr'><strong>pronominis</strong></span> <span class='ocrx_word' id='word_1_187' title='bbox 1240 2849 1586 2936; x_wconf 88' lang='lat' dir='ltr'><strong>personalis</strong></span> <span class='ocrx_word' id='word_1_188' title='bbox 1631 2850 1918 2915; x_wconf 86' lang='lat' dir='ltr'><strong>adhibita</strong></span> <span class='ocrx_word' id='word_1_189' title='bbox 1961 2852 2226 2915; x_wconf 90' lang='lat' dir='ltr'><strong>coniecit</strong></span> <span class='ocrx_word' id='word_1_190' title='bbox 2271 2848 2491 2930; x_wconf 75' lang='grc' dir='ltr'><strong><em>ξυστῷ.</em></strong></span> <span class='ocrx_word' id='word_1_191' title='bbox 2540 2847 2718 2913; x_wconf 91' lang='lat' dir='ltr'><strong>Num</strong></span> 
     </span>
     <span class='ocr_line' id='line_1_25' title="bbox 340 2953 2716 3043; baseline -0 -23"><span class='ocrx_word' id='word_1_192' title='bbox 340 2977 490 3023; x_wconf 84' lang='lat' dir='ltr'><strong>vero</strong></span> <span class='ocrx_word' id='word_1_193' title='bbox 553 2954 771 3027; x_wconf 78' lang='grc' dir='ltr'><strong><em>ξυστόν</em></strong></span> <span class='ocrx_word' id='word_1_194' title='bbox 835 2954 1151 3043; x_wconf 86' lang='lat' dir='ltr'><strong>appellare</strong></span> <span class='ocrx_word' id='word_1_195' title='bbox 1209 2955 1401 3022; x_wconf 91' lang='lat' dir='ltr'><strong>liceat</strong></span> <span class='ocrx_word' id='word_1_196' title='bbox 1463 2954 1697 3019; x_wconf 71' lang='grc' dir='ltr'><strong><em>ἄκοντα</em></strong></span> <span class='ocrx_word' id='word_1_197' title='bbox 1765 2956 1992 3021; x_wconf 86' lang='lat' dir='ltr'><strong>dubito</strong></span> <span class='ocrx_word' id='word_1_198' title='bbox 2013 3004 2029 3033; x_wconf 91' lang='lat'><strong><em>,</em></strong></span> <span class='ocrx_word' id='word_1_199' title='bbox 2092 2954 2409 3041; x_wconf 90' lang='lat' dir='ltr'><strong>siquidem</strong></span> <span class='ocrx_word' id='word_1_200' title='bbox 2453 2953 2716 3040; x_wconf 87' lang='lat' dir='ltr'><strong>reliquis</strong></span> 
     </span>
     <span class='ocr_line' id='line_1_26' title="bbox 339 3059 2713 3148; baseline -0 -21"><span class='ocrx_word' id='word_1_201' title='bbox 339 3062 495 3128; x_wconf 90' lang='lat' dir='ltr'><strong>locis</strong></span> <span class='ocrx_word' id='word_1_202' title='bbox 565 3064 677 3129; x_wconf 89' lang='lat' dir='ltr'><strong>ubi</strong></span> <span class='ocrx_word' id='word_1_203' title='bbox 744 3060 963 3137; x_wconf 74' lang='grc' dir='ltr'><strong><em>ξυστόν</em></strong></span> <span class='ocrx_word' id='word_1_204' title='bbox 1028 3062 1197 3148; x_wconf 84' lang='lat' dir='ltr'><strong>apud</strong></span> <span class='ocrx_word' id='word_1_205' title='bbox 1256 3061 1623 3127; x_wconf 87' lang='lat' dir='ltr'><strong>Homerum</strong></span> <span class='ocrx_word' id='word_1_206' title='bbox 1685 3065 1960 3127; x_wconf 88' lang='lat' dir='ltr'><strong>occurrit</strong></span> <span class='ocrx_word' id='word_1_207' title='bbox 2023 3071 2074 3125; x_wconf 90' lang='grc' dir='ltr'>Δ</span> <span class='ocrx_word' id='word_1_208' title='bbox 2106 3060 2256 3137; x_wconf 87' lang='grc'><strong>469,</strong></span> <span class='ocrx_word' id='word_1_209' title='bbox 2319 3071 2378 3135; x_wconf 85' lang='grc' dir='ltr'><strong>Λ</strong></span> <span class='ocrx_word' id='word_1_210' title='bbox 2403 3060 2556 3137; x_wconf 89' lang='grc'><strong>260,</strong></span> <span class='ocrx_word' id='word_1_211' title='bbox 2584 3059 2713 3126; x_wconf 91' lang='grc'><strong>565</strong></span> 
     </span>
     <span class='ocr_line' id='line_1_27' title="bbox 341 3166 2716 3255; baseline -0.002 -20"><span class='ocrx_word' id='word_1_212' title='bbox 341 3172 629 3235; x_wconf 88' lang='lat' dir='ltr'><strong>cominus</strong></span> <span class='ocrx_word' id='word_1_213' title='bbox 698 3190 771 3235; x_wconf 87' lang='lat' dir='ltr'><strong>eo</strong></span> <span class='ocrx_word' id='word_1_214' title='bbox 841 3174 1188 3255; x_wconf 85' lang='lat' dir='ltr'><strong>pugnatur,</strong></span> <span class='ocrx_word' id='word_1_215' title='bbox 1256 3168 1425 3253; x_wconf 88' lang='lat' dir='ltr'><strong>quod</strong></span> <span class='ocrx_word' id='word_1_216' title='bbox 1484 3171 1682 3233; x_wconf 87' lang='lat' dir='ltr'><strong>etiam</strong></span> <span class='ocrx_word' id='word_1_217' title='bbox 1741 3188 1856 3253; x_wconf 89' lang='lat' dir='ltr'><strong>per</strong></span> <span class='ocrx_word' id='word_1_218' title='bbox 1903 3189 1968 3233; x_wconf 90' lang='lat' dir='ltr'><strong>se</strong></span> <span class='ocrx_word' id='word_1_219' title='bbox 2013 3166 2339 3253; x_wconf 86' lang='lat' dir='ltr'><strong>probabile</strong></span> <span class='ocrx_word' id='word_1_220' title='bbox 2384 3172 2482 3232; x_wconf 88' lang='lat' dir='ltr'><strong>est</strong></span> <span class='ocrx_word' id='word_1_221' title='bbox 2500 3215 2515 3244; x_wconf 91' lang='lat'>‚</span> <span class='ocrx_word' id='word_1_222' title='bbox 2566 3169 2716 3251; x_wconf 88' lang='lat' dir='ltr'><strong>quia</strong></span> 
     </span>
     <span class='ocr_line' id='line_1_28' title="bbox 340 3269 2708 3361; baseline -0.001 -22"><span class='ocrx_word' id='word_1_223' title='bbox 340 3275 525 3339; x_wconf 86' lang='lat' dir='ltr'><strong>hasta</strong></span> <span class='ocrx_word' id='word_1_224' title='bbox 592 3280 657 3340; x_wconf 89' lang='lat' dir='ltr'><strong>et</strong></span> <span class='ocrx_word' id='word_1_225' title='bbox 724 3274 935 3339; x_wconf 91' lang='lat' dir='ltr'><strong>iaculo</strong></span> <span class='ocrx_word' id='word_1_226' title='bbox 997 3273 1255 3361; x_wconf 83' lang='lat' dir='ltr'><strong>longius</strong></span> <span class='ocrx_word' id='word_1_227' title='bbox 1318 3273 1514 3339; x_wconf 88' lang='lat' dir='ltr'><strong>fuisse</strong></span> <span class='ocrx_word' id='word_1_228' title='bbox 1576 3273 1852 3339; x_wconf 81' lang='lat' dir='ltr'><strong>videtur.</strong></span> <span class='ocrx_word' id='word_1_229' title='bbox 1928 3270 2026 3339; x_wconf 83' lang='lat' dir='ltr'><strong>Of.</strong></span> <span class='ocrx_word' id='word_1_230' title='bbox 2094 3281 2146 3335; x_wconf 91' lang='grc' dir='ltr'><strong>Ο</strong></span> <span class='ocrx_word' id='word_1_231' title='bbox 2178 3270 2308 3337; x_wconf 84' lang='grc'><strong>388</strong></span> <span class='ocrx_word' id='word_1_232' title='bbox 2356 3278 2421 3337; x_wconf 91' lang='lat' dir='ltr'><strong>et</strong></span> <span class='ocrx_word' id='word_1_233' title='bbox 2469 3278 2526 3336; x_wconf 88' lang='lat' dir='ltr'>N</span> <span class='ocrx_word' id='word_1_234' title='bbox 2557 3269 2708 3336; x_wconf 90' lang='grc'><strong>497.</strong></span> 
     </span>
     <span class='ocr_line' id='line_1_29' title="bbox 340 3378 2709 3467; baseline -0.003 -20"><span class='ocrx_word' id='word_1_235' title='bbox 340 3382 601 3447; x_wconf 90' lang='lat' dir='ltr'><strong>Accedit</strong></span> <span class='ocrx_word' id='word_1_236' title='bbox 662 3382 829 3467; x_wconf 91' lang='lat' dir='ltr'><strong>quod</strong></span> <span class='ocrx_word' id='word_1_237' title='bbox 888 3381 956 3446; x_wconf 91' lang='lat' dir='ltr'><strong>id</strong></span> <span class='ocrx_word' id='word_1_238' title='bbox 1016 3380 1403 3446; x_wconf 81' lang='lat' dir='ltr'><strong>vocabulum</strong></span> <span class='ocrx_word' id='word_1_239' title='bbox 1447 3380 1686 3465; x_wconf 90' lang='lat' dir='ltr'><strong>ubique</strong></span> <span class='ocrx_word' id='word_1_240' title='bbox 1730 3382 1800 3443; x_wconf 90' lang='lat' dir='ltr'><strong>in</strong></span> <span class='ocrx_word' id='word_1_241' title='bbox 1846 3378 2116 3444; x_wconf 88' lang='lat' dir='ltr'><strong>secunda</strong></span> <span class='ocrx_word' id='word_1_242' title='bbox 2162 3379 2329 3443; x_wconf 87' lang='lat' dir='ltr'><strong>thesi</strong></span> <span class='ocrx_word' id='word_1_243' title='bbox 2377 3380 2709 3464; x_wconf 86' lang='lat' dir='ltr'><strong>reperitur.</strong></span> 
     </span>
     <span class='ocr_line' id='line_1_30' title="bbox 339 3485 2711 3573; baseline -0.003 -19"><span class='ocrx_word' id='word_1_244' title='bbox 339 3488 545 3569; x_wconf 81' lang='lat' dir='ltr'><strong>Quare</strong></span> <span class='ocrx_word' id='word_1_245' title='bbox 614 3492 669 3553; x_wconf 89' lang='lat' dir='ltr'><strong>si</strong></span> <span class='ocrx_word' id='word_1_246' title='bbox 736 3488 889 3573; x_wconf 88' lang='lat' dir='ltr'><strong>quid</strong></span> <span class='ocrx_word' id='word_1_247' title='bbox 954 3487 1320 3553; x_wconf 84' lang='lat' dir='ltr'><strong>novandum</strong></span> <span class='ocrx_word' id='word_1_248' title='bbox 1380 3492 1678 3571; x_wconf 86' lang='lat' dir='ltr'><strong>putarem</strong></span> <span class='ocrx_word' id='word_1_249' title='bbox 1696 3535 1712 3563; x_wconf 87' lang='lat'><em>,</em></span> <span class='ocrx_word' id='word_1_250' title='bbox 1779 3487 2142 3571; x_wconf 86' lang='lat' dir='ltr'><strong>scripserim</strong></span> <span class='ocrx_word' id='word_1_251' title='bbox 2203 3486 2419 3570; x_wconf 87' lang='lat' dir='ltr'><strong>potius</strong></span> <span class='ocrx_word' id='word_1_252' title='bbox 2482 3485 2672 3561; x_wconf 81' lang='grc' dir='ltr'><strong><em>τούτῳ</em></strong></span> <span class='ocrx_word' id='word_1_253' title='bbox 2695 3532 2711 3561; x_wconf 93' lang='grc'><strong>,</strong></span> 
     </span>
     <span class='ocr_line' id='line_1_31' title="bbox 338 3589 2715 3681; baseline -0.002 -23"><span class='ocrx_word' id='word_1_254' title='bbox 338 3594 506 3681; x_wconf 91' lang='lat' dir='ltr'><strong>quod</strong></span> <span class='ocrx_word' id='word_1_255' title='bbox 568 3597 763 3659; x_wconf 89' lang='lat' dir='ltr'><strong>etiam</strong></span> <span class='ocrx_word' id='word_1_256' title='bbox 822 3592 1031 3659; x_wconf 91' lang='lat' dir='ltr'><strong>lenius</strong></span> <span class='ocrx_word' id='word_1_257' title='bbox 1096 3594 1613 3658; x_wconf 86' lang='lat' dir='ltr'><strong>substitueretur.</strong></span> <span class='ocrx_word' id='word_1_258' title='bbox 1679 3590 1802 3657; x_wconf 83' lang='lat' dir='ltr'><strong>Sed</strong></span> <span class='ocrx_word' id='word_1_259' title='bbox 1852 3594 2024 3657; x_wconf 89' lang='lat' dir='ltr'><strong>enim</strong></span> <span class='ocrx_word' id='word_1_260' title='bbox 2070 3596 2170 3655; x_wconf 85' lang='lat' dir='ltr'><strong>tot</strong></span> <span class='ocrx_word' id='word_1_261' title='bbox 2215 3596 2366 3662; x_wconf 77' lang='lat' dir='ltr'><strong>sunt</strong></span> <span class='ocrx_word' id='word_1_262' title='bbox 2411 3589 2534 3656; x_wconf 86' lang='lat' dir='ltr'><strong>loci</strong></span> <span class='ocrx_word' id='word_1_263' title='bbox 2583 3589 2715 3654; x_wconf 92' lang='lat' dir='ltr'><strong>Ho-</strong></span> 
     </span>
     <span class='ocr_line' id='line_1_32' title="bbox 338 3698 2713 3785; baseline -0.003 -19"><span class='ocrx_word' id='word_1_264' title='bbox 338 3703 563 3766; x_wconf 90' lang='lat' dir='ltr'><strong>merici</strong></span> <span class='ocrx_word' id='word_1_265' title='bbox 578 3748 595 3777; x_wconf 90' lang='lat'><em>,</em></span> <span class='ocrx_word' id='word_1_266' title='bbox 662 3701 891 3785; x_wconf 90' lang='lat' dir='ltr'><strong>quibus</strong></span> <span class='ocrx_word' id='word_1_267' title='bbox 959 3702 1243 3765; x_wconf 84' lang='lat' dir='ltr'><strong>novitius</strong></span> <span class='ocrx_word' id='word_1_268' title='bbox 1311 3698 1420 3764; x_wconf 88' lang='lat' dir='ltr'><strong>ille</strong></span> <span class='ocrx_word' id='word_1_269' title='bbox 1493 3719 1685 3784; x_wconf 90' lang='lat' dir='ltr'><strong>quem</strong></span> <span class='ocrx_word' id='word_1_270' title='bbox 1745 3703 2002 3783; x_wconf 86' lang='lat' dir='ltr'><strong>crepant</strong></span> <span class='ocrx_word' id='word_1_271' title='bbox 2062 3717 2218 3761; x_wconf 89' lang='lat' dir='ltr'><strong>usus</strong></span> <span class='ocrx_word' id='word_1_272' title='bbox 2278 3702 2574 3783; x_wconf 84' lang='lat' dir='ltr'><strong>apparet,</strong></span> <span class='ocrx_word' id='word_1_273' title='bbox 2640 3702 2713 3759; x_wconf 87' lang='lat' dir='ltr'><strong>ut</strong></span> 
     </span>
     <span class='ocr_line' id='line_1_33' title="bbox 342 3805 1813 3893; baseline -0.003 -22"><span class='ocrx_word' id='word_1_274' title='bbox 342 3805 510 3871; x_wconf 89' lang='lat' dir='ltr'><strong>nihil</strong></span> <span class='ocrx_word' id='word_1_275' title='bbox 545 3812 795 3872; x_wconf 90' lang='lat' dir='ltr'><strong>mutare</strong></span> <span class='ocrx_word' id='word_1_276' title='bbox 839 3805 1029 3893; x_wconf 86' lang='lat' dir='ltr'><strong>longe</strong></span> <span class='ocrx_word' id='word_1_277' title='bbox 1073 3808 1273 3869; x_wconf 88' lang='lat' dir='ltr'><strong>satius</strong></span> <span class='ocrx_word' id='word_1_278' title='bbox 1320 3826 1455 3870; x_wconf 84' lang='lat' dir='ltr'><strong>esse</strong></span> <span class='ocrx_word' id='word_1_279' title='bbox 1499 3805 1813 3869; x_wconf 86' lang='lat' dir='ltr'><strong>videatur.</strong></span> 
     </span>
    </p>

    <p class='ocr_par' dir='ltr' id='par_1_12' title="bbox 340 3908 2713 4211">
     <span class='ocr_line' id='line_1_34' title="bbox 430 3908 2713 3998; baseline -0.002 -21"><span class='ocrx_word' id='word_1_280' title='bbox 430 3911 518 3977; x_wconf 91' lang='lat' dir='ltr'><strong>Iis</strong></span> <span class='ocrx_word' id='word_1_281' title='bbox 565 3916 675 3998; x_wconf 89' lang='lat' dir='ltr'><strong>qui</strong></span> <span class='ocrx_word' id='word_1_282' title='bbox 719 3912 1007 3977; x_wconf 88' lang='lat' dir='ltr'><strong>litteram</strong></span> <span class='ocrx_word' id='word_1_283' title='bbox 1054 3911 1380 3977; x_wconf 86' lang='lat' dir='ltr'><strong>Aeolicam</strong></span> <span class='ocrx_word' id='word_1_284' title='bbox 1427 3912 1621 3976; x_wconf 85' lang='lat' dir='ltr'><strong>verbo</strong></span> <span class='ocrx_word' id='word_1_285' title='bbox 1671 3909 1814 3974; x_wconf 76' lang='grc' dir='ltr'><strong><em>ἰδεῖν</em></strong></span> <span class='ocrx_word' id='word_1_286' title='bbox 1864 3908 2036 3994; x_wconf 91' lang='lat' dir='ltr'><strong>apud</strong></span> <span class='ocrx_word' id='word_1_287' title='bbox 2081 3908 2441 3974; x_wconf 88' lang='lat' dir='ltr'><strong>Homerum</strong></span> <span class='ocrx_word' id='word_1_288' title='bbox 2477 3908 2713 3993; x_wconf 90' lang='lat' dir='ltr'><strong>ubique</strong></span> 
     </span>
     <span class='ocr_line' id='line_1_35' title="bbox 340 4010 2711 4103; baseline -0.003 -18"><span class='ocrx_word' id='word_1_289' title='bbox 340 4019 667 4085; x_wconf 72' lang='lat' dir='ltr'><strong>vindicant</strong></span> <span class='ocrx_word' id='word_1_290' title='bbox 725 4016 1012 4083; x_wconf 88' lang='lat' dir='ltr'><strong>multum</strong></span> <span class='ocrx_word' id='word_1_291' title='bbox 1057 4020 1299 4103; x_wconf 83' lang='lat' dir='ltr'><strong>negotii</strong></span> <span class='ocrx_word' id='word_1_292' title='bbox 1346 4017 1496 4083; x_wconf 90' lang='lat' dir='ltr'><strong>fecit</strong></span> <span class='ocrx_word' id='word_1_293' title='bbox 1546 4017 1828 4101; x_wconf 78' lang='lat' dir='ltr'><strong>facitque</strong></span> <span class='ocrx_word' id='word_1_294' title='bbox 1875 4014 2040 4100; x_wconf 90' lang='lat' dir='ltr'><strong>quod</strong></span> <span class='ocrx_word' id='word_1_295' title='bbox 2089 4023 2142 4077; x_wconf 87' lang='grc' dir='ltr'>Π</span> <span class='ocrx_word' id='word_1_296' title='bbox 2171 4013 2300 4079; x_wconf 88' lang='grc'><strong>231</strong></span> <span class='ocrx_word' id='word_1_297' title='bbox 2348 4021 2412 4079; x_wconf 92' lang='lat' dir='ltr'><strong>et</strong></span> <span class='ocrx_word' id='word_1_298' title='bbox 2463 4022 2529 4077; x_wconf 87' lang='grc' dir='ltr'>Ω</span> <span class='ocrx_word' id='word_1_299' title='bbox 2581 4010 2711 4079; x_wconf 87' lang='grc'><strong>307</strong></span> 
     </span>
     <span class='ocr_line' id='line_1_36' title="bbox 342 4122 1569 4211; baseline -0.005 -20"><span class='ocrx_word' id='word_1_300' title='bbox 342 4130 602 4211; x_wconf 87' lang='lat' dir='ltr'><strong>apparet</strong></span> <span class='ocrx_word' id='word_1_301' title='bbox 650 4123 974 4188; x_wconf 74' lang='grc' dir='ltr'><strong><em>εἰσανιδών.</em></strong></span> <span class='ocrx_word' id='word_1_302' title='bbox 1022 4124 1241 4189; x_wconf 90' lang='lat' dir='ltr'><strong>Priore</strong></span> <span class='ocrx_word' id='word_1_303' title='bbox 1285 4122 1425 4189; x_wconf 91' lang='lat' dir='ltr'><strong>loco</strong></span> <span class='ocrx_word' id='word_1_304' title='bbox 1470 4127 1569 4188; x_wconf 87' lang='lat' dir='ltr'><strong>est</strong></span> 
     </span>
    </p>

    <p class='ocr_par' dir='ltr' id='par_1_13' title="bbox 342 4221 2716 4531">
     <span class='ocr_line' id='line_1_37' title="bbox 1871 4221 2350 4303; baseline -0.006 -11"><span class='ocrx_word' id='word_1_305' title='bbox 1871 4226 2049 4303; x_wconf 79' lang='grc' dir='ltr'><strong><em>λεῖβε</em></strong></span> <span class='ocrx_word' id='word_1_306' title='bbox 2095 4226 2158 4291; x_wconf 78' lang='grc' dir='ltr'><strong><em>δὲ</em></strong></span> <span class='ocrx_word' id='word_1_307' title='bbox 2205 4221 2350 4290; x_wconf 79' lang='grc' dir='ltr'><strong><em>οἶνον</em></strong></span> 
     </span>
     <span class='ocr_line' id='line_1_38' title="bbox 609 4335 1323 4416; baseline -0.004 -15"><span class='ocrx_word' id='word_1_308' title='bbox 609 4336 849 4416; x_wconf 79' lang='grc' dir='ltr'><strong><em>οὐρανὸν</em></strong></span> <span class='ocrx_word' id='word_1_309' title='bbox 896 4335 1323 4400; x_wconf 70' lang='grc' dir='ltr'><strong><em>εἰσανιδών</em></strong></span> 
     </span>
     <span class='ocr_line' id='line_1_39' title="bbox 342 4425 2716 4531; baseline -0.001 -23"><span class='ocrx_word' id='word_1_310' title='bbox 342 4444 457 4517; x_wconf 87' lang='lat' dir='ltr'><strong>ubi</strong></span> <span class='ocrx_word' id='word_1_311' title='bbox 502 4442 564 4508; x_wconf 92' lang='lat' dir='ltr'>N</span> <span class='ocrx_word' id='word_1_312' title='bbox 569 4444 739 4521; x_wconf 87' lang='lat' dir='ltr'><strong>aber,</strong></span> <span class='ocrx_word' id='word_1_313' title='bbox 790 4447 1162 4531; x_wconf 88' lang='lat' dir='ltr'><strong>aspernatus</strong></span> <span class='ocrx_word' id='word_1_314' title='bbox 1199 4439 1449 4509; x_wconf 89' lang='lat' dir='ltr'><strong>Bentlei</strong></span> <span class='ocrx_word' id='word_1_315' title='bbox 1488 4425 1918 4507; x_wconf 80' lang='lat' dir='ltr'><strong>coniecturam</strong></span> <span class='ocrx_word' id='word_1_316' title='bbox 1956 4438 2220 4516; x_wconf 78' lang='grc' dir='ltr'><strong><em>εἰσορόων</em></strong></span> <span class='ocrx_word' id='word_1_317' title='bbox 2245 4436 2465 4521; x_wconf 53' lang='lat' dir='ltr'><strong>(dev),</strong></span> <span class='ocrx_word' id='word_1_318' title='bbox 2501 4440 2716 4507; x_wconf 88' lang='lat' dir='ltr'><strong>minus</strong></span> 
     </span>
    </p>
   </div>
  </div>
 </body>
</html>
