3192 5009
553 246 640 311 46
1585 256 1891 308 murus.

551 426 766 493 511m
825 426 924 493 ed.
993 428 1238 513 primae
1302 422 1535 507 (1874)
1596 424 1702 490 vel
1764 422 1977 489 490un
2042 423 2139 489 ed.
2204 425 2513 490 secundae
2580 421 2813 504 (1879)
2861 430 2927 489 et

550 554 862 620 cognosce
923 532 1200 598 alterum
1258 532 1574 596 iudicium
1635 551 1892 616 prorsus
1956 530 2301 595 diversum.
2365 530 2659 615 Quinque
2705 550 2931 595 versus

553 660 772 705 omnes
819 639 1105 704 sotadeos
1150 659 1286 703 esse
1334 639 1597 715 statuit,
1644 638 1817 722 ipsos
1862 634 2008 700 illos
2055 637 2345 701 sotadeos
2364 686 2380 713 ,
2422 657 2581 721 quos
2622 638 2929 721 quinqua-

550 749 735 833 ginta
800 748 980 811 annis
1047 749 1194 809 ante
1262 742 1671 807 Hermannus
1741 749 2108 828 agnoverat.
2175 742 2335 819 „Die
2398 741 2711 808 Sotadeen
2767 741 2929 806 Her-

550 872 778 917 manns
815 851 1154 917 verdienen
1191 850 1311 915 den
1349 849 1835 915 entechiedenen
1877 846 2129 935 Vorzug
2151 869 2269 913 vor
2294 847 2459 914 allen
2485 848 2759 913 anderen
2784 868 2929 913 vor-

550 956 1017 1044 geschlagenen
1082 954 1538 1042 Messungen.''
1610 954 1799 1020 Forte
1846 954 2102 1018 fortuna
2144 956 2349 1041 igitur
2374 992 2459 1002 -—
2486 960 2703 1020 amant
2750 955 2927 1019 enim

553 1064 618 1128 di
677 1059 823 1128 ἅττ’
886 1061 961 1127 ἂν
1021 1064 1195 1137 ἡμεῖς
1256 1062 1597 1143 δυσβουλΙᾳ
1658 1060 2125 1143 ἐξαμάρτωμεν,
2189 1062 2292 1125 ἐπὶ
2359 1064 2427 1126 τὸ
2490 1061 2739 1139 βέλτιον
2803 1060 2930 1139 τρέ-

554 1194 690 1234 πειν
737 1206 823 1217 -
867 1176 931 1234 et
974 1171 1297 1256 ignorasse
1336 1168 1593 1233 videtur
1637 1188 1788 1233 eum
1836 1188 2029 1252 quem
2075 1166 2295 1232 laudat
2362 1170 2495 1233 iam
2541 1168 2791 1253 pridem
2834 1188 2931 1232 re—

549 1276 705 1341 licta
749 1283 919 1341 recta
963 1278 1070 1339 via
1089 1324 1105 1353 ,
1155 1295 1348 1359 quam
1393 1294 1622 1339 sanum
1664 1274 1981 1338 iudicium
2026 1280 2531 1349 monstraverat,
2580 1279 2818 1340 temere
2856 1275 2929 1337 in

551 1385 695 1448 avia
741 1388 930 1466 atque
977 1402 1265 1446 errorum
1303 1378 1492 1466 plena
1531 1400 1597 1445 se
1634 1379 1917 1445 induisse
1934 1428 1951 1456 ,
1994 1393 2059 1444 et
2078 1426 2093 1457 ,
2138 1380 2307 1464 quod
2345 1378 2491 1465 plus
2531 1385 2629 1444 est
2647 1428 2663 1457 ,
2702 1364 2937 1445 semet-

550 1492 769 1575 ipsum
827 1510 952 1553 non
1013 1490 1106 1552 ita
1166 1485 1374 1551 multo
1435 1492 1582 1551 ante
1640 1508 1898 1571 prorsus
1960 1486 2145 1551 aliter
2204 1489 2489 1551 sensisse.
2537 1485 2641 1553 Sic
2687 1487 2931 1551 factum

553 1600 653 1661 est
697 1600 772 1658 ut
815 1614 970 1659 vera
1010 1592 1200 1658 lectio
1218 1642 1233 1669 ‚
1286 1612 1446 1679 quae
1491 1594 1560 1655 in
1606 1592 1991 1657 editionibus
2039 1613 2300 1677 pessum
2350 1592 2557 1671 datur,
2605 1595 2674 1658 in
2721 1592 2931 1658 enchi·

553 1701 732 1765 ridiis
781 1702 874 1765 rei
917 1702 1216 1765 metricae
1261 1702 1516 1784 integra
1561 1704 1938 1764 remaneret.

646 1804 947 1873 Ceterum
994 1826 1221 1870 moneo
1267 1825 1345 1869 ex
1391 1802 1666 1869 Bentleii
1712 1806 1882 1868 notis
1936 1803 2403 1891 marginalibus
2452 1807 2521 1868 in
2576 1804 2930 1889 exemplari

557 1934 673 1978 suo
733 1911 1034 1976 Plautino
1095 1911 1428 1997 adscriptis
1475 1913 1759 1995 patuisse
1808 1915 1872 1975 et
1917 1910 2067 1975 huic
2118 1910 2281 1987 ἀνδρὶ
2336 1914 2747 1991 ›caeram-rainy
2795 1932 2935 1976 ver-

555 2040 701 2083 sum
767 2016 894 2082 168
953 2016 1289 2082 dumtaxat
1349 2016 1684 2081 sotadeum
1744 2036 1879 2081 esse
1930 2019 2147 2080 visum
2165 2065 2182 2093 ,
2230 2016 2499 2082 fortasse
2544 2022 2613 2082 et
2657 2016 2936 2102 reliquos

557 2130 878 2212 quattuor.

647 2230 827 2311 Quod
888 2236 1107 2295 autem
1155 2250 1347 2315 supra
1394 2229 1673 2293 diximus
1694 2277 1710 2305 ,
1758 2228 2101 2294 mutandae
2148 2224 2417 2295 traditae
2463 2229 2757 2294 lectionis
2805 2250 2941 2294 me-

555 2341 745 2403 tricas
790 2343 1045 2402 tantum
1089 2339 1363 2401 rationes
1409 2338 1729 2401 exstitisse
1748 2384 1763 2413 ,
1806 2357 2011 2399 unum
2050 2336 2494 2422 excipiendum
2536 2341 2651 2401 est.
2702 2334 2777 2399 In
2815 2335 2934 2400 hoc

557 2466 751 2511 versu

829 2567 954 2633 quo
999 2547 1164 2611 facto
1211 2552 1325 2612 aut
1372 2544 1542 2613 dicto
1591 2547 1767 2611 adest
1814 2568 2006 2633 opus,
2056 2551 2311 2632 quietus
2360 2568 2438 2612 ne
2486 2550 2571 2612 sis

555 2653 751 2720 multi
796 2656 992 2719 etiam
1037 2653 1116 2718 ob
1162 2652 1328 2718 form
1337 2652 1510 2717 ulam
1557 2655 1933 2718 inusitatam
1977 2656 2146 2717 adest
2190 2676 2337 2735 opus
2383 2653 2691 2717 mendum
2734 2655 2940 2739 suspi-

557 2763 684 2827 cati
729 2765 898 2825 sunt.
947 2759 1393 2825 Lachmannus
1439 2758 1674 2823 alicubi
1704 2757 1751 2837 ¹)
1800 2757 2055 2823 videtur
2104 2762 2440 2823 coniecisse
2488 2760 2691 2823 adeost
2752 2780 2903 2841 opus
2922 2806 2939 2836 ,

557 2870 662 2934 cui
700 2865 1056 2951 complures
1093 2864 1466 2951 adstipulati
1504 2869 1688 2941 sunt,
1730 2870 1805 2929 ut
1845 2864 2062 2951 Bergk
2079 2914 2095 2942 ,
2123 2863 2193 2933 O.
2219 2865 2289 2929 F.
2318 2864 2419 2929 W.
2445 2864 2707 2941 Mffller,
2734 2862 2939 2931 Goetz

560 2974 787 3038 Loewe
855 2979 919 3038 et
985 2970 1272 3048 SchoelL
1337 2971 1631 3057 Langen,
1700 2969 1942 3057 Ussing
1960 3021 1975 3049 ,
2042 2971 2192 3037 Leo.
2241 2971 2484 3057 Magna
2530 2973 2823 3047 nomina,
2871 2976 2932 3035 ai

560 3084 940 3166 argumenta
1000 3076 1171 3142 levia
1235 3084 1300 3142 et
1357 3079 1590 3141 inania.
1641 3075 1809 3141 Nam
1856 3078 2026 3163 quod
2072 3080 2138 3142 in
2185 3077 2457 3142 lectione
2502 3076 2771 3163 vulgata
2818 3076 2945 3141 dis-

557 3185 818 3271 plicuit,
863 3186 1247 3249 constructio
1288 3180 1470 3259 ἅπαξ
1512 3185 1817 3259 λεγομένη
1841 3230 1856 3260 ,
1894 3184 1963 3247 id
2003 3185 2199 3248 etiam
2236 3187 2306 3247 in
2355 3184 2795 3248 emendatione
2818 3182 2943 3246 dis—

559 3290 790 3377 plicere
838 3289 1042 3354 debet.
1090 3288 1182 3353 Ut
1221 3292 1482 3374 antiqua
1520 3288 1833 3374 quaedam
1870 3290 2149 3355 formula
2190 3289 2401 3367 „dicto
2434 3297 2548 3354 aut
2570 3282 2738 3355 facto
2762 3288 2943 3354 adest

561 3395 789 3482 opus'',
832 3416 990 3480 quae
1037 3400 1102 3459 et
1147 3416 1225 3459 ex
1271 3393 1481 3459 indole
1527 3394 1791 3481 linguae
1837 3395 2101 3461 Latinae
2150 3398 2382 3461 merito
2430 3395 2680 3461 defendi
2726 3400 2943 3480 potest

560 3510 628 3568 et
670 3502 822 3567 huic
858 3500 996 3566 loco
1034 3507 1224 3586 atque
1260 3521 1560 3585 personae
1601 3505 1935 3587 aptissima
1973 3508 2069 3567 est
2086 3552 2103 3580 ,
2147 3500 2605 3579 eliminaretur,
2650 3522 2939 3585 recepere

563 3616 718 3687 „aut
784 3606 951 3672 dicto
1023 3606 1243 3683 adeo”,
1309 3606 1478 3692 quod
1540 3609 1631 3671 sic
1686 3610 1977 3691 positum
2036 3607 2202 3693 apud
2265 3607 2577 3672 Plautum
2623 3626 2943 3691 nusquam

560 3716 907 3791 invenitur,
981 3718 1142 3779 teste
1209 3734 1338 3778 uno
1407 3734 1441 3777 e
1510 3712 1941 3779 defensoribus
2003 3713 2291 3799 (Langen
2310 3762 2325 3788 ,
2394 3713 2678 3794 Beitrd’qe
2744 3710 2943 3790 1880,

631 3972 685 4036 1)
730 3970 1089 4021 Lachmannum
1135 3970 1279 4021 huius
1329 3972 1478 4021 malae
1523 3972 1821 4022 coniecturae
1867 3978 2111 4022 auctorem
2146 3973 2275 4031 dico,
2314 3971 2564 4022 Goctzium
2584 4010 2596 4028 .
2638 3970 2936 4031 Mallorum,

563 4054 839 4117 [sangonam
889 4059 1088 4103 uocatus.
1145 4056 1299 4104 Nemo
1348 4056 1476 4104 enim
1496 4092 1508 4112 .
1551 4056 1706 4119 quoad
1753 4055 1873 4114 scio,
1920 4070 2087 4105 eorum
2119 4056 2203 4120 qui
2236 4055 2591 4105 Lachmanuum
2627 4053 2705 4102 hic
2740 4054 2941 4102 laudant

565 4137 744 4194 trudit,
793 4137 984 4199 quando
1035 4152 1130 4200 quo
1180 4137 1229 4185 in
1287 4152 1429 4201 opere
1478 4136 1553 4185 ubi
1603 4138 1793 4185 tandem
1839 4137 1881 4185 is
1926 4138 1983 4185 de
2018 4153 2155 4185 versu
2190 4141 2353 4185 nostro
2387 4136 2563 4201 egerit,
2602 4136 2670 4184 ita
2700 4141 2757 4185 ut
2792 4150 2945 4199 neque

566 4220 689 4285 apud
735 4218 890 4284 ipsum
927 4234 1029 4267 eam
1069 4234 1164 4267 rem
1199 4234 1478 4281 cognoscere
1513 4235 1663 4283 neque
1696 4218 1979 4283 quibusnam
2014 4219 2305 4283 argumentis
2339 4236 2551 4268 summus
2588 4219 2661 4267 vir
2696 4217 2946 4266 inventum

567 4317 704 4351 suum
755 4301 1154 4358 commendasset,
1204 4302 1384 4350 discere
1436 4302 1699 4366 potuerim!
1749 4302 1805 4349 ln
1847 4302 2189 4352 commentario
2233 4304 2293 4350 ad
2336 4302 2611 4351 Lucretium
2647 4299 2775 4349 nihil
2808 4312 2952 4363 super

567 4384 670 4436 1000
704 4384 867 4433 nostro
901 4382 1133 4446 seriptum
1167 4382 1344 4432 inveni.
2808 4378 2817 4389 ’
