3192 5009
557 227 648 295 48
1591 244 1899 293 murus.

559 415 648 479 At
708 412 860 499 quid
913 433 986 477 eo
1047 410 1532 477 commendatur
1577 410 1747 496 quod
1791 410 2115 475 obiectum
2159 408 2341 475 verbi
2394 404 2779 493 „accepisti”
2832 402 2941 467 de—

558 540 695 584 esse
755 520 980 603 nequit
995 566 1011 597 ,
1075 538 1228 583 cum
1287 521 1357 581 in
1417 516 1675 602 apodosi
1721 536 1973 602 quoque
2018 514 2315 600 poscendi
2359 514 2681 580 obiectum
2730 511 2941 595 expri-

561 632 779 690 matur
820 646 944 689 non
995 624 1433 688 subaudiatur.

652 730 748 795 De
783 729 1112 795 indefinito
1150 727 1441 794 enclitico
1481 729 1632 813 quid
1652 730 1719 792 in
1743 728 1913 792 hunc
1934 727 2202 792 modum
2224 730 2532 812 usurpato
2557 745 2654 808 cp.
2680 722 2937 787 Terent.

559 834 727 901 Eun.
756 834 888 900 252
913 843 1090 917 neqat
1113 838 1255 921 quis
1281 856 1294 899 :
1322 856 1468 915 neqo
1483 862 1512 910 ;
1537 834 1663 897 ait.-
1688 834 1787 897 aio
1812 844 1875 898 et
1900 837 2177 920 interpp.
2203 833 2284 897 ad
2308 832 2473 909 h.1.;
2510 830 2698 895 Lucr.
2722 827 2775 906 Ι,
2804 824 2939 891 440

551 948 872 1026 praeterea
911 964 1032 1023 per
1073 963 1136 1003 se
1182 942 1564 1025 quodeunque
1610 940 1727 1003 erit
1772 947 1880 1003 aut
1906 941 2119 1025 faciet
2164 939 2317 1025 quid
2358 940 2371 1024 Ι
2410 944 2515 1001 aut
2561 936 2708 999 abiis
2738 930 2944 1019 sumi

563 1048 792 1112 debebit
837 1047 1146 1129 aqentibus*
1187 1046 1382 1129 ipsum
1424 1045 1436 1131 Ι
1475 1053 1584 1109 aut
1629 1046 1747 1109 erit
1784 1054 1853 1109 ut
1875 1046 2117 1128 possint
2154 1046 2221 1108 iu
2260 1068 2324 1110 eo
2360 1067 2457 1107 res
2494 1066 2616 1107 esse
2649 1040 2940 1124 qerique;

565 1151 696 1221 Cic.
761 1152 1074 1217 Paradox.
1147 1150 1209 1230 6,
1242 1151 1276 1215 1
1331 1151 1543 1234 filiam
1616 1153 1757 1237 quis
1826 1152 2035 1215 habet.-
2072 1151 2339 1234 pecunia
2388 1156 2475 1213 est
2524 1169 2706 1231 opus.-
2753 1146 2942 1219 duas,

567 1260 825 1323 madore.-
858 1258 1074 1340 plures
1091 1306 1106 1329 ,
1150 1256 1375 1321 maiore
1419 1258 1617 1321 etiam.
2668 1337 2815 1363 Λ

655 1372 824 1437 Voce
847 1378 1065 1437 autem
1088 1370 1472 1437 efferendum
1496 1392 1631 1436 esse
1654 1373 1723 1435 in
1746 1372 1915 1437 hunc
1936 1372 2134 1436 ferme
2158 1370 2425 1436 modum
2442 1372 2607 1435 mado
2622 1370 2769 1457 qu'd
2790 1367 2949 1433 aece‘-

552 1479 715 1563 pisbi
739 1484 806 1543 et
827 1476 980 1542 alibi
1003 1479 1364 1542 accuratius
1388 1477 1823 1543 demonstravi
1848 1477 1920 1558 ¹),
1948 1486 2011 1543 et
2034 1478 2136 1542 his
2156 1477 2314 1543 locis
2338 1477 2731 1543 Terentianis
2756 1476 2943 1539 Plau-

567 1587 846 1670 tinisque
893 1579 1156 1647 firmabo
1204 1582 1400 1647 Andr.
1456 1581 1619 1661 1843
1670 1582 1836 1661 2373
1887 1581 2055 1661 4193
2109 1580 2243 1649 470
2260 1605 2277 1662 ;
2332 1581 2461 1650 732
2478 1605 2495 1661 ;
2546 1582 2784 1648 Heaut.
2812 1579 2944 1645 531

570 1697 650 1778 (ei
714 1667 1100 1783 ρωπίας
1146 1733 1252 1773 -,
1303 1698 1360 1760 si
1404 1694 1592 1761 aliter
1627 1696 1808 1783 legas
1826 1746 1842 1775 ,
1892 1695 2140 1784 syllaba
2180 1700 2355 1783 prior
2400 1700 2574 1762 vocis
2620 1696 2800 1759 huius
2845 1716 2952 1759 ne-

571 1806 842 1869 cessario
911 1802 1306 1888 corripienda
1373 1809 1495 1883 est)
1513 1823 1530 1880 3
1606 1801 1737 1867 616
1754 1823 1771 1881 ;
1838 1801 2006 1881 901;
2072 1801 2239 1881 993;
2310 1802 2518 1882 1008;
2584 1803 2750 1867 Eun.
2816 1800 2953 1867 290

573 1908 783 1991 (αἰνόν
844 1909 993 1995 quid
1050 1931 1122 1972 ea·
1185 1909 1406 1973 Piraeo
1469 1907 1690 1971 ‹ibierit
1738 1947 1823 1957 —
1872 1911 1926 1973 si
1989 1909 2271 1975 doctores
2332 1907 2683 1976 Germanos
2730 1908 2914 1974 audis
2934 1956 2951 1984 ,

573 2023 867 2081 accentus
911 2017 1357 2102 interrogativi
1402 2013 1552 2098 quid
1595 2020 1729 2079 tam
1778 2020 2002 2101 potens
2040 2023 2137 2081 est
2174 2022 2433 2101 tamque
2471 2015 2599 2081 late
2640 2024 2955 2103 tyrannus

575 2128 651 2187 ut
706 2120 1103 2207 syllabarum
1143 2123 1550 2205 sequentium
1590 2145 1663 2184 ex
1686 2121 1799 2183 Pi0
1844 2125 2121 2207 primam
2166 2130 2417 2210 praeter
2460 2126 2563 2187 ius
2608 2122 2827 2207 fasque
2874 2142 2957 2186 ex

571 2227 881 2314 producta
941 2230 1253 2313 corripere
1317 2228 1789 2307 existimetur);
1862 2226 2031 2305 463;
2099 2227 2229 2293 558
2248 2247 2265 2305 ;
2334 2227 2502 2306 5593
2558 2225 2731 2306 5733
2784 2226 2956 2303 6713

865 2313 1096 2347 Α

581 2345 708 2415 777
771 2348 948 2433 (quid
1005 2348 1218 2428 iqnave
1263 2352 1411 2427 ——);
1481 2345 1690 2424 1034;
1759 2346 2018 2411 Phorm.
2085 2346 2216 2412 209
2235 2368 2253 2425 3
2319 2346 2449 2412 563
2468 2366 2485 2424 ;
2552 2346 2719 2424 6263
2784 2344 2956 2425 8463

577 2453 736 2519 Hec.
789 2450 955 2531 '794;
1005 2450 1173 2530 8073
1221 2452 1340 2517 Ad.
1393 2450 1554 2530 133;
1607 2451 1774 2529 2613
1827 2452 1957 2519 638
1972 2475 1989 2531 ;
2045 2453 2196 2530 642;
2226 2454 2483 2519 —AuL
2528 2452 2697 2533 6453
2740 2451 2956 2539 Captt.

582 2556 751 2637 2793
803 2558 969 2637 5083
1022 2558 1189 2636 8023
1242 2556 1450 2636 1015;
1499 2558 1693 2625 Poen.
1740 2558 1907 2637 6193
1947 2559 2134 2645 Epid.
2179 2559 2344 2638 680;
2386 2560 2556 2625 Trin.
2602 2559 2769 2639 3183
2798 2559 2956 2625 926.

579 2665 778 2731 Plura
823 2686 900 2731 ex
949 2664 1324 2730 adversariis
1372 2664 1721 2731 describere
1766 2665 1979 2731 taedet
2024 2688 2225 2751 neque
2271 2688 2430 2751 opus
2476 2673 2591 2731 est.

679 2770 844 2852 Quid
901 2776 968 2837 et
1028 2772 1186 2855 quod
1244 2778 1308 2836 et
1357 2769 1510 2835 alibi
1554 2776 1621 2835 et
1664 2774 1732 2835 in
1775 2771 1957 2836 libris
2001 2770 2321 2836 Plautinis
2368 2792 2553 2857 saepe
2599 2792 2637 2836 a
2680 2771 2961 2839 librariis

580 2877 1055 2944 confunduntur
1097 2882 1212 2941 aut
1257 2876 1415 2943 falso
1459 2884 1928 2963 permutantur.
1982 2877 2200 2944 Veluti
2245 2878 2416 2944 Trin.
2464 2876 2595 2945 570
2634 2879 2771 2944 cdd.
2812 2879 2966 2964 quid

582 2984 694 3049 tibi
755 2984 915 3047 babet
973 2986 1108 3049 sine
1157 3005 1346 3049 sensu
1364 3033 1381 3063 ‚
1433 2985 1740 3051 editiones
1788 3006 1867 3050 ex
1914 2984 2168 3051 Douzae
2213 2988 2373 3050 coni.
2422 2987 2581 3070 quod
2624 2986 2735 3049 tibi
2780 2986 2962 3054 lubet.

203 3203 602 3269 Enemase-qq.
692 3178 818 3247 IV.
862 3182 1077 3248 Plaut.
1126 3182 1352 3248 Bacch.
1405 3180 1536 3249 563
1564 3205 1698 3269 sqq.

685 3287 944 3353 MNES.
995 3286 1158 3367 Qui?
1203 3290 1323 3353 tibi
1368 3310 1496 3353 non
1543 3288 1680 3354 erat
1720 3292 2132 3356 meretricum
2167 3278 2438 3355 aliarum
2480 3290 2750 3355 Athenis
2789 3290 2971 3377 copia

684 3393 1074 3473 Quibu'cum
1111 3394 1372 3459 haberes
1412 3394 1569 3472 rem,
1595 3398 1724 3459 nisi
1749 3416 1899 3462 cum
1920 3394 2033 3460 ffla
2056 3395 2251 3481 quam
2276 3417 2395 3483 ego
2416 3396 2820 3462 mandassem
2846 3397 2968 3461 tibi

689 3493 1017 3602 Occiperes
1063 3520 1203 3580 tute
1247 3535 1460 3581 amare
1507 3522 1572 3581 et
1618 3519 1711 3580 mi
1756 3516 1880 3581 ires
1928 3516 2294 3581 consultum
2341 3516 2529 3582 male.

598 3622 834 3690 Versus
873 3620 1026 3699 565,
1066 3642 1257 3707 quem
1298 3622 1379 3687 ad
1413 3622 1702 3687 codicum
1740 3622 1932 3687 fidem
1969 3626 2311 3708 exscripsi,
2348 3626 2611 3688 initium
2648 3626 2717 3687 in
2738 3623 2973 3689 mendo

597 3731 826 3798 cubare
848 3734 1132 3793 metrum
1153 3748 1344 3793 ruens
1366 3727 1748 3793 documento
1772 3736 1870 3795 est
1882 3750 1897 3807 ;
1922 3728 2001 3793 ad
2023 3728 2199 3816 leges
2224 3730 2681 3814 quadratorum
2704 3733 2973 3796 minime

601 3836 886 3924 quadrat.
935 3833 1155 3920 Neque
1205 3833 1272 3897 id
1311 3834 1581 3899 editores
1620 3835 1859 3899 latebat
1903 3833 2142 3900 latetve
2162 3884 2177 3913 ,
2228 3857 2502 3920 quorum
2539 3838 2749 3901 varias
2772 3840 2976 3922 suspi-

601 3947 810 4009 ciones
848 3939 995 4006 vide
1029 3943 1098 4005 in
1135 3941 1230 4005 ed.
1269 3937 1634 4006 Goetziana.
1684 3940 1809 4007 Sed
1846 3940 2024 4006 nulla
2068 3963 2293 4007 earum
2316 3942 2509 4007 habet
2528 3942 2973 4022 πειθανῶγκην,

601 4068 728 4135 qua
770 4046 968 4112 Leoni
1012 4048 1362 4111 novissimo
1411 4046 1641 4111 editori
1676 4047 2041 4131 persuaderi
2077 4054 2325 4133 posset,
2365 4069 2567 4133 neque
2604 4048 2710 4113 hic
2741 4070 2974 4115 verum

605 4153 944 4220 divinando
1009 4152 1128 4217 sibi
1189 4152 1514 4218 satisfecit.
1581 4152 1642 4217 N
1644 4174 1750 4217 am
1814 4154 1982 4238 quod
2042 4175 2302 4219 versum
2358 4156 2717 4220 insiticium
2773 4156 2978 4221 videri

674 4381 723 4444 1)
762 4376 1037 4429 Coniunctis
1079 4374 1266 4424 Viribus
1299 4374 1386 4434 lv,
1421 4392 1466 4441 p.
1503 4374 1656 4439 ltqq.
