3192 5009
1086 267 1378 315 omem
1424 263 1778 317 smnmu.
2496 249 2626 318 369

606 429 833 496 τούτων
879 431 929 495 δ’
982 430 1267 504 ύστατιος
1318 431 1486 511 ἄρξει
1535 431 1796 497 δεκάτου
1844 433 2114 512 ἀριθμοῖο

607 536 857 614 (οὔνομ’
904 535 1085 619 ἔχων,
1135 536 1395 603 πέσεται
1446 538 1557 616 δὲ)
1607 538 1704 603 έπὶ
1754 538 1923 619 χθονὶ
1972 546 2126 618 γυῖα
2174 541 2477 605 τιταίνων.

256 639 349 708 Of.
396 642 547 706 XII.
584 643 731 709 121.
759 641 916 708 270.

296 748 425 812 XII
458 747 582 813 104
624 751 687 814 αἳ
738 749 841 828 αῖ,
894 751 1170 827 Φοινίκη,
1221 745 1336 814 ὅσα
1384 751 1649 824 τλήσεαι
1702 751 1735 826 ἦ
1783 751 2173 830 βαρυπενθὴς

622 865 1163 934 σφιγκτοῖσιν
1213 856 1542 934 τροπαίοις,
1593 857 1698 920 καὶ
1742 862 1869 922 ποῖν
1919 858 2076 929 ἔθνος
2124 882 2194 922 σε
2241 861 2532 935 πατήσει.
2591 871 2600 878 “

254 959 644 1047 Quicumque
705 982 965 1027 mecum
1024 983 1151 1026 non
1212 960 1535 1049 intellegit
1600 963 1754 1048 quid
1801 965 1930 1028 sint
1978 967 2272 1046 σφιγκτά
2320 966 2589 1045 τρόπαια
2609 1015 2625 1045 ,

252 1069 559 1153 corrigat:
720 1135 727 1140 ,

608 1181 1086 1253 Φρικτοῖσιν
1136 1176 1481 1255 τροπαίοις,
1529 1176 1844 1239 horrendis
1891 1177 2174 1258 tropaeis,

286 1278 417 1344 XII
450 1278 578 1344 110
616 1282 764 1359 ὀργὴ
810 1279 939 1359 γάρ
985 1304 1054 1344 σε
1106 1282 1235 1345 θεοῦ
1287 1273 1695 1346 ἐπελεύσεται
1747 1285 1778 1357 ἦ
1829 1283 2372 1362 βαρυπενθιὶς.

246 1382 376 1448 Vox
438 1384 863 1469 βαρυπενθής,
912 1388 1023 1450 vix
1074 1390 1229 1451 satis
1278 1393 1505 1473 aptum
1552 1389 1685 1452 irae
1733 1388 2062 1474 epitheton
2082 1437 2097 1466 ‚
2147 1410 2371 1456 vereor
2415 1413 2492 1456 ne
2540 1412 2632 1456 er-

246 1509 379 1555 rore
427 1494 697 1576 repetita
744 1493 831 1556 sit
878 1513 911 1556 e
958 1513 1055 1556 vs.
1112 1491 1262 1569 104,
1314 1493 1684 1578 dederitque
1733 1491 2073 1580 Sibyllista
2135 1495 2183 1572 β
2205 1494 2414 1574 αρρμ
2436 1519 2627 1569 ηνις.

326 1594 464 1660 XII
507 1595 634 1661 166
682 1598 979 1662 scribitur
1027 1597 1103 1664 de
1154 1597 1479 1663 Hadriano
1530 1601 1914 1684 imperatore

601 1700 770 1775 οὗτος
820 1704 924 1768 καὶ
974 1703 1153 1776 ναοὺς
1204 1703 1459 1770 πόλεσιν
1510 1707 1748 1776 πιέσαις
1799 1705 2090 1780 ἀναθήσει

601 1810 825 1887 κόσμον
873 1811 1222 1875 ἐποπτεύων
1268 1810 1438 1892 ἰδίῳ
1492 1810 1665 1887 ποδί,
1714 1811 1873 1890 δῶρα
1922 1811 2203 1893 κομίζων,
2254 1812 2385 1876 κτὲ.

248 1910 538 1979 Ridicula
601 1913 813 1980 lectio.
887 1914 1084 1996 Quasi
1153 1937 1303 1984 vero
1370 1917 1672 1998 ἀλλοτρίῳ
1739 1915 1878 1980 ποδί
1940 1918 2004 1982 id
2073 1917 2275 1984 faeere
2323 1922 2627 2004 potuerit.

248 2017 627 2098 Quantoeius
687 2024 1045 2108 corrigatur
1106 2022 1139 2086 ὃ
1158 2047 1173 2084 ι
1191 2043 1267 2102 ερ
1285 2024 1327 2102 ᾧ
1390 2022 1563 2099 ποδί,
1629 2029 1704 2087 ut
1763 2022 2007 2109 legitur
2068 2027 2136 2088 in
2183 2027 2441 2111 gemino
2491 2025 2626 2091 loeo

250 2123 393 2189 Vm
444 2125 531 2190 53
558 2148 691 2212 sqq.
1321 2127 1339 2138 ’

287 2231 418 2297 XII
451 2232 578 2298 180
601 2234 776 2298 αὐτοὶ
827 2233 880 2298 δ’
927 2231 1068 2300 αὖτ’
1116 2235 1391 2298 ὅλέσουσι
1441 2235 1886 2306 πολυστίκτους
1936 2237 2313 2315 ἀνθρώπους,

597 2340 968 2420 Βρεττανοὺς
1016 2341 1304 2421 Μαύρους
1355 2339 1786 2419 μεγάλους
1837 2341 2062 2414 Δάκας
2095 2343 2392 2423 ’Δραβάς
2431 2369 2527 2409 τε.

245 2439 367 2508 Cur
410 2443 629 2510 Mauri
672 2446 874 2527 maqni
918 2447 1207 2523 audiant,
1258 2469 1387 2512 non
1433 2453 1691 2533 exputo.
1739 2447 2336 2534 Interpungendum
2386 2455 2450 2515 et
2489 2471 2618 2515 eor-

245 2551 582 2635 rigendum
626 2555 943 2638 suspicor:

602 2658 775 2722 αύτοὶ
825 2657 879 2724 δ’
927 2653 1069 2723 αὖτ’
1117 2659 1388 2724 ὄλέσουσι
1436 2641 1882 2732 πόλυστίκτους
1928 2662 2300 2740 ἀνθρώπους,
2411 2727 2420 2737 ,

599 2767 1006 2844 Βρεττανούς,
1054 2766 1339 2845 Μαύρους
1386 2766 1787 2844 μέλανας,
1841 2767 2064 2840 Δάκας
2097 2766 2398 2846 ’Ἄραβας
2437 2793 2524 2833 τε.

248 2866 469 2944 Μέγας
516 2870 687 2954 apud
736 2869 1103 2957 Sibyllistas
1150 2871 1564 2949 Latinorum,
1613 2875 1658 2936 i.
1686 2894 1738 2937 e.
1789 2871 2230 2938 Romanorum
2250 2923 2265 2952 ‚
2326 2881 2621 2941 constans

249 2979 339 3036 est
382 2975 745 3060 epitheton,
797 2983 872 3041 ut
920 2998 1073 3042 mox
1126 2999 1219 3042 vs.
1274 2976 1425 3043 190.

332 3079 501 3146 XIII
530 3080 569 3146 9
604 3084 819 3148 πολλοὶ
868 3083 994 3162 γαρ
1041 3084 1301 3161 πόλεμοι
1350 3107 1422 3148 τε
1469 3083 1690 3165 μάχαι
1739 3085 1799 3148 τ’
1843 3069 2277 3165 ἀνδροκτασίαι
2326 3112 2398 3152 τε

602 3187 771 3266 λιμοὶ
820 3190 923 3254 καὶ
972 3189 1169 3267 λοιμοὶ
1219 3190 1459 3267 σεισμοὶ
1507 3193 1769 3270 μαλεροί
1815 3214 1885 3255 τε
1934 3191 2201 3270 κεραυνοὶ

604 3295 933 3374 ’Λσσυρί
948 3319 1038 3359 ων
1084 3320 1154 3360 τε
1202 3295 1363 3375 πόροι
1414 3298 1632 3361 πολλοὶ
1682 3297 1853 3361 κατὰ
1904 3297 2133 3375 κόσμον
2182 3296 2445 3364 ἅπαντα

604 3400 704 3474 ἠδὲ
752 3403 1055 3475 λεηλασίη
1104 3426 1173 3466 τε
1222 3401 1326 3466 καὶ
1376 3403 1680 3483 ἱεροσυλία
1735 3409 1910 3467 ναῶν.

253 3502 464 3572 Nonne
512 3506 639 3571 fuit
682 3509 933 3592 potius:

604 3614 997 3693 ἀργυρίου
1045 3637 1113 3678 τε
1165 3613 1329 3692 πόροι
1381 3612 1555 3678 mh?

254 3714 461 3803 Neque
508 3721 682 3783 enim
726 3721 837 3804 qui
882 3740 1016 3784 esse
1062 3723 1387 3804 potuerint
1426 3723 1620 3785 unius
1659 3724 1872 3807 gentis
1916 3723 2216 3808 Assyriae
2259 3745 2372 3808 per
2416 3730 2631 3790 totum

254 3824 461 3889 orbem
506 3829 820 3890 terrarum
865 3828 1147 3910 impetus
1194 3825 1377 3890 facile
1418 3826 1653 3892 dixeris
1672 3875 1687 3904 ‚
1727 3847 1932 3912 neque
1975 3829 2148 3907 πόρος
2191 3830 2282 3894 sie
2324 3833 2622 3916 usurpari

259 3927 425 3994 solet.

297 4033 458 4100 XIII
486 4035 570 4101 64
610 4043 713 4102 νῦν
758 4039 1118 4117 κοσμεῖσθε,
1169 4038 1379 4111 πόλεις
1430 4037 1738 4118 Ἀράβων,
1791 4047 1953 4112 ναοῖς
2004 4038 2275 4112 σταδίοις
2318 4064 2390 4105 τε

603 4143 693 4219 ᾖδ’
738 4145 997 4223 ἀγοραῖς
1046 4145 1380 4218 πλατείαις
1432 4169 1502 4209 τε
1542 4145 1654 4212 καὶ
1705 4147 2158 4227 ἀγλαοφεγγέι
2209 4147 2457 4228 πλούτῳ

608 4249 709 4313 καὶ
758 4249 989 4326 ξοάνοις
1038 4252 1245 4333 χρυσῷ
1294 4275 1365 4315 τε
1412 4252 1517 4316 καὶ
1568 4253 1808 4333 ἀργύρῳ
1859 4253 1949 4328 ἧδ’
2001 4252 2340 4332 ἐλέφαντι·

608 4361 677 4419 ἐκ
725 4356 971 4421 παντων
1022 4357 1083 4421 δὲ
1137 4356 1425 4435 μάλιστά
1476 4383 1581 4436 τε,
1632 4355 1703 4422 ἵν’
1754 4355 1928 4441 ἔλθῃς
1971 4359 2030 4428 ἐς
2071 4359 2248 4436 μέγα
2289 4359 2532 4434 πένθος·
