<?xml version="1.0" encoding="UTF-8"?>
<!DOCTYPE html PUBLIC "-//W3C//DTD XHTML 1.0 Transitional//EN"
    "http://www.w3.org/TR/xhtml1/DTD/xhtml1-transitional.dtd">
<html xmlns="http://www.w3.org/1999/xhtml" xml:lang="en" lang="en">
 <head>
  <title>
</title>
<meta http-equiv="Content-Type" content="text/html;charset=utf-8" />
  <meta name='ocr-system' content='tesseract 3.04.00' />
  <meta name='ocr-capabilities' content='ocr_page ocr_carea ocr_par ocr_line ocrx_word'/>
</head>
<body>
  <div class='ocr_page' id='page_1' title='image "./mnemosyne07servgoog_0135.png"; bbox 0 0 3192 5009; ppageno 0'>
   <div class='ocr_carea' id='block_1_1' title="bbox 984 219 2605 296">
    <p class='ocr_par' dir='ltr' id='par_1_1' title="bbox 984 219 2605 296">
     <span class='ocr_line' id='line_1_1' title="bbox 984 219 2605 296; baseline 0 -10"><span class='ocrx_word' id='word_1_1' title='bbox 984 291 991 296; x_wconf 52' lang='grc'><strong><em>,</em></strong></span> <span class='ocrx_word' id='word_1_2' title='bbox 1114 239 1197 286; x_wconf 85' lang='grc'><strong>1111</strong></span> <span class='ocrx_word' id='word_1_3' title='bbox 1244 239 1393 286; x_wconf 71' lang='lat' dir='ltr'><strong>mna</strong></span> <span class='ocrx_word' id='word_1_4' title='bbox 1441 239 1722 294; x_wconf 72' lang='grc'><strong>1101111110.</strong></span> <span class='ocrx_word' id='word_1_5' title='bbox 2481 219 2605 286; x_wconf 83' lang='lat'><strong>127</strong></span> 
     </span>
    </p>
   </div>
   <div class='ocr_carea' id='block_1_2' title="bbox 266 405 2699 4098">
    <p class='ocr_par' dir='ltr' id='par_1_2' title="bbox 266 405 2699 4098">
     <span class='ocr_line' id='line_1_2' title="bbox 270 405 2607 492; baseline -0.001 -20"><span class='ocrx_word' id='word_1_6' title='bbox 270 414 359 472; x_wconf 79' lang='lat' dir='ltr'><strong>aut</strong></span> <span class='ocrx_word' id='word_1_7' title='bbox 396 406 736 472; x_wconf 87' lang='lat' dir='ltr'><strong>dominium</strong></span> <span class='ocrx_word' id='word_1_8' title='bbox 782 411 897 472; x_wconf 86' lang='lat' dir='ltr'><strong>aut</strong></span> <span class='ocrx_word' id='word_1_9' title='bbox 942 408 1327 471; x_wconf 84' lang='lat' dir='ltr'><strong>servitutem</strong></span> <span class='ocrx_word' id='word_1_10' title='bbox 1374 405 1606 472; x_wconf 88' lang='lat' dir='ltr'><strong>habeat</strong></span> <span class='ocrx_word' id='word_1_11' title='bbox 1623 455 1639 482; x_wconf 92' lang='lat'><strong>,</strong></span> <span class='ocrx_word' id='word_1_12' title='bbox 1687 406 1788 470; x_wconf 85' lang='lat' dir='ltr'><strong>his</strong></span> <span class='ocrx_word' id='word_1_13' title='bbox 1837 409 2010 474; x_wconf 86' lang='lat' dir='ltr'><strong>enim</strong></span> <span class='ocrx_word' id='word_1_14' title='bbox 2058 410 2276 492; x_wconf 87' lang='lat' dir='ltr'><strong>quaeri</strong></span> <span class='ocrx_word' id='word_1_15' title='bbox 2323 407 2422 470; x_wconf 72' lang='lat' dir='ltr'><strong>ius</strong></span> <span class='ocrx_word' id='word_1_16' title='bbox 2457 431 2607 470; x_wconf 75' lang='lat' dir='ltr'><strong>nun-</strong></span> 
     </span>
     <span class='ocr_line' id='line_1_3' title="bbox 268 511 2606 599; baseline 0.001 -23"><span class='ocrx_word' id='word_1_17' title='bbox 268 513 447 576; x_wconf 69' lang='lat' dir='ltr'><strong>tiandi.</strong></span> <span class='ocrx_word' id='word_1_18' title='bbox 490 512 583 578; x_wconf 92' lang='lat' dir='ltr'><strong>De</strong></span> <span class='ocrx_word' id='word_1_19' title='bbox 626 513 749 578; x_wconf 92' lang='lat' dir='ltr'><strong>hoc</strong></span> <span class='ocrx_word' id='word_1_20' title='bbox 791 515 933 577; x_wconf 88' lang='lat' dir='ltr'><strong>iure</strong></span> <span class='ocrx_word' id='word_1_21' title='bbox 979 513 1317 577; x_wconf 87' lang='lat' dir='ltr'><strong>nuntiandi</strong></span> <span class='ocrx_word' id='word_1_22' title='bbox 1365 511 1576 578; x_wconf 89' lang='lat' dir='ltr'><strong>multa</strong></span> <span class='ocrx_word' id='word_1_23' title='bbox 1620 513 1983 599; x_wconf 82' lang='lat' dir='ltr'><strong>fragmenta</strong></span> <span class='ocrx_word' id='word_1_24' title='bbox 2027 518 2389 599; x_wconf 78' lang='lat' dir='ltr'><strong>supersunt,</strong></span> <span class='ocrx_word' id='word_1_25' title='bbox 2441 534 2606 599; x_wconf 88' lang='lat' dir='ltr'><strong>quae</strong></span> 
     </span>
     <span class='ocr_line' id='line_1_4' title="bbox 267 619 2600 706; baseline 0 -22"><span class='ocrx_word' id='word_1_26' title='bbox 267 641 415 706; x_wconf 83' lang='lat' dir='ltr'><strong>saepe</strong></span> <span class='ocrx_word' id='word_1_27' title='bbox 454 622 684 685; x_wconf 80' lang='lat' dir='ltr'><strong>interae</strong></span> <span class='ocrx_word' id='word_1_28' title='bbox 727 619 1053 684; x_wconf 84' lang='lat' dir='ltr'><strong>conciliari</strong></span> <span class='ocrx_word' id='word_1_29' title='bbox 1097 639 1223 684; x_wconf 91' lang='lat' dir='ltr'><strong>non</strong></span> <span class='ocrx_word' id='word_1_30' title='bbox 1270 624 1571 704; x_wconf 78' lang='lat' dir='ltr'>possunt,</span> <span class='ocrx_word' id='word_1_31' title='bbox 1622 619 1735 683; x_wconf 92' lang='lat' dir='ltr'><strong>ubi</strong></span> <span class='ocrx_word' id='word_1_32' title='bbox 1781 625 2080 704; x_wconf 77' lang='lat' dir='ltr'><strong>possunt,</strong></span> <span class='ocrx_word' id='word_1_33' title='bbox 2130 619 2472 687; x_wconf 88' lang='lat' dir='ltr'><strong>ostendunt</strong></span> <span class='ocrx_word' id='word_1_34' title='bbox 2519 641 2600 685; x_wconf 83' lang='lat' dir='ltr'><strong>ex</strong></span> 
     </span>
     <span class='ocr_line' id='line_1_5' title="bbox 266 723 2602 811; baseline 0.001 -23"><span class='ocrx_word' id='word_1_35' title='bbox 266 724 405 790; x_wconf 87' lang='lat' dir='ltr'><strong>nudo</strong></span> <span class='ocrx_word' id='word_1_36' title='bbox 466 725 695 792; x_wconf 88' lang='lat' dir='ltr'><strong>iudicis</strong></span> <span class='ocrx_word' id='word_1_37' title='bbox 756 725 1021 790; x_wconf 83' lang='lat' dir='ltr'><strong>arbitrio</strong></span> <span class='ocrx_word' id='word_1_38' title='bbox 1056 723 1103 806; x_wconf 89' lang='lat'><strong>¹)</strong></span> <span class='ocrx_word' id='word_1_39' title='bbox 1164 725 1279 791; x_wconf 88' lang='lat' dir='ltr'><strong>has</strong></span> <span class='ocrx_word' id='word_1_40' title='bbox 1338 724 1714 811; x_wconf 73' lang='lat' dir='ltr'><strong>pependisse</strong></span> <span class='ocrx_word' id='word_1_41' title='bbox 1777 746 2020 791; x_wconf 87' lang='lat' dir='ltr'><strong>causas.</strong></span> <span class='ocrx_word' id='word_1_42' title='bbox 2085 725 2322 791; x_wconf 83' lang='lat' dir='ltr'><strong>Tenere</strong></span> <span class='ocrx_word' id='word_1_43' title='bbox 2367 726 2602 791; x_wconf 84' lang='lat' dir='ltr'><strong>dicitur-</strong></span> 
     </span>
     <span class='ocr_line' id='line_1_6' title="bbox 268 829 2606 918; baseline 0.001 -24"><span class='ocrx_word' id='word_1_44' title='bbox 268 835 539 896; x_wconf 83' lang='lat' dir='ltr'><strong>nuntiatio</strong></span> <span class='ocrx_word' id='word_1_45' title='bbox 586 835 645 896; x_wconf 91' lang='lat' dir='ltr'><strong>si</strong></span> <span class='ocrx_word' id='word_1_46' title='bbox 693 851 853 916; x_wconf 90' lang='lat' dir='ltr'><strong>opus</strong></span> <span class='ocrx_word' id='word_1_47' title='bbox 898 834 967 896; x_wconf 90' lang='lat' dir='ltr'><strong>in</strong></span> <span class='ocrx_word' id='word_1_48' title='bbox 1016 829 1151 896; x_wconf 92' lang='lat' dir='ltr'><strong>solo</strong></span> <span class='ocrx_word' id='word_1_49' title='bbox 1198 830 1312 896; x_wconf 87' lang='lat' dir='ltr'><strong>fiat</strong></span> <span class='ocrx_word' id='word_1_50' title='bbox 1329 881 1345 908; x_wconf 84' lang='lat'><em>,</em></span> <span class='ocrx_word' id='word_1_51' title='bbox 1394 839 1461 896; x_wconf 90' lang='lat' dir='ltr'><strong>at</strong></span> <span class='ocrx_word' id='word_1_52' title='bbox 1505 853 1634 898; x_wconf 90' lang='lat' dir='ltr'><strong>non</strong></span> <span class='ocrx_word' id='word_1_53' title='bbox 1681 837 1896 898; x_wconf 88' lang='lat' dir='ltr'><strong>tenere</strong></span> <span class='ocrx_word' id='word_1_54' title='bbox 1939 832 1996 896; x_wconf 69' lang='lat' dir='ltr'><strong>ei</strong></span> <span class='ocrx_word' id='word_1_55' title='bbox 2042 833 2176 917; x_wconf 74' lang='lat' dir='ltr'><strong>quie</strong></span> <span class='ocrx_word' id='word_1_56' title='bbox 2221 855 2456 896; x_wconf 70' lang='lat' dir='ltr'><strong>messem</strong></span> <span class='ocrx_word' id='word_1_57' title='bbox 2483 833 2606 918; x_wconf 84' lang='lat' dir='ltr'><strong>fa-</strong></span> 
     </span>
     <span class='ocr_line' id='line_1_7' title="bbox 268 936 2606 1022; baseline 0.002 -23"><span class='ocrx_word' id='word_1_58' title='bbox 268 936 393 1014; x_wconf 74' lang='lat' dir='ltr'><strong>eiat,</strong></span> <span class='ocrx_word' id='word_1_59' title='bbox 446 939 703 1000; x_wconf 80' lang='lat' dir='ltr'><strong>arborem</strong></span> <span class='ocrx_word' id='word_1_60' title='bbox 765 937 1061 1014; x_wconf 70' lang='lat' dir='ltr'><strong>succidat,</strong></span> <span class='ocrx_word' id='word_1_61' title='bbox 1111 937 1343 1000; x_wconf 67' lang='lat' dir='ltr'><strong>nimam</strong></span> <span class='ocrx_word' id='word_1_62' title='bbox 1376 943 1555 1018; x_wconf 77' lang='lat' dir='ltr'><strong>putet</strong></span> <span class='ocrx_word' id='word_1_63' title='bbox 1601 937 1670 1016; x_wconf 90' lang='lat' dir='ltr'><strong>(l.</strong></span> <span class='ocrx_word' id='word_1_64' title='bbox 1726 937 1759 1002; x_wconf 92' lang='grc'><strong>1</strong></span> <span class='ocrx_word' id='word_1_65' title='bbox 1811 937 1960 1022; x_wconf 77' lang='lat'><strong>§12</strong></span> <span class='ocrx_word' id='word_1_66' title='bbox 2009 936 2086 1002; x_wconf 94' lang='lat' dir='ltr'><strong>D.</strong></span> <span class='ocrx_word' id='word_1_67' title='bbox 2137 937 2244 1002; x_wconf 86' lang='lat'><strong>39.</strong></span> <span class='ocrx_word' id='word_1_68' title='bbox 2278 938 2364 1018; x_wconf 90' lang='lat' dir='ltr'><strong>I).</strong></span> <span class='ocrx_word' id='word_1_69' title='bbox 2437 937 2606 1018; x_wconf 82' lang='lat' dir='ltr'><strong>Quid</strong></span> 
     </span>
     <span class='ocr_line' id='line_1_8' title="bbox 267 1039 2604 1112; baseline 0.001 -5"><span class='ocrx_word' id='word_1_70' title='bbox 267 1049 343 1107; x_wconf 78' lang='lat' dir='ltr'><strong>eet</strong></span> <span class='ocrx_word' id='word_1_71' title='bbox 377 1043 705 1108; x_wconf 75' lang='lat' dir='ltr'><strong>arbitrium</strong></span> <span class='ocrx_word' id='word_1_72' title='bbox 750 1045 878 1107; x_wconf 89' lang='lat' dir='ltr'><strong>nisi</strong></span> <span class='ocrx_word' id='word_1_73' title='bbox 922 1043 1041 1108; x_wconf 88' lang='lat' dir='ltr'><strong>hoc</strong></span> <span class='ocrx_word' id='word_1_74' title='bbox 1090 1039 1219 1112; x_wconf 81' lang='lat' dir='ltr'><strong>sit?</strong></span> <span class='ocrx_word' id='word_1_75' title='bbox 1268 1041 1702 1108; x_wconf 81' lang='lat' dir='ltr'><strong>Servitutium</strong></span> <span class='ocrx_word' id='word_1_76' title='bbox 1747 1046 2006 1109; x_wconf 86' lang='lat' dir='ltr'><strong>nomine</strong></span> <span class='ocrx_word' id='word_1_77' title='bbox 2051 1047 2370 1109; x_wconf 81' lang='lat' dir='ltr'><strong>nuntiatio</strong></span> <span class='ocrx_word' id='word_1_78' title='bbox 2419 1045 2604 1110; x_wconf 87' lang='lat' dir='ltr'><strong>utilis</strong></span> 
     </span>
     <span class='ocr_line' id='line_1_9' title="bbox 268 1147 2604 1234; baseline 0.005 -22"><span class='ocrx_word' id='word_1_79' title='bbox 268 1155 603 1234; x_wconf 79' lang='lat' dir='ltr'><strong>est,-ueque</strong></span> <span class='ocrx_word' id='word_1_80' title='bbox 649 1148 720 1214; x_wconf 89' lang='lat' dir='ltr'><strong>id</strong></span> <span class='ocrx_word' id='word_1_81' title='bbox 763 1147 1011 1213; x_wconf 84' lang='lat' dir='ltr'><strong>Iuliano</strong></span> <span class='ocrx_word' id='word_1_82' title='bbox 1049 1147 1380 1234; x_wconf 80' lang='lat' dir='ltr'><strong>displicuit</strong></span> <span class='ocrx_word' id='word_1_83' title='bbox 1418 1147 1492 1229; x_wconf 90' lang='lat' dir='ltr'><strong>(l.</strong></span> <span class='ocrx_word' id='word_1_84' title='bbox 1519 1148 1561 1212; x_wconf 80' lang='lat'>2</span> <span class='ocrx_word' id='word_1_85' title='bbox 1588 1149 1664 1214; x_wconf 92' lang='lat' dir='ltr'><strong>D.</strong></span> <span class='ocrx_word' id='word_1_86' title='bbox 1696 1147 1803 1214; x_wconf 86' lang='lat'><strong>39.</strong></span> <span class='ocrx_word' id='word_1_87' title='bbox 1836 1148 1922 1227; x_wconf 80' lang='lat'><strong>13.</strong></span> <span class='ocrx_word' id='word_1_88' title='bbox 1950 1148 1996 1214; x_wconf 91' lang='lat'><strong>1.</strong></span> <span class='ocrx_word' id='word_1_89' title='bbox 2029 1148 2062 1213; x_wconf 92' lang='grc'><strong>1</strong></span> <span class='ocrx_word' id='word_1_90' title='bbox 2093 1152 2128 1234; x_wconf 62' lang='grc' dir='ltr'><strong>ξ</strong></span> <span class='ocrx_word' id='word_1_91' title='bbox 2155 1149 2194 1213; x_wconf 87' lang='grc'><strong>4</strong></span> <span class='ocrx_word' id='word_1_92' title='bbox 2223 1150 2302 1215; x_wconf 90' lang='grc' dir='ltr'><strong>Ι).</strong></span> <span class='ocrx_word' id='word_1_93' title='bbox 2331 1149 2438 1216; x_wconf 89' lang='grc'><strong>43.</strong></span> <span class='ocrx_word' id='word_1_94' title='bbox 2465 1149 2604 1230; x_wconf 80' lang='grc'><strong>25),</strong></span> 
     </span>
     <span class='ocr_line' id='line_1_10' title="bbox 270 1255 2608 1342; baseline 0.002 -24"><span class='ocrx_word' id='word_1_95' title='bbox 270 1259 507 1319; x_wconf 71' lang='lat' dir='ltr'><strong>attamen</strong></span> <span class='ocrx_word' id='word_1_96' title='bbox 572 1255 794 1320; x_wconf 83' lang='lat' dir='ltr'><strong>scribit</strong></span> <span class='ocrx_word' id='word_1_97' title='bbox 852 1258 994 1320; x_wconf 82' lang='lat' dir='ltr'><strong>viae</strong></span> <span class='ocrx_word' id='word_1_98' title='bbox 1056 1257 1313 1319; x_wconf 87' lang='lat' dir='ltr'><strong>nomine</strong></span> <span class='ocrx_word' id='word_1_99' title='bbox 1376 1257 1660 1319; x_wconf 87' lang='lat' dir='ltr'><strong>nuntiari</strong></span> <span class='ocrx_word' id='word_1_100' title='bbox 1721 1276 1848 1320; x_wconf 90' lang='lat' dir='ltr'><strong>non</strong></span> <span class='ocrx_word' id='word_1_101' title='bbox 1909 1275 2095 1340; x_wconf 88' lang='lat' dir='ltr'><strong>posse</strong></span> <span class='ocrx_word' id='word_1_102' title='bbox 2112 1304 2130 1332; x_wconf 88' lang='lat'><em>,</em></span> <span class='ocrx_word' id='word_1_103' title='bbox 2180 1259 2302 1322; x_wconf 88' lang='lat' dir='ltr'><strong>etsi</strong></span> <span class='ocrx_word' id='word_1_104' title='bbox 2351 1259 2492 1342; x_wconf 88' lang='lat' dir='ltr'><strong>quis</strong></span> <span class='ocrx_word' id='word_1_105' title='bbox 2535 1260 2608 1322; x_wconf 87' lang='lat' dir='ltr'><strong>in</strong></span> 
     </span>
     <span class='ocr_line' id='line_1_11' title="bbox 270 1359 2608 1447; baseline 0.001 -23"><span class='ocrx_word' id='word_1_106' title='bbox 270 1362 355 1424; x_wconf 78' lang='lat' dir='ltr'><strong>via</strong></span> <span class='ocrx_word' id='word_1_107' title='bbox 405 1361 678 1426; x_wconf 84' lang='lat' dir='ltr'><strong>aedificet</strong></span> <span class='ocrx_word' id='word_1_108' title='bbox 724 1359 795 1442; x_wconf 84' lang='lat'><strong>(1.</strong></span> <span class='ocrx_word' id='word_1_109' title='bbox 850 1360 933 1424; x_wconf 89' lang='lat'><strong>14</strong></span> <span class='ocrx_word' id='word_1_110' title='bbox 980 1360 1059 1425; x_wconf 91' lang='lat' dir='ltr'><strong>D.</strong></span> <span class='ocrx_word' id='word_1_111' title='bbox 1112 1359 1339 1440; x_wconf 87' lang='lat'><strong>39.1.).</strong></span> <span class='ocrx_word' id='word_1_112' title='bbox 1404 1359 1567 1425; x_wconf 83' lang='lat' dir='ltr'><strong>Sunt</strong></span> <span class='ocrx_word' id='word_1_113' title='bbox 1615 1367 1680 1425; x_wconf 88' lang='lat' dir='ltr'><strong>et</strong></span> <span class='ocrx_word' id='word_1_114' title='bbox 1725 1359 1851 1426; x_wconf 86' lang='lat' dir='ltr'><strong>alia</strong></span> <span class='ocrx_word' id='word_1_115' title='bbox 1897 1361 2054 1426; x_wconf 84' lang='lat' dir='ltr'><strong>talia</strong></span> <span class='ocrx_word' id='word_1_116' title='bbox 2099 1362 2454 1447; x_wconf 86' lang='lat' dir='ltr'><strong>complura.</strong></span> <span class='ocrx_word' id='word_1_117' title='bbox 2518 1364 2608 1428; x_wconf 86' lang='lat' dir='ltr'><strong>At</strong></span> 
     </span>
     <span class='ocr_line' id='line_1_12' title="bbox 270 1465 2606 1553; baseline 0.001 -23"><span class='ocrx_word' id='word_1_118' title='bbox 270 1465 445 1532; x_wconf 85' lang='lat' dir='ltr'><strong>oleum</strong></span> <span class='ocrx_word' id='word_1_119' title='bbox 484 1470 551 1531; x_wconf 91' lang='grc'><strong>111</strong></span> <span class='ocrx_word' id='word_1_120' title='bbox 594 1466 786 1533; x_wconf 87' lang='lat' dir='ltr'><strong>fallor</strong></span> <span class='ocrx_word' id='word_1_121' title='bbox 831 1472 897 1531; x_wconf 87' lang='lat' dir='ltr'><strong>et</strong></span> <span class='ocrx_word' id='word_1_122' title='bbox 933 1488 1196 1552; x_wconf 83' lang='lat' dir='ltr'><strong>operam</strong></span> <span class='ocrx_word' id='word_1_123' title='bbox 1234 1467 1511 1553; x_wconf 85' lang='lat' dir='ltr'><strong>perdunt</strong></span> <span class='ocrx_word' id='word_1_124' title='bbox 1534 1516 1551 1544; x_wconf 89' lang='lat'><strong><em>,</em></strong></span> <span class='ocrx_word' id='word_1_125' title='bbox 1601 1469 1714 1552; x_wconf 88' lang='lat' dir='ltr'><strong>qui</strong></span> <span class='ocrx_word' id='word_1_126' title='bbox 1732 1517 1750 1544; x_wconf 90' lang='lat'>,</span> <span class='ocrx_word' id='word_1_127' title='bbox 1790 1467 1949 1531; x_wconf 89' lang='lat' dir='ltr'><strong>dum</strong></span> <span class='ocrx_word' id='word_1_128' title='bbox 1983 1467 2124 1533; x_wconf 89' lang='lat' dir='ltr'><strong>ludi</strong></span> <span class='ocrx_word' id='word_1_129' title='bbox 2161 1489 2230 1534; x_wconf 87' lang='lat' dir='ltr'><strong>se</strong></span> <span class='ocrx_word' id='word_1_130' title='bbox 2270 1471 2606 1553; x_wconf 85' lang='lat' dir='ltr'><strong>patiuntur</strong></span> 
     </span>
     <span class='ocr_line' id='line_1_13' title="bbox 272 1572 2607 1660; baseline 0.001 -22"><span class='ocrx_word' id='word_1_131' title='bbox 272 1576 533 1660; x_wconf 74' lang='lat' dir='ltr'><strong>argutiis,</strong></span> <span class='ocrx_word' id='word_1_132' title='bbox 580 1595 618 1639; x_wconf 87' lang='lat' dir='ltr'><strong>a</strong></span> <span class='ocrx_word' id='word_1_133' title='bbox 665 1574 899 1658; x_wconf 87' lang='lat' dir='ltr'><strong>quibus</strong></span> <span class='ocrx_word' id='word_1_134' title='bbox 943 1572 1117 1638; x_wconf 91' lang='lat' dir='ltr'><strong>haud</strong></span> <span class='ocrx_word' id='word_1_135' title='bbox 1162 1593 1413 1658; x_wconf 88' lang='lat' dir='ltr'><strong>semper</strong></span> <span class='ocrx_word' id='word_1_136' title='bbox 1460 1573 1906 1638; x_wconf 87' lang='lat' dir='ltr'><strong>abstinuerunt</strong></span> <span class='ocrx_word' id='word_1_137' title='bbox 1953 1573 2296 1659; x_wconf 87' lang='lat' dir='ltr'><strong>prudentes</strong></span> <span class='ocrx_word' id='word_1_138' title='bbox 2314 1623 2332 1652; x_wconf 91' lang='lat'>,</span> <span class='ocrx_word' id='word_1_139' title='bbox 2374 1575 2607 1642; x_wconf 86' lang='lat' dir='ltr'><strong>harum</strong></span> 
     </span>
     <span class='ocr_line' id='line_1_14' title="bbox 274 1678 2699 1764; baseline 0.001 -20"><span class='ocrx_word' id='word_1_140' title='bbox 274 1678 724 1744; x_wconf 78' lang='lat' dir='ltr'><strong>differentiarum</strong></span> <span class='ocrx_word' id='word_1_141' title='bbox 764 1683 1075 1744; x_wconf 84' lang='lat' dir='ltr'><strong>rationem</strong></span> <span class='ocrx_word' id='word_1_142' title='bbox 1112 1685 1227 1744; x_wconf 89' lang='lat' dir='ltr'><strong>aut</strong></span> <span class='ocrx_word' id='word_1_143' title='bbox 1246 1684 1581 1764; x_wconf 76' lang='lat' dir='ltr'><strong>,quaerunt</strong></span> <span class='ocrx_word' id='word_1_144' title='bbox 1620 1685 1738 1744; x_wconf 85' lang='lat' dir='ltr'><strong>aut</strong></span> <span class='ocrx_word' id='word_1_145' title='bbox 1772 1679 2063 1745; x_wconf 88' lang='lat' dir='ltr'><strong>reddunt.</strong></span> <span class='ocrx_word' id='word_1_146' title='bbox 2104 1679 2404 1754; x_wconf 80' lang='lat' dir='ltr'><strong>Rationis-</strong></span> <span class='ocrx_word' id='word_1_147' title='bbox 2435 1684 2610 1746; x_wconf 88' lang='lat' dir='ltr'><strong>enim</strong></span> <span class='ocrx_word' id='word_1_148' title='bbox 2693 1697 2699 1704; x_wconf 85' lang='lat'><strong>·</strong></span> 
     </span>
     <span class='ocr_line' id='line_1_15' title="bbox 276 1784 2614 1874; baseline 0.001 -25"><span class='ocrx_word' id='word_1_149' title='bbox 276 1791 323 1848; x_wconf 77' lang='lat' dir='ltr'><strong>et</strong></span> <span class='ocrx_word' id='word_1_150' title='bbox 370 1785 599 1850; x_wconf 82' lang='lat' dir='ltr'><strong>arbitrii</strong></span> <span class='ocrx_word' id='word_1_151' title='bbox 660 1785 1039 1852; x_wconf 77' lang='lat' dir='ltr'><strong>naturaliter</strong></span> <span class='ocrx_word' id='word_1_152' title='bbox 1082 1789 1319 1851; x_wconf 89' lang='lat' dir='ltr'><strong>interse</strong></span> <span class='ocrx_word' id='word_1_153' title='bbox 1364 1806 1586 1872; x_wconf 81' lang='lat' dir='ltr'><strong>pugna</strong></span> <span class='ocrx_word' id='word_1_154' title='bbox 1634 1792 1750 1850; x_wconf 88' lang='lat' dir='ltr'><strong>est.</strong></span> <span class='ocrx_word' id='word_1_155' title='bbox 1802 1784 1877 1850; x_wconf 86' lang='lat' dir='ltr'><strong>Id</strong></span> <span class='ocrx_word' id='word_1_156' title='bbox 1923 1792 2182 1851; x_wconf 89' lang='lat' dir='ltr'><strong>tantum</strong></span> <span class='ocrx_word' id='word_1_157' title='bbox 2228 1786 2354 1852; x_wconf 88' lang='lat' dir='ltr'><strong>dici</strong></span> <span class='ocrx_word' id='word_1_158' title='bbox 2397 1793 2614 1874; x_wconf 88' lang='lat' dir='ltr'><strong>potest</strong></span> 
     </span>
     <span class='ocr_line' id='line_1_16' title="bbox 278 1891 2614 1979; baseline 0.001 -23"><span class='ocrx_word' id='word_1_159' title='bbox 278 1891 625 1976; x_wconf 75' lang='lat' dir='ltr'><strong>generaliter,</strong></span> <span class='ocrx_word' id='word_1_160' title='bbox 690 1912 885 1977; x_wconf 90' lang='lat' dir='ltr'><strong>quare</strong></span> <span class='ocrx_word' id='word_1_161' title='bbox 944 1911 1267 1958; x_wconf 80' lang='lat' dir='ltr'><strong>recessum</strong></span> <span class='ocrx_word' id='word_1_162' title='bbox 1328 1891 1525 1956; x_wconf 85' lang='lat' dir='ltr'><strong>fuerit</strong></span> <span class='ocrx_word' id='word_1_163' title='bbox 1571 1891 1649 1955; x_wconf 90' lang='lat' dir='ltr'><strong>ab</strong></span> <span class='ocrx_word' id='word_1_164' title='bbox 1695 1891 1911 1956; x_wconf 84' lang='lat' dir='ltr'><strong>Edicti</strong></span> <span class='ocrx_word' id='word_1_165' title='bbox 1955 1895 2167 1979; x_wconf 80' lang='lat' dir='ltr'><strong>rigore</strong></span> <span class='ocrx_word' id='word_1_166' title='bbox 2185 1942 2201 1970; x_wconf 88' lang='lat'><strong>,</strong></span> <span class='ocrx_word' id='word_1_167' title='bbox 2248 1915 2375 1978; x_wconf 90' lang='lat' dir='ltr'><strong>quo</strong></span> <span class='ocrx_word' id='word_1_168' title='bbox 2421 1915 2614 1960; x_wconf 87' lang='lat' dir='ltr'><strong>omne</strong></span> 
     </span>
     <span class='ocr_line' id='line_1_17' title="bbox 280 1998 2611 2084; baseline 0.003 -24"><span class='ocrx_word' id='word_1_169' title='bbox 280 2017 401 2081; x_wconf 85' lang='lat' dir='ltr'><strong>opus</strong></span> <span class='ocrx_word' id='word_1_170' title='bbox 438 1998 601 2083; x_wconf 87' lang='lat' dir='ltr'><strong>quod</strong></span> <span class='ocrx_word' id='word_1_171' title='bbox 648 2020 776 2064; x_wconf 90' lang='lat' dir='ltr'><strong>non</strong></span> <span class='ocrx_word' id='word_1_172' title='bbox 821 2000 909 2062; x_wconf 85' lang='lat' dir='ltr'><strong>sit</strong></span> <span class='ocrx_word' id='word_1_173' title='bbox 942 2005 1283 2082; x_wconf 80' lang='lat' dir='ltr'><strong>exceptum</strong></span> <span class='ocrx_word' id='word_1_174' title='bbox 1326 2004 1469 2084; x_wconf 87' lang='lat' dir='ltr'><strong>post</strong></span> <span class='ocrx_word' id='word_1_175' title='bbox 1506 1999 1980 2064; x_wconf 85' lang='lat' dir='ltr'><strong>nuntiationem</strong></span> <span class='ocrx_word' id='word_1_176' title='bbox 2017 1999 2292 2066; x_wconf 86' lang='lat' dir='ltr'><strong>inhiberi</strong></span> <span class='ocrx_word' id='word_1_177' title='bbox 2328 2001 2611 2068; x_wconf 88' lang='lat' dir='ltr'><strong>iubetur.</strong></span> 
     </span>
     <span class='ocr_line' id='line_1_18' title="bbox 280 2101 2616 2188; baseline 0.002 -22"><span class='ocrx_word' id='word_1_178' title='bbox 280 2101 459 2168; x_wconf 80' lang='lat' dir='ltr'><strong>Verbis</strong></span> <span class='ocrx_word' id='word_1_179' title='bbox 502 2105 715 2170; x_wconf 86' lang='lat' dir='ltr'><strong>dicam</strong></span> <span class='ocrx_word' id='word_1_180' title='bbox 762 2103 1113 2169; x_wconf 87' lang='lat' dir='ltr'><strong>Bemhardi</strong></span> <span class='ocrx_word' id='word_1_181' title='bbox 1162 2103 1570 2169; x_wconf 88' lang='lat' dir='ltr'><strong>Windscheid</strong></span> <span class='ocrx_word' id='word_1_182' title='bbox 1597 2101 1651 2183; x_wconf 77' lang='lat'><strong>⁸)</strong></span> <span class='ocrx_word' id='word_1_183' title='bbox 1699 2104 1933 2188; x_wconf 89' lang='lat' dir='ltr'><strong>quibus</strong></span> <span class='ocrx_word' id='word_1_184' title='bbox 1978 2103 2094 2168; x_wconf 89' lang='lat' dir='ltr'><strong>ille</strong></span> <span class='ocrx_word' id='word_1_185' title='bbox 2143 2109 2352 2170; x_wconf 84' lang='lat' dir='ltr'><strong>utitur</strong></span> <span class='ocrx_word' id='word_1_186' title='bbox 2397 2106 2478 2171; x_wconf 89' lang='lat' dir='ltr'><strong>ad</strong></span> <span class='ocrx_word' id='word_1_187' title='bbox 2521 2109 2616 2170; x_wconf 90' lang='lat' dir='ltr'><strong>in-</strong></span> 
     </span>
     <span class='ocr_line' id='line_1_19' title="bbox 280 2209 2608 2296; baseline 0.002 -24"><span class='ocrx_word' id='word_1_188' title='bbox 280 2209 573 2275; x_wconf 73' lang='lat' dir='ltr'><strong>terdictum</strong></span> <span class='ocrx_word' id='word_1_189' title='bbox 618 2212 825 2296; x_wconf 80' lang='lat' dir='ltr'><strong>quod</strong></span> <span class='ocrx_word' id='word_1_190' title='bbox 868 2210 949 2272; x_wconf 73' lang='lat' dir='ltr'><strong>vi</strong></span> <span class='ocrx_word' id='word_1_191' title='bbox 998 2217 1135 2272; x_wconf 76' lang='lat' dir='ltr'><strong>aut</strong></span> <span class='ocrx_word' id='word_1_192' title='bbox 1180 2209 1411 2286; x_wconf 79' lang='lat' dir='ltr'><strong>clam,</strong></span> <span class='ocrx_word' id='word_1_193' title='bbox 1458 2209 1569 2274; x_wconf 90' lang='lat' dir='ltr'><strong>sed</strong></span> <span class='ocrx_word' id='word_1_194' title='bbox 1615 2231 1813 2295; x_wconf 89' lang='lat' dir='ltr'><strong>aeque</strong></span> <span class='ocrx_word' id='word_1_195' title='bbox 1863 2217 1975 2274; x_wconf 88' lang='lat' dir='ltr'><strong>aut</strong></span> <span class='ocrx_word' id='word_1_196' title='bbox 2021 2213 2234 2296; x_wconf 85' lang='lat' dir='ltr'><strong>magis</strong></span> <span class='ocrx_word' id='word_1_197' title='bbox 2274 2212 2492 2276; x_wconf 81' lang='lat' dir='ltr'><strong>valent</strong></span> <span class='ocrx_word' id='word_1_198' title='bbox 2532 2213 2608 2278; x_wconf 88' lang='lat' dir='ltr'><strong>de</strong></span> 
     </span>
     <span class='ocr_line' id='line_1_20' title="bbox 280 2314 2614 2402; baseline 0.003 -25"><span class='ocrx_word' id='word_1_199' title='bbox 280 2316 562 2380; x_wconf 81' lang='lat' dir='ltr'><strong>interdicto</strong></span> <span class='ocrx_word' id='word_1_200' title='bbox 601 2314 772 2401; x_wconf 89' lang='lat' dir='ltr'><strong>quod</strong></span> <span class='ocrx_word' id='word_1_201' title='bbox 808 2337 887 2380; x_wconf 83' lang='lat' dir='ltr'><strong>ex</strong></span> <span class='ocrx_word' id='word_1_202' title='bbox 932 2319 1159 2401; x_wconf 84' lang='lat' dir='ltr'><strong>operis.</strong></span> <span class='ocrx_word' id='word_1_203' title='bbox 1180 2319 1331 2380; x_wconf 86' lang='lat' dir='ltr'><strong>novi</strong></span> <span class='ocrx_word' id='word_1_204' title='bbox 1370 2319 1770 2380; x_wconf 86' lang='lat' dir='ltr'><strong>nuntiatione</strong></span> <span class='ocrx_word' id='word_1_205' title='bbox 1796 2319 2126 2402; x_wconf 89' lang='lat' dir='ltr'><strong>competit.</strong></span> <span class='ocrx_word' id='word_1_206' title='bbox 2177 2315 2614 2384; x_wconf 81' lang='lat' dir='ltr'><strong>Inhumanum</strong></span> 
     </span>
     <span class='ocr_line' id='line_1_21' title="bbox 282 2421 2614 2507; baseline 0.002 -22"><span class='ocrx_word' id='word_1_207' title='bbox 282 2441 383 2485; x_wconf 65' lang='lat' dir='ltr'><strong>mse</strong></span> <span class='ocrx_word' id='word_1_208' title='bbox 408 2425 490 2486; x_wconf 88' lang='lat' dir='ltr'><strong>ait</strong></span> <span class='ocrx_word' id='word_1_209' title='bbox 510 2429 575 2487; x_wconf 88' lang='lat' dir='ltr'><strong>et</strong></span> <span class='ocrx_word' id='word_1_210' title='bbox 596 2426 709 2486; x_wconf 80' lang='lat' dir='ltr'><strong>vix</strong></span> <span class='ocrx_word' id='word_1_211' title='bbox 733 2421 1065 2486; x_wconf 89' lang='lat' dir='ltr'><strong>ferendum</strong></span> <span class='ocrx_word' id='word_1_212' title='bbox 1084 2471 1101 2498; x_wconf 94' lang='lat'><em>‚</em></span> <span class='ocrx_word' id='word_1_213' title='bbox 1128 2421 1295 2507; x_wconf 90' lang='lat' dir='ltr'><strong>quod</strong></span> <span class='ocrx_word' id='word_1_214' title='bbox 1320 2424 1529 2486; x_wconf 90' lang='lat' dir='ltr'><strong>omnis</strong></span> <span class='ocrx_word' id='word_1_215' title='bbox 1552 2422 1897 2506; x_wconf 87' lang='lat' dir='ltr'><strong>prohibitio</strong></span> <span class='ocrx_word' id='word_1_216' title='bbox 1923 2423 2294 2507; x_wconf 85' lang='lat' dir='ltr'><strong>opus-sistat</strong></span> <span class='ocrx_word' id='word_1_217' title='bbox 2315 2471 2330 2498; x_wconf 91' lang='lat'>,</span> <span class='ocrx_word' id='word_1_218' title='bbox 2360 2426 2614 2500; x_wconf 84' lang='lat' dir='ltr'><strong>etiamsi</strong></span> 
     </span>
     <span class='ocr_line' id='line_1_22' title="bbox 282 2527 2612 2613; baseline 0.002 -23"><span class='ocrx_word' id='word_1_219' title='bbox 282 2529 513 2592; x_wconf 80' lang='lat' dir='ltr'><strong>maxime</strong></span> <span class='ocrx_word' id='word_1_220' title='bbox 550 2531 695 2613; x_wconf 88' lang='lat' dir='ltr'><strong>quis</strong></span> <span class='ocrx_word' id='word_1_221' title='bbox 730 2531 800 2591; x_wconf 88' lang='lat' dir='ltr'><strong>in</strong></span> <span class='ocrx_word' id='word_1_222' title='bbox 841 2548 959 2592; x_wconf 91' lang='lat' dir='ltr'><strong>suo</strong></span> <span class='ocrx_word' id='word_1_223' title='bbox 999 2527 1323 2606; x_wconf 87' lang='lat' dir='ltr'><strong>moliatur,</strong></span> <span class='ocrx_word' id='word_1_224' title='bbox 1366 2529 1597 2612; x_wconf 86' lang='lat' dir='ltr'><strong>iusque</strong></span> <span class='ocrx_word' id='word_1_225' title='bbox 1637 2530 1774 2592; x_wconf 90' lang='lat' dir='ltr'><strong>eius</strong></span> <span class='ocrx_word' id='word_1_226' title='bbox 1805 2527 2134 2612; x_wconf 88' lang='lat' dir='ltr'><strong>hucusque</strong></span> <span class='ocrx_word' id='word_1_227' title='bbox 2160 2527 2612 2594; x_wconf 85' lang='lat' dir='ltr'><strong>addubitatum</strong></span> 
     </span>
     <span class='ocr_line' id='line_1_23' title="bbox 282 2632 2616 2718; baseline 0.003 -24"><span class='ocrx_word' id='word_1_228' title='bbox 282 2653 581 2718; x_wconf 79' lang='lat' dir='ltr'><strong>numquam</strong></span> <span class='ocrx_word' id='word_1_229' title='bbox 636 2634 850 2698; x_wconf 84' lang='lat' dir='ltr'><strong>fuerit.</strong></span> <span class='ocrx_word' id='word_1_230' title='bbox 908 2632 1343 2698; x_wconf 85' lang='lat' dir='ltr'><strong>Inhumanum</strong></span> <span class='ocrx_word' id='word_1_231' title='bbox 1393 2639 1459 2697; x_wconf 90' lang='lat' dir='ltr'><strong>et</strong></span> <span class='ocrx_word' id='word_1_232' title='bbox 1506 2635 1618 2696; x_wconf 80' lang='lat' dir='ltr'><strong>vix</strong></span> <span class='ocrx_word' id='word_1_233' title='bbox 1665 2633 2030 2710; x_wconf 90' lang='lat' dir='ltr'><strong>ferendum,</strong></span> <span class='ocrx_word' id='word_1_234' title='bbox 2082 2633 2254 2718; x_wconf 90' lang='lat' dir='ltr'><strong>quod</strong></span> <span class='ocrx_word' id='word_1_235' title='bbox 2299 2635 2616 2700; x_wconf 89' lang='lat' dir='ltr'><strong>eiusmodi</strong></span> 
     </span>
     <span class='ocr_line' id='line_1_24' title="bbox 282 2738 2614 2824; baseline 0.001 -22"><span class='ocrx_word' id='word_1_236' title='bbox 282 2743 603 2820; x_wconf 61' lang='lat' dir='ltr'><strong>possessoris</strong></span> <span class='ocrx_word' id='word_1_237' title='bbox 664 2739 925 2804; x_wconf 88' lang='lat' dir='ltr'><strong>molitio</strong></span> <span class='ocrx_word' id='word_1_238' title='bbox 985 2738 1395 2824; x_wconf 83' lang='lat' dir='ltr'><strong>impediatur,</strong></span> <span class='ocrx_word' id='word_1_239' title='bbox 1461 2739 1656 2803; x_wconf 91' lang='lat' dir='ltr'><strong>donec</strong></span> <span class='ocrx_word' id='word_1_240' title='bbox 1721 2743 1834 2802; x_wconf 86' lang='lat' dir='ltr'><strong>aut</strong></span> <span class='ocrx_word' id='word_1_241' title='bbox 1900 2739 2164 2803; x_wconf 89' lang='lat' dir='ltr'><strong>satisdet</strong></span> <span class='ocrx_word' id='word_1_242' title='bbox 2218 2748 2331 2804; x_wconf 88' lang='lat' dir='ltr'><strong>aut</strong></span> <span class='ocrx_word' id='word_1_243' title='bbox 2375 2740 2614 2806; x_wconf 87' lang='lat' dir='ltr'><strong>iudicio</strong></span> 
     </span>
     <span class='ocr_line' id='line_1_25' title="bbox 280 2843 2612 2929; baseline 0.002 -23"><span class='ocrx_word' id='word_1_244' title='bbox 280 2851 437 2908; x_wconf 78' lang='lat' dir='ltr'><strong>certet</strong></span> <span class='ocrx_word' id='word_1_245' title='bbox 478 2845 823 2910; x_wconf 83' lang='lat' dir='ltr'><strong>dummodo</strong></span> <span class='ocrx_word' id='word_1_246' title='bbox 873 2844 949 2910; x_wconf 92' lang='lat' dir='ltr'><strong>de</strong></span> <span class='ocrx_word' id='word_1_247' title='bbox 996 2845 1319 2910; x_wconf 88' lang='lat' dir='ltr'><strong>calumnia</strong></span> <span class='ocrx_word' id='word_1_248' title='bbox 1364 2847 1537 2908; x_wconf 87' lang='lat' dir='ltr'><strong>iuret</strong></span> <span class='ocrx_word' id='word_1_249' title='bbox 1582 2847 1909 2909; x_wconf 87' lang='lat' dir='ltr'><strong>nuntiator</strong></span> <span class='ocrx_word' id='word_1_250' title='bbox 1949 2843 2018 2924; x_wconf 93' lang='lat' dir='ltr'><strong>(l.</strong></span> <span class='ocrx_word' id='word_1_251' title='bbox 2049 2843 2088 2907; x_wconf 88' lang='lat'>5</span> <span class='ocrx_word' id='word_1_252' title='bbox 2116 2846 2150 2929; x_wconf 62' lang='grc' dir='ltr'>ξ</span> <span class='ocrx_word' id='word_1_253' title='bbox 2182 2843 2262 2909; x_wconf 91' lang='grc'><strong>14</strong></span> <span class='ocrx_word' id='word_1_254' title='bbox 2288 2845 2366 2910; x_wconf 90' lang='lat' dir='ltr'><strong>D.</strong></span> <span class='ocrx_word' id='word_1_255' title='bbox 2395 2845 2501 2911; x_wconf 85' lang='lat'><strong>39.</strong></span> <span class='ocrx_word' id='word_1_256' title='bbox 2527 2847 2612 2927; x_wconf 91' lang='lat'><strong>1).</strong></span> 
     </span>
     <span class='ocr_line' id='line_1_26' title="bbox 280 2945 2616 3038; baseline 0.002 -27"><span class='ocrx_word' id='word_1_257' title='bbox 280 2945 335 3012; x_wconf 87' lang='lat' dir='ltr'><strong>Id</strong></span> <span class='ocrx_word' id='word_1_258' title='bbox 366 2952 411 3013; x_wconf 86' lang='lat' dir='ltr'><strong>si</strong></span> <span class='ocrx_word' id='word_1_259' title='bbox 449 2953 547 3016; x_wconf 83' lang='lat' dir='ltr'><strong>ius</strong></span> <span class='ocrx_word' id='word_1_260' title='bbox 588 2955 695 3029; x_wconf 88' lang='lat' dir='ltr'><strong>sit,</strong></span> <span class='ocrx_word' id='word_1_261' title='bbox 743 2950 1315 3016; x_wconf 80' lang='lat' dir='ltr'><strong>calumniatoribus</strong></span> <span class='ocrx_word' id='word_1_262' title='bbox 1364 2953 1541 3016; x_wconf 85' lang='lat' dir='ltr'><strong>viam</strong></span> <span class='ocrx_word' id='word_1_263' title='bbox 1586 2953 1825 3028; x_wconf 88' lang='lat' dir='ltr'><strong>sterni,</strong></span> <span class='ocrx_word' id='word_1_264' title='bbox 1872 2971 2262 3035; x_wconf 84' lang='lat' dir='ltr'><strong>possessores</strong></span> <span class='ocrx_word' id='word_1_265' title='bbox 2307 2951 2616 3038; x_wconf 80' lang='lat' dir='ltr'><strong>iugulari.-</strong></span> 
     </span>
     <span class='ocr_line' id='line_1_27' title="bbox 280 3051 2613 3144; baseline 0.003 -26"><span class='ocrx_word' id='word_1_266' title='bbox 280 3051 415 3120; x_wconf 78' lang='lat' dir='ltr'><strong>Hnic</strong></span> <span class='ocrx_word' id='word_1_267' title='bbox 454 3059 655 3143; x_wconf 81' lang='lat' dir='ltr'><strong>igitur</strong></span> <span class='ocrx_word' id='word_1_268' title='bbox 696 3059 1029 3142; x_wconf 84' lang='lat' dir='ltr'><strong>iniquitati</strong></span> <span class='ocrx_word' id='word_1_269' title='bbox 1072 3065 1149 3122; x_wconf 86' lang='lat' dir='ltr'><strong>ut</strong></span> <span class='ocrx_word' id='word_1_270' title='bbox 1191 3058 1452 3122; x_wconf 84' lang='lat' dir='ltr'><strong>obviam</strong></span> <span class='ocrx_word' id='word_1_271' title='bbox 1488 3060 1713 3134; x_wconf 86' lang='lat' dir='ltr'><strong>iretur,</strong></span> <span class='ocrx_word' id='word_1_272' title='bbox 1755 3057 1833 3120; x_wconf 85' lang='lat' dir='ltr'><strong>ad</strong></span> <span class='ocrx_word' id='word_1_273' title='bbox 1874 3058 2213 3121; x_wconf 87' lang='lat' dir='ltr'><strong>arbitrium</strong></span> <span class='ocrx_word' id='word_1_274' title='bbox 2254 3058 2613 3144; x_wconf 81' lang='lat' dir='ltr'><strong>confugisse</strong></span> 
     </span>
     <span class='ocr_line' id='line_1_28' title="bbox 281 3161 2615 3248; baseline 0 -24"><span class='ocrx_word' id='word_1_275' title='bbox 281 3164 639 3228; x_wconf 84' lang='lat' dir='ltr'><strong>existimandi</strong></span> <span class='ocrx_word' id='word_1_276' title='bbox 690 3171 842 3228; x_wconf 91' lang='lat' dir='ltr'><strong>sunt</strong></span> <span class='ocrx_word' id='word_1_277' title='bbox 896 3162 1187 3227; x_wconf 87' lang='lat' dir='ltr'><strong>Romani.</strong></span> <span class='ocrx_word' id='word_1_278' title='bbox 1238 3161 1421 3226; x_wconf 89' lang='lat' dir='ltr'><strong>Idem</strong></span> <span class='ocrx_word' id='word_1_279' title='bbox 1466 3164 1824 3227; x_wconf 90' lang='lat' dir='ltr'><strong>remedium</strong></span> <span class='ocrx_word' id='word_1_280' title='bbox 1873 3163 2212 3228; x_wconf 89' lang='lat' dir='ltr'><strong>interdicto</strong></span> <span class='ocrx_word' id='word_1_281' title='bbox 2277 3165 2482 3248; x_wconf 79' lang='lat' dir='ltr'><strong>quod</strong></span> <span class='ocrx_word' id='word_1_282' title='bbox 2539 3164 2615 3226; x_wconf 79' lang='lat' dir='ltr'><strong>vi</strong></span> 
     </span>
     <span class='ocr_line' id='line_1_29' title="bbox 281 3269 2616 3355; baseline 0.004 -29"><span class='ocrx_word' id='word_1_283' title='bbox 281 3275 385 3329; x_wconf 75' lang='lat' dir='ltr'><strong>aut</strong></span> <span class='ocrx_word' id='word_1_284' title='bbox 428 3270 611 3332; x_wconf 81' lang='lat' dir='ltr'><strong>clam</strong></span> <span class='ocrx_word' id='word_1_285' title='bbox 670 3269 1039 3334; x_wconf 86' lang='lat' dir='ltr'><strong>adhibitum</strong></span> <span class='ocrx_word' id='word_1_286' title='bbox 1098 3269 1295 3334; x_wconf 88' lang='lat' dir='ltr'><strong>fuisse</strong></span> <span class='ocrx_word' id='word_1_287' title='bbox 1361 3269 1670 3335; x_wconf 83' lang='lat' dir='ltr'><strong>dubitari.</strong></span> <span class='ocrx_word' id='word_1_288' title='bbox 1703 3291 1831 3333; x_wconf 89' lang='lat' dir='ltr'><strong>non</strong></span> <span class='ocrx_word' id='word_1_289' title='bbox 1880 3275 2147 3355; x_wconf 87' lang='lat' dir='ltr'><strong>oportet.</strong></span> <span class='ocrx_word' id='word_1_290' title='bbox 2197 3269 2351 3334; x_wconf 86' lang='lat' dir='ltr'><strong>Fuit</strong></span> <span class='ocrx_word' id='word_1_291' title='bbox 2398 3277 2616 3336; x_wconf 88' lang='lat' dir='ltr'><strong>autem</strong></span> 
     </span>
     <span class='ocr_line' id='line_1_30' title="bbox 282 3371 2614 3462; baseline 0.003 -28"><span class='ocrx_word' id='word_1_292' title='bbox 282 3371 373 3436; x_wconf 89' lang='lat' dir='ltr'><strong>hoc</strong></span> <span class='ocrx_word' id='word_1_293' title='bbox 408 3375 809 3442; x_wconf 86' lang='lat' dir='ltr'><strong>interdictum</strong></span> <span class='ocrx_word' id='word_1_294' title='bbox 855 3396 929 3440; x_wconf 91' lang='lat' dir='ltr'><strong>eo</strong></span> <span class='ocrx_word' id='word_1_295' title='bbox 978 3374 1150 3462; x_wconf 90' lang='lat' dir='ltr'><strong>quod</strong></span> <span class='ocrx_word' id='word_1_296' title='bbox 1194 3397 1273 3440; x_wconf 80' lang='lat' dir='ltr'><strong>ex</strong></span> <span class='ocrx_word' id='word_1_297' title='bbox 1321 3378 1527 3460; x_wconf 89' lang='lat' dir='ltr'><strong>operis</strong></span> <span class='ocrx_word' id='word_1_298' title='bbox 1566 3377 1718 3439; x_wconf 84' lang='lat' dir='ltr'><strong>novi</strong></span> <span class='ocrx_word' id='word_1_299' title='bbox 1757 3378 2158 3440; x_wconf 88' lang='lat' dir='ltr'><strong>nuntiatione</strong></span> <span class='ocrx_word' id='word_1_300' title='bbox 2199 3379 2509 3460; x_wconf 88' lang='lat' dir='ltr'><strong>competit</strong></span> <span class='ocrx_word' id='word_1_301' title='bbox 2545 3379 2614 3440; x_wconf 89' lang='lat' dir='ltr'><strong>in</strong></span> 
     </span>
     <span class='ocr_line' id='line_1_31' title="bbox 282 3481 2610 3567; baseline 0.001 -24"><span class='ocrx_word' id='word_1_302' title='bbox 282 3481 656 3561; x_wconf 82' lang='lat' dir='ltr'><strong>possidentem</strong></span> <span class='ocrx_word' id='word_1_303' title='bbox 718 3484 1024 3567; x_wconf 85' lang='lat' dir='ltr'><strong>iniquius.</strong></span> <span class='ocrx_word' id='word_1_304' title='bbox 1086 3482 1255 3546; x_wconf 89' lang='lat' dir='ltr'><strong>Nam</strong></span> <span class='ocrx_word' id='word_1_305' title='bbox 1321 3503 1525 3566; x_wconf 89' lang='lat' dir='ltr'><strong>quum</strong></span> <span class='ocrx_word' id='word_1_306' title='bbox 1588 3487 1836 3547; x_wconf 87' lang='lat' dir='ltr'><strong>constet</strong></span> <span class='ocrx_word' id='word_1_307' title='bbox 1897 3483 1966 3544; x_wconf 90' lang='lat' dir='ltr'><strong>in</strong></span> <span class='ocrx_word' id='word_1_308' title='bbox 2030 3487 2301 3566; x_wconf 89' lang='lat' dir='ltr'><strong>utroque</strong></span> <span class='ocrx_word' id='word_1_309' title='bbox 2371 3481 2610 3547; x_wconf 87' lang='lat' dir='ltr'><strong>iudicio</strong></span> 
     </span>
     <span class='ocr_line' id='line_1_32' title="bbox 275 3586 2613 3673; baseline 0.002 -27"><span class='ocrx_word' id='word_1_310' title='bbox 275 3586 425 3662; x_wconf 72' lang='lat' dir='ltr'><strong>parvi</strong></span> <span class='ocrx_word' id='word_1_311' title='bbox 456 3589 735 3673; x_wconf 70' lang='lat' dir='ltr'><strong>refer-(re)</strong></span> <span class='ocrx_word' id='word_1_312' title='bbox 774 3593 997 3652; x_wconf 89' lang='lat' dir='ltr'><strong>utrum</strong></span> <span class='ocrx_word' id='word_1_313' title='bbox 1034 3590 1090 3652; x_wconf 91' lang='lat' dir='ltr'><strong>is</strong></span> <span class='ocrx_word' id='word_1_314' title='bbox 1130 3591 1242 3673; x_wconf 91' lang='lat' dir='ltr'><strong>qui</strong></span> <span class='ocrx_word' id='word_1_315' title='bbox 1278 3588 1642 3673; x_wconf 88' lang='lat' dir='ltr'><strong>prohibitus</strong></span> <span class='ocrx_word' id='word_1_316' title='bbox 1683 3609 1844 3673; x_wconf 91' lang='lat' dir='ltr'><strong>opus</strong></span> <span class='ocrx_word' id='word_1_317' title='bbox 1886 3587 2086 3652; x_wconf 87' lang='lat' dir='ltr'><strong>facere</strong></span> <span class='ocrx_word' id='word_1_318' title='bbox 2111 3591 2613 3672; x_wconf 82' lang='lat' dir='ltr'><strong>perseveraverit</strong></span> 
     </span>
     <span class='ocr_line' id='line_1_33' title="bbox 284 3691 2614 3779; baseline 0.003 -27"><span class='ocrx_word' id='word_1_319' title='bbox 284 3691 360 3752; x_wconf 70' lang='lat' dir='ltr'><strong>itu</strong></span> <span class='ocrx_word' id='word_1_320' title='bbox 395 3693 647 3757; x_wconf 74' lang='lat' dir='ltr'><strong>habuerit</strong></span> <span class='ocrx_word' id='word_1_321' title='bbox 675 3694 972 3779; x_wconf 78' lang='lat' dir='ltr'><strong>faciendi</strong></span> <span class='ocrx_word' id='word_1_322' title='bbox 1018 3717 1099 3756; x_wconf 78' lang='lat' dir='ltr'><strong>an</strong></span> <span class='ocrx_word' id='word_1_323' title='bbox 1144 3717 1263 3758; x_wconf 79' lang='lat' dir='ltr'><strong>non</strong></span> <span class='ocrx_word' id='word_1_324' title='bbox 1311 3693 1379 3773; x_wconf 89' lang='lat' dir='ltr'><strong>(l.</strong></span> <span class='ocrx_word' id='word_1_325' title='bbox 1413 3692 1445 3757; x_wconf 92' lang='grc'><strong>1</strong></span> <span class='ocrx_word' id='word_1_326' title='bbox 1475 3696 1509 3779; x_wconf 78' lang='lat'>§</span> <span class='ocrx_word' id='word_1_327' title='bbox 1535 3694 1575 3757; x_wconf 81' lang='lat'><strong>2</strong></span> <span class='ocrx_word' id='word_1_328' title='bbox 1602 3693 1680 3758; x_wconf 90' lang='grc' dir='ltr'><strong>Ι).</strong></span> <span class='ocrx_word' id='word_1_329' title='bbox 1709 3691 1817 3756; x_wconf 88' lang='grc'><strong>43.</strong></span> <span class='ocrx_word' id='word_1_330' title='bbox 1845 3692 1980 3772; x_wconf 83' lang='grc'>24),</span> <span class='ocrx_word' id='word_1_331' title='bbox 2023 3701 2236 3758; x_wconf 84' lang='grc'><strong>13111011</strong></span> <span class='ocrx_word' id='word_1_332' title='bbox 2275 3693 2342 3757; x_wconf 84' lang='grc'><strong>111</strong></span> <span class='ocrx_word' id='word_1_333' title='bbox 2381 3697 2614 3777; x_wconf 86' lang='lat' dir='ltr'><strong>praeci-</strong></span> 
     </span>
     <span class='ocr_line' id='line_1_34' title="bbox 286 3799 2615 3890; baseline 0.002 -31"><span class='ocrx_word' id='word_1_334' title='bbox 286 3815 455 3890; x_wconf 18' lang='lat' dir='ltr'><strong>puum‘</strong></span> <span class='ocrx_word' id='word_1_335' title='bbox 500 3801 687 3866; x_wconf 90' lang='lat' dir='ltr'><strong>habet</strong></span> <span class='ocrx_word' id='word_1_336' title='bbox 747 3799 1163 3864; x_wconf 79' lang='lat' dir='ltr'><strong>interdictum</strong></span> <span class='ocrx_word' id='word_1_337' title='bbox 1210 3800 1376 3884; x_wconf 89' lang='lat' dir='ltr'><strong>quod</strong></span> <span class='ocrx_word' id='word_1_338' title='bbox 1424 3819 1501 3864; x_wconf 83' lang='lat' dir='ltr'><strong>ex</strong></span> <span class='ocrx_word' id='word_1_339' title='bbox 1549 3802 1756 3884; x_wconf 90' lang='lat' dir='ltr'><strong>operis</strong></span> <span class='ocrx_word' id='word_1_340' title='bbox 1803 3801 1954 3864; x_wconf 85' lang='lat' dir='ltr'><strong>novi</strong></span> <span class='ocrx_word' id='word_1_341' title='bbox 1998 3800 2398 3862; x_wconf 87' lang='lat' dir='ltr'><strong>nuntiatione</strong></span> <span class='ocrx_word' id='word_1_342' title='bbox 2448 3819 2615 3863; x_wconf 88' lang='lat' dir='ltr'><strong>com-</strong></span> 
     </span>
     <span class='ocr_line' id='line_1_35' title="bbox 286 3903 2614 3991; baseline 0.003 -26"><span class='ocrx_word' id='word_1_343' title='bbox 286 3907 445 3984; x_wconf 80' lang='lat' dir='ltr'><strong>petit,</strong></span> <span class='ocrx_word' id='word_1_344' title='bbox 485 3905 645 3990; x_wconf 89' lang='lat' dir='ltr'><strong>quod</strong></span> <span class='ocrx_word' id='word_1_345' title='bbox 683 3927 939 3971; x_wconf 89' lang='lat' dir='ltr'><strong>securus</strong></span> <span class='ocrx_word' id='word_1_346' title='bbox 980 3903 1268 3972; x_wconf 82' lang='lat' dir='ltr'><strong>aedificat</strong></span> <span class='ocrx_word' id='word_1_347' title='bbox 1303 3908 1416 3991; x_wconf 91' lang='lat' dir='ltr'><strong>qui</strong></span> <span class='ocrx_word' id='word_1_348' title='bbox 1454 3906 1938 3970; x_wconf 87' lang='lat' dir='ltr'><strong>satisdationem</strong></span> <span class='ocrx_word' id='word_1_349' title='bbox 1979 3903 2285 3969; x_wconf 88' lang='lat' dir='ltr'><strong>obtulerit</strong></span> <span class='ocrx_word' id='word_1_350' title='bbox 2324 3903 2400 3968; x_wconf 90' lang='lat' dir='ltr'><strong>de</strong></span> <span class='ocrx_word' id='word_1_351' title='bbox 2425 3926 2614 3991; x_wconf 87' lang='lat' dir='ltr'><strong>opere</strong></span> 
     </span>
     <span class='ocr_line' id='line_1_36' title="bbox 286 4011 2614 4098; baseline 0.002 -28"><span class='ocrx_word' id='word_1_352' title='bbox 286 4011 659 4090; x_wconf 82' lang='lat' dir='ltr'><strong>restituendo,</strong></span> <span class='ocrx_word' id='word_1_353' title='bbox 720 4014 872 4097; x_wconf 91' lang='lat' dir='ltr'><strong>quia</strong></span> <span class='ocrx_word' id='word_1_354' title='bbox 929 4015 1137 4098; x_wconf 85' lang='lat' dir='ltr'><strong>operis</strong></span> <span class='ocrx_word' id='word_1_355' title='bbox 1182 4015 1335 4076; x_wconf 86' lang='lat' dir='ltr'><strong>novi</strong></span> <span class='ocrx_word' id='word_1_356' title='bbox 1380 4013 1784 4076; x_wconf 88' lang='lat' dir='ltr'><strong>nuntiatione</strong></span> <span class='ocrx_word' id='word_1_357' title='bbox 1831 4031 2150 4096; x_wconf 88' lang='lat' dir='ltr'><strong>possessor</strong></span> <span class='ocrx_word' id='word_1_358' title='bbox 2193 4013 2614 4074; x_wconf 82' lang='lat' dir='ltr'><strong>constituitur</strong></span> 
     </span>
    </p>
   </div>
   <div class='ocr_carea' id='block_1_3' title="bbox 292 4171 631 4188">
    <p class='ocr_par' dir='ltr' id='par_1_3' title="bbox 292 4171 631 4188">
     <span class='ocr_line' id='line_1_37' title="bbox 292 4171 631 4188; baseline 0 821"><span class='ocrx_word' id='word_1_359' title='bbox 292 4171 631 4188; x_wconf 95' lang='lat' dir='ltr'><strong> </strong></span> 
     </span>
    </p>
   </div>
   <div class='ocr_carea' id='block_1_4' title="bbox 348 4281 2614 4430">
    <p class='ocr_par' dir='ltr' id='par_1_4' title="bbox 348 4281 2614 4430">
     <span class='ocr_line' id='line_1_38' title="bbox 348 4281 2614 4350; baseline 0.003 -20"><span class='ocrx_word' id='word_1_360' title='bbox 348 4281 392 4344; x_wconf 89' lang='lat'><strong>1)</strong></span> <span class='ocrx_word' id='word_1_361' title='bbox 415 4285 559 4348; x_wconf 74' lang='lat' dir='ltr'><strong>Quum</strong></span> <span class='ocrx_word' id='word_1_362' title='bbox 585 4287 732 4336; x_wconf 78' lang='lat' dir='ltr'><strong>dicam</strong></span> <span class='ocrx_word' id='word_1_363' title='bbox 760 4285 932 4336; x_wconf 80' lang='lat' dir='ltr'><strong>iudicis</strong></span> <span class='ocrx_word' id='word_1_364' title='bbox 959 4284 1214 4336; x_wconf 75' lang='lat' dir='ltr'><strong>arbitrium</strong></span> <span class='ocrx_word' id='word_1_365' title='bbox 1231 4323 1243 4344; x_wconf 84' lang='lat'><strong>.</strong></span> <span class='ocrx_word' id='word_1_366' title='bbox 1260 4301 1357 4335; x_wconf 87' lang='grc'><strong>11011</strong></span> <span class='ocrx_word' id='word_1_367' title='bbox 1376 4285 1616 4344; x_wconf 74' lang='grc'><strong>1110111101,</strong></span> <span class='ocrx_word' id='word_1_368' title='bbox 1637 4283 1944 4350; x_wconf 82' lang='lat' dir='ltr'><strong>prudentium</strong></span> <span class='ocrx_word' id='word_1_369' title='bbox 1963 4284 2250 4334; x_wconf 76' lang='lat' dir='ltr'><strong>auctoritate</strong></span> <span class='ocrx_word' id='word_1_370' title='bbox 2269 4285 2473 4335; x_wconf 76' lang='lat' dir='ltr'><strong>iudicem</strong></span> <span class='ocrx_word' id='word_1_371' title='bbox 2493 4285 2614 4350; x_wconf 79' lang='lat' dir='ltr'><strong>regi.</strong></span> 
     </span>
     <span class='ocr_line' id='line_1_39' title="bbox 348 4361 900 4430; baseline 0.018 -22"><span class='ocrx_word' id='word_1_372' title='bbox 348 4361 395 4428; x_wconf 73' lang='lat'><strong>2)</strong></span> <span class='ocrx_word' id='word_1_373' title='bbox 424 4367 642 4418; x_wconf 58' lang='lat' dir='ltr'><strong>Jahrb-ek</strong></span> <span class='ocrx_word' id='word_1_374' title='bbox 678 4369 900 4430; x_wconf 72' lang='lat'><strong>§465¹⁸.</strong></span> 
     </span>
    </p>
   </div>
  </div>
 </body>
</html>
