3192 5009
535 333 666 404 328
1465 353 1979 404 runomms'rus.

531 524 718 600 μένην
787 527 918 588 τοῦ
989 524 1318 603 ῥήτορος
1398 523 1619 601 μάχην
1685 522 1790 586 καὶ
1858 523 1965 594 την
2030 521 2733 597 Λακεδαιμονίοις
2791 521 2907 591 ὑπὸ

536 628 909 708 Λυσάνδρου.
974 628 1099 693 Hic
1160 627 1538 693 iamdudum
1600 630 1958 713 repositum
2018 632 2117 692 est
2178 634 2293 690 τῶν
2343 627 2615 708 ῥητόρων,
2678 633 2909 713 specta-

531 742 640 801 tur
699 737 871 800 enim
933 733 1163 800 nobilis
1224 754 1414 799 causa
1484 754 1646 819 quae
1716 754 1770 798 a.
1836 732 1967 798 330
2037 735 2206 798 inter
2276 731 2777 799 Demosthenem
2838 741 2903 798 et

531 839 919 907 Aeschinem
981 849 1122 907 acta
1183 840 1328 905 fuit.
1389 840 1610 905 Etiam
1671 836 1950 907 Cobetus
2012 860 2154 904 eam
2203 841 2589 925 scripturam
2634 859 2909 924 compro-

528 948 742 1024 bavit,
806 946 915 1013 sed
983 946 1206 1012 deinde
1265 949 1474 1010 vetuit
1532 967 1612 1010 ne
1674 947 1817 1029 quis
1881 945 2229 1031 attingeret
2290 947 2621 1031 sequentia
2685 945 2865 1010 verba
2884 993 2901 1020 ,

532 1076 682 1120 cum
725 1053 902 1120 nulla
947 1052 1321 1119 emendandi
1367 1073 1510 1139 spes
1546 1051 1792 1137 reliqua
1830 1055 2011 1116 esset.
2064 1049 2302 1116 Videbo
2344 1058 2560 1117 tamen
2600 1049 2903 1136 numquid

533 1159 859 1226 enucleare
904 1162 1165 1245 possim.
1212 1158 1273 1224 N
1275 1180 1357 1224 ou
1403 1164 1500 1222 est
1547 1178 1695 1222 sane
1741 1156 2159 1244 cogitandum
2205 1156 2281 1223 de
2322 1179 2543 1244 pugna
2582 1155 2663 1222 ad
2703 1158 2905 1244 Aegos

533 1265 772 1331 flumen
790 1314 806 1343 ‚
855 1265 967 1330 sed
1010 1267 1346 1350 respicitur
1390 1263 1635 1348 aliquid
1680 1263 2025 1328 admodum
2073 1263 2487 1330 memorabile
2536 1263 2707 1350 quod
2752 1265 2907 1334 circa

535 1393 610 1438 ea
652 1379 939 1458 tempora
984 1371 1254 1436 Athenis
1299 1370 1368 1433 in
1411 1371 1552 1433 urbe
1600 1377 1815 1434 actum
1856 1370 2015 1434 fuit:
2059 1372 2164 1435 καὶ
2200 1377 2380 1434 τοῦτο
2418 1375 2532 1445 μὲν
2556 1371 2661 1435 καὶ
2691 1370 2907 1449 τυφλῷ

537 1479 734 1549 δῆλον.
808 1476 1050 1544 Deinde
1119 1475 1292 1542 haud
1358 1475 1631 1541 libenter
1698 1476 2027 1542 credemus
2098 1476 2753 1542 Lacedaemoniorum
2807 1477 2909 1541 hic

529 1585 763 1649 factam
810 1583 1004 1648 fuisse
1051 1585 1444 1647 mentionem
1490 1591 1553 1647 et
1600 1583 2101 1658 Λακεδαιμονίων
2145 1589 2209 1649 et
2250 1585 2615 1648 Μακεδόνων
2656 1585 2915 1649 nomina

531 1690 717 1757 facile
777 1691 1160 1755 commutari
1204 1695 1582 1774 potuerunt,
1634 1708 2024 1774 quamquam
2070 1692 2210 1774 ipsa
2254 1687 2676 1774 Theophrasti
2723 1690 2917 1755 verba

531 1816 659 1860 non
720 1797 1186 1882 praestiterim,
1237 1815 1386 1858 cum
1426 1793 1627 1858 stulta
1664 1793 1780 1859 illa
1822 1794 1929 1868 την
1972 1795 2477 1870 Λακεδαιμονίοις
2520 1797 2634 1861 ὑπὸ
2677 1797 2921 1861 Λυσάν-

533 1902 664 1977 δρου
711 1904 780 1966 in
825 1908 1094 1987 utroque
1141 1900 1434 1966 Parisino
1485 1900 1651 1966 libro
1689 1900 2007 1987 legantur.
2056 1901 2393 1969 Praeterea
2430 1905 2689 1967 invenio
2728 1923 2782 1968 c.
2826 1901 2915 1966 23

529 2007 874 2073 Alexandri
936 2014 1003 2073 et
1061 2007 1346 2072 Evandri
1407 2010 1665 2072 nomina
1723 2007 1982 2072 confusa
2042 2008 2235 2073 fuisse
2299 2028 2336 2072 a
2384 2007 2661 2074 librariis
2678 2057 2697 2086 ,
2746 2007 2919 2073 unde

531 2136 699 2179 nunc
763 2135 1012 2200 quoque
1074 2114 1246 2178 haud
1307 2117 1520 2199 inepte
1576 2115 1885 2198 suspicari
1932 2134 2270 2200 possumus
2315 2113 2631 2201 Lysandri
2678 2135 2918 2179 nomen

533 2218 848 2287 Casandro
913 2218 1130 2285 cedere
1193 2221 1437 2286 debere.
1487 2219 1702 2307 Rogas
1751 2219 1905 2305 quid
1954 2220 2209 2286 tandem
2256 2220 2525 2286 Athenis
2570 2223 2641 2285 in
2686 2219 2919 2306 populi

532 2327 812 2392 comitiis
859 2328 1023 2390 circa
1071 2346 1314 2390 annum
1362 2325 1514 2404 316,
1563 2329 1677 2412 qui
1724 2347 1927 2392 annus
1974 2329 2267 2412 sequenti
2304 2328 2511 2412 capite
2548 2328 2917 2412 respicitur,

531 2432 880 2518 admodum
928 2432 1340 2498 memorabile
1386 2440 1604 2498 actum
1650 2430 1778 2497 sit?
1826 2433 2255 2518 Respondebit
2292 2432 2613 2498 Diodorus
2652 2431 2921 2498 Siculus

531 2537 767 2602 XVIII.
821 2535 927 2615 74,
991 2539 1099 2603 sed
1153 2538 1344 2624 paulo
1389 2538 1576 2624 plura
1620 2539 2009 2624 excerpenda
2054 2545 2275 2604 erunt:
2329 2539 2659 2613 Ἀθηναίων
2708 2539 2769 2604 δὲ
2820 2545 2917 2616 μῦ

530 2643 874 2721 δυναμένων
939 2645 1401 2721 ἀποτρίψασθαι
1466 2646 1573 2716 τὴν
1641 2645 1903 2722 Φρουρὰν
1967 2645 2131 2722 μήτε
2192 2645 2295 2709 διὰ
2360 2643 2913 2724 Πολυσπέρχοντος

529 2753 691 2826 μήτε
735 2749 808 2813 δι’
851 2748 1315 2824 Ὀλυμπιάδος,
1358 2748 1894 2823 ἀπετόλμησέ
1935 2772 2057 2818 τις
2106 2756 2251 2813 τῶν
2300 2749 2917 2825 ἐπαινουμένων

528 2857 878 2922 πολιτῶν
926 2856 1192 2920 εἰπεῖν
1243 2857 1313 2918 ἐν
1363 2854 1769 2937 ἐκκλησίᾳ
1817 2854 1963 2920 διότι
2012 2856 2315 2934 συμφέρει
2364 2856 2506 2938 πρὸς
2556 2855 2919 2933 Κάσανδρον

529 2964 961 3029 διαλύσασθαι.
1026 2963 1118 3026 Τὸ
1182 2963 1296 3035 μὲν
1357 2957 1452 3026 οὖν
1518 2968 1745 3042 πρῶτον
1794 2963 2037 3039 ἐγένετο
2086 2962 2369 3041 θόρυβος,
2420 2969 2537 3026 τῶν
2584 2964 2694 3036 μὲν
2742 2964 2921 3027 αντι-

529 3069 852 3148 λεγόντων,
903 3076 1017 3132 τῶν
1065 3069 1125 3134 δὲ
1174 3067 1795 3145 συγκατατιθεμένων
1842 3077 1966 3140 τοῖς
2015 3069 2257 3146 λόγοις·
2307 3071 2383 3140 ὧς
2430 3071 2495 3134 δὲ
2541 3069 2916 3145 &vedeo-wion

531 3177 600 3240 τὸ
664 3175 992 3254 συμφέρον,
1058 3171 1219 3250 ἔδοξε
1283 3181 1408 3243 τοῖς
1459 3178 1614 3238 πᾶσι
1666 3174 2025 3252 πρεσβεύειν
2071 3175 2215 3250 πρὸς
2268 3173 2613 3251 Κάσανδρον
2662 3173 2771 3238 καὶ
2823 3175 2917 3238 τί-

535 3283 735 3346 θεσθαι
800 3281 882 3345 τα
948 3281 1088 3356 πρὸς
1155 3282 1339 3344 αὑτὸν
1403 3283 1477 3351 ὦς
1539 3305 1615 3345 αν
1662 3278 1695 3361 ᾖ
1744 3280 2017 3345 δυνατόν.
2067 3279 2350 3346 Tandem
2395 3278 2679 3366 legimus
2724 3279 2917 3345 urbis

530 3387 920 3500 praefectum
967 3406 1004 3450 a
1045 3383 1360 3452 Casandro
1402 3384 1811 3473 designatum
1852 3386 2045 3451 fuisse
2069 3385 2473 3451 Demetrium
2498 3384 2911 3451 Phalereum.

531 3493 656 3558 Res
685 3461 862 3558 mihi
905 3497 1077 3556 certa
1118 3491 1393 3569 videtur,
1435 3491 1544 3558 sed
1583 3494 1724 3578 ipsa
1758 3490 2177 3577 Theophrasti
2214 3491 2408 3556 verba
2444 3510 2605 3576 quae
2642 3491 2913 3569 fuerint,

531 3621 656 3665 non
700 3599 900 3664 habeo
949 3597 1172 3663 dicere.

623 3704 774 3790 Cap.
826 3702 889 3769 8.
936 3704 1316 3780 λογοποιίας.

622 3810 649 3874 ὃ
699 3810 1002 3888 βασιλεὺς
1051 3809 1238 3890 μάχη
1283 3811 1548 3882 νενίκηκε
1596 3809 1700 3873 καὶ
1750 3809 2095 3885 Κάσανδρος
2142 3809 2499 3890 ἕζώγρηται.
2572 3808 2913 3876 Pertinent

528 3918 686 3983 haec
732 3915 812 3980 ad
857 3936 963 3981 eos
1009 3935 1256 3980 menses
1276 3962 1293 3992 ‚
1343 3936 1619 4000 quorum
1665 3923 1914 3981 servata
1958 3917 2267 3982 memoria
2311 3922 2407 3981 est
2452 3915 2623 4000 apud
2669 3914 2915 3982 Diodo-

531 4046 679 4089 rum
739 4021 1030 4088 Siculum
1091 4019 1306 4086 XVIII
1352 4020 1458 4087 64.
1524 4020 1649 4088 Sed
1712 4022 2249 4114 quemadmodum
2308 4027 2452 4107 post
2496 4021 2775 4087 nobilem
2820 4023 2911 4089 ad

531 4126 975 4194 Trasimenum
1013 4147 1301 4214 pugnam
1347 4125 1440 4191 M.
1489 4127 1881 4213 Pomponius
1929 4134 2181 4212 praetor
2224 4130 2293 4190 in
2333 4129 2630 4193 concione
2667 4125 2915 4194 dixisse

529 4236 764 4301 fertur:
812 4235 1042 4321 Pugna
1087 4253 1322 4319 magna
1367 4235 1525 4299 victi
1570 4255 1828 4312 sumus,
1878 4233 2098 4299 eodem
2144 4233 2334 4299 modo
2382 4232 2588 4298 malo:
2639 4233 2666 4296 ὁ
2715 4231 2917 4309 βασι-

529 4341 674 4410 λεὺς
723 4341 1107 4422 (μεγάλη)
1155 4339 1344 4422 μα’χη
1390 4339 1681 4414 νενίκηκε.

624 4445 777 4534 Gap.
829 4446 899 4512 9.
939 4448 1410 4528 ἀναισχυντίας.
