3192 5009
1274 301 1628 354 vnnemus.
2499 247 2630 349 3¹75

274 471 367 538 ille
420 472 540 538 loci
598 474 775 558 rigor
840 480 951 537 aut
995 474 1477 558 ingratissimus
1523 473 1741 537 hiatus
1787 474 1954 538 inter
1999 491 2254 536 carmen
2301 471 2520 555 ipsum
2568 474 2634 534 et

272 580 579 644 subsutam
626 577 986 644 clausulam
1034 599 1257 645 eorum
1298 581 1678 645 coniecturis
1697 627 1714 656 ,
1764 580 1874 664 qui
1916 579 2233 664 aspernati
2271 575 2434 641 fflud
2477 579 2636 660 quie-

270 686 387 770 quie
426 706 537 770 pro
582 684 829 770 quisque
849 734 865 763 ,
913 683 1129 750 locum
1176 687 1355 750 varie
1403 691 1730 750 tentarunt
1775 685 1945 750 hunc
1988 687 2057 749 in
2103 683 2406 749 modum:

346 793 423 855 Ec
465 791 733 876 quisquis
772 813 995 856 amores
1035 793 1229 856 haut
1276 798 1589 868 metuat,
1639 792 1841 856 dulces
1881 799 1988 854 aut
2025 791 2364 874 experietur
2403 810 2637 852 amaa-oe

270 897 615 984 (Wagner),
679 897 854 982 quod
916 918 1111 982 quam
1176 898 1433 963 fatuum
1486 899 1605 975 sit,
1669 900 1815 983 quis
1863 919 1990 962 non
2037 894 2274 963 sentit?
2339 897 2424 960 Et
2468 918 2524 980 q.
2575 917 2633 956 a.

268 1004 439 1066 haut
480 1010 694 1066 metuet
740 1003 799 1066 d.
820 1051 837 1080 ,
889 1003 1081 1066 haut
1129 1025 1179 1066 e.
1228 1027 1285 1068 a.
1352 1000 1634 1083 (Graser.
1698 1003 2025 1089 Forbiger.
2089 1001 2245 1082 alii),
2305 1001 2632 1088 perobscu-

269 1131 416 1173 rum.
462 1108 751 1194 Denique
797 1107 1121 1174 Ribbeck:
1172 1111 1257 1173 Bt
1304 1133 1359 1194 q.
1402 1134 1462 1174 a.
1508 1111 1702 1172 haut
1749 1117 2038 1174 temnet
2085 1111 2168 1186 d„
2217 1110 2413 1172 haut
2459 1132 2508 1172 e.
2554 1131 2636 1185 a.‚

270 1215 419 1300 quod
478 1217 535 1279 si
598 1220 751 1279 tunc
816 1218 1122 1301 temporis
1168 1237 1396 1280 verum
1445 1216 1673 1281 fuisset
1691 1265 1707 1294 ,
1755 1219 2108 1294 tacuissent
2153 1212 2451 1282 Catullus
2469 1264 2485 1292 ,
2537 1213 2640 1280 Ti-

268 1319 463 1386 bullus
482 1370 498 1399 ,
548 1321 921 1406 Propertius
970 1327 1036 1387 et
1082 1321 1437 1409 lyricorum
1485 1324 1629 1407 quis
1675 1343 1821 1387 non.
1863 1377 1866 1382 .

345 1426 506 1507 Quid
551 1425 793 1492 restat?
846 1427 932 1493 Ut
978 1449 1358 1513 quaeramus
1406 1429 1920 1494 emendationem
1938 1479 1954 1506 ,
2007 1449 2132 1514 qua
2177 1449 2304 1494 non
2347 1428 2639 1514 infringi-

268 1541 361 1598 tur
400 1540 628 1599 natura
670 1537 1069 1620 pronominis
1108 1541 1173 1601 et
1212 1535 1382 1601 unde
1420 1535 1734 1600 redundat
1775 1538 2087 1602 sententia
2127 1556 2276 1600 cum
2316 1555 2640 1622 praegres—

268 1642 343 1704 sis
398 1646 543 1726 apte
604 1644 941 1706 coniuncta
1002 1651 1067 1706 et
1132 1663 1169 1706 a
1224 1641 1436 1728 lepida
1481 1644 1782 1708 carminis
1831 1645 2189 1708 rusticitate
2234 1663 2362 1707 non
2409 1640 2637 1706 aliena.

268 1743 471 1813 Talem
508 1731 829 1814 invenisse
867 1748 1032 1812 mihi
1071 1748 1307 1826 videor,
1348 1751 1624 1834 positam
1659 1752 1728 1814 in
1764 1752 1957 1814 unius
1981 1748 2234 1814 litterae
2260 1750 2636 1814 mutatione.

268 1851 617 1918 Scribamus
680 1856 766 1918 Et
836 1855 1029 1918 vitula
1102 1862 1167 1919 tu
1228 1855 1447 1936 dianus
1510 1863 1567 1918 et
1629 1855 1730 1919 hic
1747 1905 1763 1933 ‚
1827 1864 1884 1918 et
1945 1855 2215 1940 quisquis
2260 1877 2486 1918 amores
2533 1860 2641 1915 aut

276 1967 471 2024 metm
518 1961 723 2024 dulcet
767 1968 873 2024 auc
936 1961 1421 2043 expedietur
1474 1985 1728 2044 amaros.
1789 1959 1964 2027 Dicit
2009 1965 2216 2048 igitur
2258 1961 2636 2026 Palaemon:

272 2070 565 2152 „uterque
589 2072 882 2146 vestrum
920 2066 1156 2154 dignus
1193 2073 1291 2132 est
1328 2070 1614 2154 praemio
1653 2068 1878 2147 (vitula
1913 2070 2209 2134 universe
2231 2099 2308 2124 =
2333 2068 2637 2153 praemiO,

270 2191 405 2236 uam
448 2177 773 2238 certarunt
810 2175 1006 2238 etiam
1046 2172 1123 2237 de
1158 2173 1401 2255 poculi-s
1438 2194 1503 2238 v.
1550 2171 1665 2253 36)
1706 2180 1772 2239 et
1811 2193 2034 2238 omnes
2071 2193 2177 2240 me
2215 2171 2426 2238 iudice
2465 2190 2642 2257 prae-

268 2283 451 2356 terea,
501 2280 615 2363 qui
653 2277 869 2344 dulces
914 2298 1161 2345 amores
1206 2285 1321 2344 aut
1366 2285 1662 2345 metuent
1705 2279 2133 2364 vitabuntque
2152 2327 2169 2357 ,
2217 2285 2331 2344 aut
2377 2280 2434 2342 si
2479 2276 2640 2342 forte

268 2381 565 2468 implicati
633 2405 857 2449 eorum
922 2383 1418 2449 amaritudinem
1488 2388 1914 2470 experientur,
1988 2387 2367 2470 quantocius
2427 2385 2508 2448 iis
2558 2403 2587 2446 s
2604 2403 2639 2447 e

270 2489 781 2575 expedient”

348 2595 579 2681 Lepide
636 2617 787 2662 sane
850 2598 1023 2678 παρὰ
1087 2596 1446 2678 προσδοκίαν
1508 2599 1628 2663 hoc
1674 2597 1852 2663 addit
1897 2597 2246 2665 Palaemon
2263 2646 2280 2675 ,
2331 2595 2638 2664 adludens

270 2701 339 2765 ad
394 2693 643 2788 asperas
702 2706 875 2768 rixas
922 2710 987 2769 et
1030 2702 1284 2768 infinita
1328 2703 1545 2790 litigia
1589 2725 1740 2769 eum
1786 2705 2022 2770 horum
2067 2711 2401 2790 pastorum
2419 2753 2436 2783 ,
2491 2709 2636 2767 tum

270 2807 645 2893 reliquorum
692 2812 985 2874 omnium
1003 2859 1019 2886 ,
1069 2831 1230 2895 quae
1277 2829 1636 2895 numquam
1681 2832 1807 2876 non
1851 2811 2301 2876 derivabantur
2341 2833 2420 2878 ex
2462 2834 2640 2880 amo-

268 2913 429 2978 ribus
474 2913 767 2980 dulcibus
816 2916 927 2981 sed
974 2915 1399 2982 amaritudine
1446 2923 1512 2981 et
1554 2915 1802 2982 invidia
1847 2916 2051 3002 plenis
2101 2919 2204 2997 (cf.
2257 2940 2321 2983 v.
2375 2917 2458 2984 76
2503 2940 2637 3005 sqq.

271 3025 327 3083 et
371 3019 493 3086 107
540 3021 617 3088 de
656 3020 963 3102 PhiJJida)
984 3071 998 3096 ‚
1048 3022 1217 3087 unde
1256 3021 1509 3087 Damon
1545 3025 1614 3086 in
1654 3021 1898 3109 Ecloga
1937 3023 2092 3088 8.42
2133 3047 2290 3088 nunc
2327 3025 2448 3088 seio
2490 3025 2642 3110 quid

270 3124 342 3186 eit
384 3129 592 3190 Amr:
641 3128 812 3190 duris
860 3129 929 3191 iu
973 3129 1197 3192 cotibus
1241 3128 1417 3191 ilbum
1444 3177 1457 3192 .
1490 3178 1502 3192 .
1536 3178 1549 3192 .
1596 3151 1702 3192 nec
1736 3130 1976 3210 ,qeneris
2017 3131 2207 3194 nostri
2236 3153 2494 3213 puerum
2533 3155 2638 3196 nec

273 3232 566 3311 coquinis
614 3234 817 3296 edum.

353 3335 527 3402 Dixit
584 3344 805 3403 autem
869 3339 1217 3422 expedietur
1277 3348 1353 3405 ut
1414 3343 1483 3405 in
1537 3341 1695 3406 Aen.
1747 3341 1809 3405 2.
1861 3339 1991 3406 633
2023 3343 2329 3425 flammam
2377 3344 2538 3408 inter
2585 3351 2642 3408 et

277 3442 449 3508 honus
492 3445 809 3527 expedier,
858 3451 924 3510 et
968 3445 1276 3512 Horatius
1323 3447 1440 3532 Ep.
1498 3446 1601 3511 11.
1652 3445 1739 3511 25
1797 3451 1976 3512 Amor
2023 3449 2262 3534 Lycisci
2308 3472 2396 3514 me
2442 3457 2636 3527 tenet,

276 3550 417 3613 unde
455 3551 737 3633 expedire
780 3573 899 3615 non
944 3553 1263 3616 amicorum
1307 3561 1525 3638 queam
1574 3555 1767 3618 hibera
1807 3555 2064 3618 consilia
2101 3578 2207 3618 nec
2247 3556 2634 3620 coneumbiae

275 3675 483 3732 graves.
1392 3667 1401 3676 '

936 3805 1255 3898 Ecloga
1300 3807 1440 3876 Vn.
1488 3832 1600 3876 vs.
1657 3809 1942 3878 18—20.

360 3955 568 4026 Refert
626 3959 985 4028 Meliboeus
1046 3969 1365 4028 certamen
1427 3963 1763 4038 ἀμοιβαῒον
1825 3965 1976 4028 iniri
2024 3983 2061 4028 a
2107 3961 2442 4052 Corydona
2491 3989 2640 4033 cum

284 4060 575 4151 Thyrside
616 4066 720 4132 his
765 4068 1007 4133 verbis:

534 4173 805 4238 Alternis
846 4174 1038 4255 ἐρίων
1082 4175 1430 4238 contendere
1473 4175 1737 4238 vereibm
1783 4177 1948 4240 ambo

542 4279 834 4361 Coepere;
884 4280 1249 4344 alternos
1296 4281 1573 4344 Musae
1619 4281 2067 4346 meminisse
2111 4283 2502 4350 volebant.

536 4383 665 4449 Ηοε
714 4387 1011 4470 Corydon,
1054 4386 1197 4450 illos
1234 4388 1536 4472 referebat
1576 4387 1646 4450 in
1685 4386 1895 4451 ordene
1939 4387 2202 4473 Thyrsis.
