3192 5009
1317 352 1662 401 6661111161.
2539 337 2663 403 131

545 578 684 643 XV.
750 582 849 645 An
895 599 1132 648 muns
1179 599 1452 649 66116661
1498 601 1900 650 6666166611
1945 603 2153 650 noran
2199 604 2410 651 mum.

1495 736 1583 784 Les
1615 736 1778 785 aeolice
1814 736 2079 785 Gemoius
2111 738 2170 787 de
2202 735 2423 797 I’Ilae'ade,
2461 737 2670 803 publices

1425 832 1514 883 par
1546 817 1594 867 J.
1631 818 1839 868 Nrcou.
1877 819 2003 869 1891
2039 819 2159 884 (ΙΙ).

390 943 483 1008 Elx
517 942 736 1010 Iliadis
776 946 985 1011 codice
1025 942 1405 1022 Genevensi,
1433 949 1545 1031 qui
1568 967 1682 1028 per
1705 947 1957 1013 saecula
1981 947 2311 1033 complura
2335 948 2666 1037 6631661116

290 1052 606 1128 iacuerat,
652 1072 852 1137 nuper
896 1072 1153 1116 summa
1198 1072 1349 1117 cura
1396 1058 1460 1118 et
1500 1050 1832 1139 (1111366116
1873 1052 2110 1118 scholia
2144 1056 2429 1139 primum
2473 1055 2670 1122 edidit

290 1178 356 1221 v.
399 1157 459 1222 d.
529 1157 751 1223 Nicole
768 1206 783 1235 ‚
856 1157 1100 1223 adiecta
1168 1161 1367 1242 ipsius
1439 1165 1657 1224 textus
1729 1158 2064 1225 collatione
2085 1209 2102 1238 ,
2173 1161 2340 1226 unde
2411 1168 2671 1248 apparet

292 1266 564 1330 minime
610 1264 1148 1331 contemnendum
1190 1286 1323 1330 esse
1367 1265 1488 1330 hoc
1537 1264 1907 1352 exemplum
1926 1315 1944 1344 ,
2004 1265 2156 1332 licet
2201 1270 2355 1332 satis
2400 1271 2672 1333 recentis

292 1371 380 1434 sit
425 1374 650 1434 aetatis
694 1371 970 1450 (saeculo
1028 1369 1189 1435 XIII
1247 1370 1661 1456 probabiliter
1720 1373 2070 1453 tribuitur).
2137 1372 2492 1439 Heni-icum
2537 1374 2672 1440 Ste-

289 1476 578 1562 phanum
639 1475 797 1542 olim
856 1480 927 1542 in
984 1476 1205 1543 Iliadis
1266 1480 1626 1544 recensione
1681 1478 2105 1544 concinnanda
2167 1501 2240 1545 eo
2287 1501 2482 1545 usum
2531 1501 2665 1546 esse

290 1581 581 1648 Nicolius
638 1582 958 1648 intellexit
1024 1590 1090 1649 et
1157 1583 1295 1649 fuse
1358 1583 1854 1663 demonstravit,
1920 1585 2028 1651 sed
2075 1593 2218 1670 post
2264 1585 2665 1672 Stephanum

291 1688 375 1753 ad
442 1695 729 1754 nostrum
790 1710 993 1775 usque
1053 1696 1309 1776 tempus
1379 1689 1636 1756 delituit
1701 1694 1770 1755 in
1841 1690 2222 1757 bibliotheca
2269 1690 2629 1759 Genevensi
2650 1743 2666 1772 ,

290 1795 462 1861 unde
529 1818 697 1862 nunc
760 1796 966 1862 denuo
1013 1795 1074 1861 N
1074 1796 1250 1861 icolii
1294 1794 1580 1863 sollertia
1621 1799 1690 1861 in
1736 1818 2144 1863 communem
2190 1798 2667 1886 philologorum

292 1921 489 1967 usum
534 1905 865 1988 protraxit.

385 2007 475 2073 Ut
520 2009 625 2091 fit,
677 2008 958 2094 plurima
1004 2011 1329 2075 continent
1374 2011 1527 2075 haec
1574 2009 1843 2088 scholia,
1884 2030 2043 2095 quae
2085 2016 2198 2075 aut
2237 2010 2478 2077 nullius
2519 2026 2669 2078 611111

294 2117 485 2202 pretii
546 2121 659 2180 aut
722 2114 966 2180 dudum
1025 2118 1434 2181 innotuerant
1480 2114 1586 2181 vel
1635 2118 1831 2181 etiam
1879 2119 2112 2181 rectius
2161 2116 2316 2182 alibi
2362 2116 2669 2205 leguntur

296 2221 549 2286 tradita.
622 2220 817 2286 Haud
874 2242 1077 2306 pauca
1136 2228 1353 2287 tamen
1413 2225 1634 2287 insunt
1697 2243 1857 2307 quae
1921 2244 2070 2287 cum
2115 2244 2283 2288 nova
2328 2230 2477 2288 sunt
2525 2232 2666 2290 tum

291 2348 445 2394 vera
502 2334 567 2393 et
628 2327 816 2392 utilia
834 2376 849 2405 ,
911 2349 1111 2413 neque
1170 2325 1443 2392 Homeri
1504 2327 1808 2393 studiosis
1853 2328 2009 2394 haec
2055 2330 2292 2395 scholia
2339 2331 2666 2418 negligere

290 2437 555 2520 impune
602 2434 839 2499 licebit.
886 2433 960 2498 In
1006 2438 1087 2499 iis
1135 2441 1386 2512 autem,
1437 2456 1599 2520 quae
1640 2434 2010 2521 rhapsodias
2052 2445 2102 2499 Φ
2141 2443 2292 2501 sunt
2329 2438 2663 2524 adscripta,

292 2544 530 2629 passim
595 2540 942 2606 offeruntur
987 2545 1179 2606 testes
1199 2589 1215 2617 ,
1264 2544 1630 2606 testimonia
1648 2591 1664 2620 ,
1716 2542 2074 2628 fragmenta
2119 2549 2412 2608 veterum
2457 2551 2667 2629 poeta—

290 2670 441 2713 rum
458 2698 474 2726 ,
523 2634 799 2733 quorum
844 2644 998 2711 alibi
1040 2667 1153 2711 nec
1199 2644 1345 2711 vola
1391 2655 1487 2712 est
1531 2660 1648 2713 ne'c
1693 2651 2081 2734 vestigium3
2145 2670 2348 2735 neque
2393 2650 2665 2716 dubium

290 2761 389 2820 est
434 2755 587 2839 quin
633 2752 927 2818 desumta
969 2753 1122 2817 haec
1170 2753 1297 2816 sint
1343 2774 1420 2819 ex
1460 2753 2011 2819 Aristarcheorum
2052 2759 2525 2821 commentariis
2542 2806 2558 2834 ‚
2600 2762 2665 2821 et

288 2862 514 2947 quanti
556 2860 841 2924 thesauri
888 2860 1122 2923 veteris
1170 2857 1545 2923 eruditionis
1580 2861 1939 2925 interierint
1982 2881 2059 2924 ex
2097 2863 2256 2926 raris
2293 2862 2465 2927 hisce
2504 2883 2663 2949 quae

290 2987 441 3032 casu
500 2970 777 3031 aetatem
836 2962 1124 3029 tulerunt
1188 2964 1497 3050 exemplis
1560 2965 1722 3031 effici
1770 2970 1998 3051 potest.
2047 2966 2222 3031 Haec
2269 2970 2474 3054 igitur
2519 2990 2662 3055 pars

291 3073 499 3157 operis
530 3072 713 3157 'prae
775 3073 999 3136 ceteris
1060 3070 1255 3157 digna
1316 3076 1413 3136 661
1474 3092 1634 3157 quae
1699 3074 1894 3137 etiam
1940 3078 2128 3157 atque
2176 3076 2375 3138 6116111
2422 3095 2459 3138 6
2506 3078 2663 3139 viris

290 3177 489 3244 doctis
524 3174 955 3262 pervolvatur.
1006 3174 1225 3241 Unum
1260 3176 1475 3241 locum
1510 3177 1657 3242 inde
1681 3198 2048 3263 expromere
2073 3201 2240 3245 nunc
2264 3180 2429 3244 mihi
2450 3179 2658 3246 116661.

379 3282 829 3348 Vetustissima
864 3282 1079 3347 Iliadis
1118 3282 1409 3368 exempla
1449 3304 1526 3347 ex
1565 3282 1797 3348 insulis
1839 3281 1998 3349 Chio
2024 3292 2088 3349 et
2112 3282 2328 3372 Cypro
2372 3286 2658 3364 oriunda,

289 3390 368 3455 de
432 3390 659 3474 quibus
720 3390 877 3453 certi
938 3390 1084 3451 sciri
1143 3387 1332 3453 hodie
1378 3388 1544 3454 nihil
1591 3394 1836 3474 potest,
1882 3411 2032 3454 cum
2077 3390 2231 3455 alibi
2281 3412 2661 3459 commemo-

286 3502 508 3561 rantur
567 3497 634 3559 in
692 3493 947 3559 scholiis
1008 3491 1369 3559 Homericis
1430 3496 1629 3575 (locos
1693 3495 1954 3583 66116311
2017 3496 2322 3563 Ludwich
2384 3501 2579 3563 Arist.
2628 3497 2661 3564 I

287 3624 349 3688 p.
394 3601 481 3683 4),
532 3607 674 3665 tum
719 3604 788 3665 in
832 3598 1089 3664 scholiis
1135 3598 1611 3668 Genevensibus
1651 3622 1874 3666 eorum
1912 3606 2153 3667 mentio
2193 3604 2267 3667 fit
2306 3604 2384 3668 ad
2426 3613 2476 3668 Φ
2505 3606 2656 3669 492.

284 3708 491 3773 Locus
535 3713 633 3772 est
678 3708 1083 3785 notissimus;
1134 3706 1410 3773 Diana-m
1426 3758 1443 3786 ,
1492 3729 1687 3793 quam
1733 3708 2016 3793 puellam
2061 3709 2330 3774 vixdum
2373 3712 2659 3777 adultam

285 3814 541 3880 finxisse
602 3814 725 3879 sibi
784 3812 1039 3877 videtur
1087 3822 1307 3880 cantor
1352 3818 1457 3881 cui
1501 3814 1816 3880 ludicram
1863 3815 2047 3881 illam
2094 3816 2354 3879 Deorum
2390 3840 2661 3900 puqnam

284 3921 590 3987 debemus
608 3968 623 3997 ‚
688 3920 927 3985 acerbis
988 3923 1183 3985 minis
1248 3924 1531 4006 increpat
1593 3919 1753 3985 Iuno
1775 3970 1792 3999 ,
1858 3941 2073 3986 arcum
2125 3925 2184 3987 ei
2231 3925 2421 4008 eripit
2438 3971 2455 4000 ‚
2506 3927 2658 4009 quin

285 4025 626 4113 colaphum
671 4028 915 4113 virgini
955 4027 1285 4114 infringit:

1006 4132 1186 4199 ἔθεινε
1234 4135 1381 4212 παρ’
1431 4132 1630 4197 οὔατα
1678 4132 2037 4208 μειδιάσω-αι

558 4236 1157 4317 ἐντροπαλιζομένην.

280 4346 381 4413 Ad
438 4348 610 4412 hunc
667 4343 885 4410 locum
945 4342 1335 4411 Genevensis
1399 4346 1660 4432 praebet
1712 4344 1997 4412 scholion
2048 4344 2362 4434 flagitiose
2409 4368 2658 4435 corrup-

283 4459 461 4517 tum:
530 4446 1101 4534 ἐντροπαλιζομένη]
1160 4451 1412 4528 βέλτιον
1478 4451 1892 4534 ἐντροπαλίζοι
1963 4452 2092 4526 ἔνην
2157 4451 2224 4529 ἐξ
2273 4453 2654 4534 ὑποστροφῆς
