3192 5009
462 929 603 1017 DE
658 929 931 1018 NOVO
988 931 1628 1022 FRAGMENTO
1691 933 2415 1027 HYPERIDEOOE)

1322 1139 1569 1180 sempsl'r

958 1269 1058 1355 Ἠ.
1108 1290 1281 1356 vAN
1323 1290 1899 1358 HERWERDEN.

1198 1580 1203 1584 '
1266 1595 1634 1640 *mazam--

1294 1851 1529 1904 Classical
1544 1857 1981 1921 teaetsrompapyri
1999 1857 2048 1910 in
2067 1858 2150 1906 the
2167 1858 2364 1907 Britisk
2385 1859 2595 1908 Murcum
2610 1895 2624 1916 ‚

1342 1937 1587 2002 ἐπι-Μίνῳ
1608 1939 1686 1987 the
1701 1942 1847 2003 newly
1865 1939 2295 2004 discover-adponens
2310 1941 2599 2004 osHmdae
2609 1978 2624 2000 ,

1345 2020 1509 2069 editod
1551 2021 1608 2085 by
1655 2023 1710 2070 F.
1752 2023 1808 2071 G.
1853 2023 2078 2086 Kenyon,
2126 2023 2194 2072 Μ.
2235 2024 2294 2072 Α.
2330 2027 2442 2074 cett.
2489 2022 2622 2071 With

1347 2103 1586 2166 Autotype
1622 2104 1896 2164 sacsimilee
1939 2106 2009 2169 of
2051 2105 2191 2156 MSS.
2239 2105 2428 2154 London
2477 2103 2624 2153 1891.

1344 2187 1405 2233 In
1438 2186 1473 2234 I
1479 2185 1517 2232 V
1522 2189 1585 2234 to.

336 2352 408 2418 In
472 2374 661 2440 opere
714 2356 985 2419 maximi
1031 2357 1255 2439 pretii,
1307 2353 1476 2441 quod
1525 2357 1593 2418 in
1639 2355 1831 2419 huius
1879 2355 2371 2441 scriptiunculae
2419 2357 2626 2422 fronte

256 2460 559 2538 indicavi,
625 2481 771 2547 pag.
821 2458 1087 2524 42—55
1146 2463 1247 2525 vir
1309 2460 1387 2525 de
1445 2459 1678 2526 litteris
1743 2459 2002 2527 Graecis
2064 2464 2308 2546 optime
2354 2465 2625 2528 meritus

252 2565 515 2654 Kenyon
556 2569 802 2654 primus
850 2589 883 2632 e
931 2587 1176 2653 papyro
1197 2616 1211 2642 ,
1264 2588 1456 2653 quem
1505 2567 1716 2633 seculo
1767 2567 1952 2634 alteri
1998 2589 2053 2633 a.
2106 2565 2255 2634 Chr.
2305 2571 2588 2655 assignat
2608 2619 2624 2647 ,

253 2673 442 2738 edidit
486 2681 735 2759 partem
781 2675 1195 2758 posteriorem
1248 2676 1551 2738 orationis
1572 2724 1587 2751 ,
1639 2695 1831 2760 quam
1879 2673 2228 2759 Hyperidis
2276 2696 2409 2740 esse
2455 2676 2622 2741 habi-

252 2785 345 2842 tae
364 2827 379 2855 ,
443 2783 713 2865 scriptae
776 2779 1007 2844 saltem
1026 2829 1041 2856 ‚
1101 2784 1316 2844 contra
1378 2779 1813 2865 Philippidem
1875 2781 2236 2845 auctoribus
2302 2782 2624 2847 Athenaeo

255 2884 373 2949 XII
416 2909 475 2972 p.
530 2885 743 2951 552D
792 2891 855 2950 et
902 2885 1164 2951 Aeliano
1215 2884 1289 2950 V.
1317 2885 1400 2948 H.
1453 2886 1514 2949 X
1554 2885 1615 2964 6,
1666 2891 1810 2971 apte
1853 2889 2138 2952 coniecit.
2188 2925 2271 2935 --
2313 2886 2625 2967 Quoniam

252 3012 393 3057 vero
441 2994 755 3057 eximium
800 3013 957 3078 opus
1008 2991 1086 3056 ob
1133 3012 1447 3078 magnum
1494 2994 1631 3057 eius
1679 2996 1962 3076 pretium
1999 2995 2067 3056 in
2105 3013 2458 3077 paucorum
2495 3015 2626 3058 ma—

252 3099 429 3164 nibus
474 3102 777 3186 suspicor,
813 3105 1079 3185 gratum
1116 3119 1221 3163 me
1259 3098 1580 3163 facturum
1619 3120 1799 3183 spero
1842 3091 2034 3172 huius
2070 3098 2220 3164 libri
2261 3097 2622 3176 lectoribus,

253 3208 303 3268 si
360 3204 519 3270 illud
580 3204 1017 3292 fragmentum
1035 3254 1051 3281 ,
1119 3225 1371 3269 summa
1435 3204 1772 3290 diligentia
1833 3211 2129 3269 curatum
2193 3227 2231 3269 a
2277 3205 2586 3292 Kenyone
2606 3255 2622 3283 ,

253 3310 352 3375 hic
418 3312 621 3377 denuo
694 3331 1007 3397 apponam
1026 3359 1041 3388 ,
1115 3309 1266 3376 licet
1336 3313 1574 3376 carenti
1645 3313 2021 3395 praesertim
2092 3331 2336 3397 papyro
2407 3313 2627 3376 eiusve

254 3419 523 3504 imagine
565 3419 967 3503 paucissimis
1009 3423 1263 3480 tantum
1304 3415 1458 3480 locis
1492 3423 1744 3480 textum
1786 3419 2099 3504 corrigere
2137 3415 2301 3481 mihi
2339 3415 2623 3495 licuerit,

255 3525 491 3588 reiectis
557 3523 636 3588 ad
697 3525 1170 3588 annotationem
1231 3525 1611 3588 coniecturis
1676 3543 1834 3608 quae
1896 3544 2023 3587 non
2083 3525 2176 3586 ita
2222 3529 2425 3587 certae
2475 3528 2627 3587 sunt

256 3635 326 3693 ut
383 3630 557 3695 nulla
619 3636 815 3695 restet
878 3629 1194 3694 dubitatio
1213 3679 1229 3706 ‚
1296 3636 1357 3693 et
1418 3631 1672 3694 omissis
1721 3649 1880 3715 quae
1929 3629 2122 3694 verba
2166 3630 2360 3693 nimis
2409 3629 2625 3694 hiulca

260 3755 439 3820 quam
501 3741 577 3800 ut
637 3734 933 3823 intellegi
996 3738 1239 3822 possint
1302 3756 1379 3799 ex
1429 3739 1731 3800 orationis
1781 3742 1958 3820 parte
2007 3738 2213 3820 priore
2263 3742 2625 3820 supersunt.

259 3839 427 3919 Quod
470 3848 616 3908 ante
666 3863 858 3926 quam
906 3843 1167 3919 faciam,
1218 3863 1251 3905 e
1292 3839 1622 3928 Kenyonis
1665 3841 2048 3926 praefatione
2089 3863 2425 3928 excerpam
2465 3863 2626 3928 quae

258 3945 497 4012 lectoris
544 3949 703 4011 scire
750 3947 1105 4032 plurimum
1150 3949 1433 4026 interest.

343 4051 627 4141 Papyrus
698 4058 795 4134 (n0
838 4051 1197 4135 CXXXIV)
1273 4054 1348 4118 ab
1414 4061 1685 4139 utraque
1746 4061 1926 4140 parte
1991 4060 2320 4119 truncatus
2375 4061 2626 4141 praeter

262 4157 613 4244 Hyperidea
682 4163 962 4226 continet
1026 4162 1285 4224 tertiam
1347 4160 1685 4247 epistolam
1763 4160 2587 4246 pseudo—Demosthenicum
2607 4211 2623 4241 ,

264 4283 337 4327 ex
374 4287 491 4350 qna
525 4265 825 4332 lectiones
866 4267 1288 4353 discrepantes
1328 4289 1475 4354 pag.
1527 4266 1794 4333 56-62
1837 4267 2095 4355 collegit
2142 4267 2360 4334 editor.
2417 4266 2629 4354 Caput

268 4374 553 4438 orationis
612 4373 795 4461 plane
859 4373 1069 4452 deest,
1136 4373 1244 4439 sed
1304 4381 1553 4459 praeter
1601 4395 1802 4462 pauca
1847 4373 1958 4439 illa
2006 4397 2166 4462 quae
2214 4375 2350 4440 dixi
2396 4377 2622 4456 verba,
