3192 5009
543 345 674 412 406
1596 367 1842 417 ismus.

563 593 570 600 .
634 530 738 609 IV,
790 529 830 594 4
894 531 996 595 καὶ
1059 533 1110 597 εἲ
1173 534 1286 608 μὲν
1333 534 1402 598 τὸ
1448 533 1641 610 ὄνομα
1688 522 1988 613 πατρόθεν
2034 533 2104 598 τὸ
2155 533 2306 598 αὑτὸ
2356 530 2714 608 ὡμολόγουν
2758 525 2905 594 εἶναι

541 640 646 702 τοῦ
709 638 1124 717 Nenos-peiren,
1189 641 1322 718 περὶ
1386 640 1448 706 δὲ
1513 645 1620 706 τοῦ
1680 639 1901 718 κλήρου
1962 638 2144 717 μόνου
2193 637 2569 716 διεφέροντο,
2620 635 2783 702 οῦδὲν
2831 635 2905 701 ἂν

541 743 657 807 ἔδει
725 743 886 819 ὑμᾶς
949 747 1261 824 σκέψασθε
1323 749 1472 812 ἀλλ’
1523 749 1554 824 ἢ
1608 749 1657 812 εἰ
1706 745 1929 812 διέθετο
1980 746 2197 816 ἐκεῖνος
2248 744 2305 828 [ὃ
2355 741 2800 826 Nudum-od,
2846 739 2911 806 ὃν

538 849 878 932 ἀμφότεροι
941 853 1311 930 ὡμολόγουν.
1377 853 1627 920 Nomen
1687 855 1713 918 ὅ
1778 850 2156 930 Nande-paroc
2220 849 2683 938 interpolatum
2734 869 2907 926 „esse

537 963 725 1042 putes
776 963 840 1022 et
886 979 1010 1024 non
1055 957 1274 1024 fallare
1313 959 1661 1044 putando.”
1712 958 1885 1039 Quae
1924 963 2279 1044 sequuntur
2316 960 2429 1023 vix
2466 962 2739 1042 possunt
2760 975 2911 1020 sana

538 1085 671 1129 esse
690 1113 706 1140 ,
754 1065 862 1130 sed
908 1065 1062 1150 quid
1108 1067 1575 1132 restituendum
1624 1071 1790 1132 esset
1837 1065 2131 1150 equidem
2178 1066 2485 1130 coniicere
2540 1083 2669 1128 non
2706 1065 2909 1148 potui.

628 1169 734 1252 IV,
779 1170 822 1235 8
891 1170 1022 1235 οὐδὲ
1091 1179 1294 1252 τριετῆ
1364 1173 1695 1249 γεγονότα.
1765 1171 1973 1237 Miror
2042 1171 2313 1237 editores
2374 1191 2453 1236 ne
2514 1173 2913 1236 mentionem

539 1278 797 1363 quidem
860 1277 1079 1343 fecisse
1145 1282 1439 1365 egregiae
1500 1279 1955 1345 emendationis
2022 1277 2153 1342 οὐδὲ
2201 1277 2317 1357 τρί’
2362 1275 2469 1348 ἔτη
2490 1325 2507 1354 ,
2557 1296 2754 1362 quam
2796 1271 2915 1342 Co-

536 1387 722 1450 betus
766 1387 1094 1470 proposuit
1135 1385 1214 1450 ad
1258 1385 1571 1472 Hyperid.
1622 1409 1683 1472 p.
1735 1383 1817 1450 91
1869 1391 2028 1450 extr.
2346 1465 2351 1468 Ι

627 1489 735 1568 IV,
790 1489 870 1554 13
932 1497 1036 1555 τοῦ
1099 1490 1162 1555 δὲ
1223 1488 1669 1569 συμβαίνοντός
1718 1491 1850 1555 ε’στι
1906 1490 2009 1554 καὶ
2058 1497 2496 1568 γραμματεῖον
2540 1490 2915 1565 α’λλαγῆναι

538 1597 642 1661 καὶ
690 1597 992 1660 τάναντία
1039 1604 1175 1668 ταῖς
1227 1603 1333 1662 τοῦ
1381 1599 1695 1668 τεθνεῶτος
1746 1597 2060 1670 διαθήκαις
2110 1601 2625 1676 μεταγραΦῆναι.
2690 1593 2921 1661 Schoe-

535 1723 810 1769 mannus
871 1705 1238 1768 annotavit:
1303 1709 1408 1768 τοῦ
1475 1703 1538 1767 δὲ
1601 1703 2049 1780 συμβαίνοντός
2116 1705 2244 1768 ἐστι
2294 1703 2359 1767 h.
2388 1723 2443 1768 e.
2494 1703 2800 1771 πολλάκις
2850 1701 2918 1766 δὲ

537 1809 892 1886 συμβαίνει.
964 1808 1190 1874 Rarior
1255 1808 1529 1886 locutio,
1600 1812 1783 1874 cuius
1845 1809 2019 1874 aliud
2082 1808 2453 1894 exemplum
2516 1829 2645 1874 non
2706 1810 2804 1872 est
2848 1809 2922 1872 in

537 1918 908 2004 promptu.''
985 1913 1183 1984 Crede
1255 1918 1420 1982 mihi
1439 1965 1454 1995 ‚
1519 1938 1723 2002 neque
1788 1919 1929 1982 erit.
2002 1916 2323 1982 Audacius
2386 1916 2782 2000 scripserim:
2850 1915 2922 1978 ἐκ

537 2026 752 2090 τούτου
801 2024 864 2088 δὲ
915 2023 1248 2100 συμβαίνει
1298 2023 1461 2088 ἔστιν
1512 2019 1617 2088 ὅτε
1664 2023 1793 2088 κτέ.

627 2128 734 2207 IV,
792 2128 873 2195 18
935 2135 1035 2193 νῦν
1100 2131 1162 2194 δὲ
1223 2129 1364 2194 οὔτε
1428 2130 1747 2200 συσσίτους
1812 2129 1949 2196 οὔτε
2011 2129 2232 2208 Φίλους
2296 2129 2421 2195 οὔτ’
2485 2129 2544 2192 ἐν
2609 2127 2786 2206 τάξει
2836 2137 2919 2208 τῇ

541 2238 701 2314 αὐτῇ
757 2284 949 2300 .....
1002 2238 1229 2300 τούτων
1271 2237 1322 2301 δ’
1363 2237 1507 2311 ὑμῖν
1539 2237 1859 2314 μάρτυρας
1900 2236 2195 2302 ἁπάντων
2235 2235 2713 2314 παρεσχήμεθα.
2762 2233 2925 2298 Post

541 2344 700 2422 αὐτῇ
765 2341 1135 2408 exciderunt
1179 2343 1502 2408 nonnulla.
1551 2343 1851 2408 Reiskius
1899 2347 2112 2408 sensui
2158 2348 2415 2409 tantum
2462 2340 2651 2407 modo
2698 2361 2925 2406 consu-

537 2449 675 2513 lens
737 2451 1068 2532 proposuit
1121 2447 1251 2512 οὔτ’
1300 2449 1360 2511 ἐν
1405 2447 1581 2525 τάξει
1629 2457 1709 2529 τῇ
1758 2450 1919 2529 αὐτῇ
1965 2448 2155 2519 οὐδεὶς
2203 2444 2322 2512 οἶδε
2372 2448 2617 2516 τούτους
2670 2445 2921 2510 πώποτε

538 2557 622 2632 τῷ
689 2554 1044 2630 Νικοςροέτῳ
1107 2553 1449 2631 γεγονότας
1472 2604 1488 2631 ,
1554 2556 1721 2640 quod
1781 2561 1878 2620 est
1925 2576 2074 2621 vere
2120 2554 2359 2620 ludere.
2408 2553 2727 2639 Equidem
2774 2573 2925 2637 sup-

537 2660 882 2746 pleverim:
933 2660 1062 2724 οὔτ’
1109 2661 1168 2723 ἐν
1215 2659 1389 2737 τάξει
1439 2669 1514 2739 τῇ
1566 2663 1728 2742 αὐτῇ
1778 2659 2076 2735 (τούτους
2127 2663 2273 2736 ἡμῖν
2321 2660 2669 2736 ποιούμενος
2722 2657 2925 2722 ἐπιδέ-

540 2767 824 2838 δεικται)
875 2767 1102 2830 τούτων
1152 2765 1202 2829 δ’
1255 2767 1396 2842 ὑμῖν
1447 2767 1579 2832 κτὲ.

628 2871 704 2949 V,
757 2871 796 2936 5
845 2873 896 2936 εἰ
939 2875 1054 2946 μὲν
1090 2873 1304 2949 τοίνυν,
1344 2868 1387 2934 ὦ
1428 2869 1669 2951 ἄνδρες,
1700 2872 1833 2950 περ)
1861 2873 2089 2938 τούτων
2114 2870 2375 2949 ἔμελλον
2399 2871 2921 2949 ἀπολογήσασθαι

538 2977 715 3056 μόνον
760 2977 1130 3061 [Λεωχάρης
1181 2978 1214 3053 ἢ
1267 2977 1699 3062 Δικαιογένης]
1749 2981 1907 3057 ἤρκει
1954 2976 2030 3042 ἄν
2079 3001 2183 3055 μοι
2231 2979 2314 3043 τοὶ
2364 2976 2673 3059 εἰρημένα.
2740 2976 2923 3058 Quae

539 3087 788 3152 uncinis
833 3083 1211 3148 inclusimus
1255 3085 1812 3172 interpolationem
1860 3085 2162 3151 redolent.

629 3189 704 3267 V,
756 3189 840 3256 10
902 3191 1051 3254 ἀλλ’
1111 3191 1354 3268 ὀρφανοὶ
1421 3192 1523 3254 καὶ
1591 3189 1795 3269 ἔρημοι
1844 3193 1947 3254 καὶ
2000 3193 2259 3265 πένητες
2308 3190 2620 3268 γενόμενοι
2668 3189 2923 3254 πάντων

542 3298 645 3361 καὶ
709 3303 824 3360 τῶν
887 3297 1020 3358 καθ’
1070 3295 1302 3372 ἡμέραν
1351 3296 1700 3368 ἐπιτηδείων
1752 3291 1904 3370 ἦσαν
1953 3297 2189 3368 ἐνδεεῖς.
2242 3294 2501 3362 Codices
2548 3296 2811 3382 quidam
2859 3305 2929 3362 et

539 3401 773 3467 Aldina
818 3402 1118 3487 praebent
1167 3400 1420 3475 πένητες
1469 3402 1572 3466 καὶ
1624 3401 1861 3480 ἔρημοι,
1925 3403 2091 3468 unde
2143 3408 2403 3487 apparet
2448 3401 2764 3467 emblema
2812 3401 2925 3468 hic

541 3505 647 3574 ali.
697 3507 1137 3571 Buermannus
1183 3527 1320 3571 voc.
1370 3506 1615 3570 πάντων
1661 3507 1915 3573 delevit.
1964 3507 2085 3574 Sed
2130 3527 2353 3574 vocem
2402 3507 2659 3582 πένητες
2699 3509 2923 3592 potius

542 3635 676 3680 esse
725 3613 1056 3679 delendam
1103 3634 1323 3678 sensus
1369 3614 1663 3679 ostendit.
1712 3614 1884 3679 Dicit
1931 3617 2101 3679 enim
2148 3620 2389 3679 orator:
2428 3616 2536 3678 sed
2575 3637 2749 3698 quum
2792 3615 2927 3677 orbi

544 3727 600 3783 et
645 3719 865 3782 deserti
913 3725 1101 3782 essent
1118 3767 1134 3795 ‚
1185 3719 1362 3782 etiam
1409 3719 1476 3782 in
1525 3721 1680 3784 diem
1726 3720 2075 3784 necessariis
2122 3722 2291 3784 rebus
2332 3721 2630 3784 carebant.
2680 3717 2750 3784 Si
2798 3722 2925 3806 igi-

541 3831 651 3890 tur
695 3831 838 3909 post
883 3825 1102 3888 deserti
1147 3824 1356 3889 addis:
1406 3832 1464 3888 et
1512 3849 1839 3908 pauperes,
1888 3826 2235 3892 absurdum
2282 3832 2347 3891 et
2396 3829 2677 3891 otiosum
2716 3826 2921 3892 addis.

543 3930 761 3996 Etiam
822 3951 882 3993 v.
944 3929 1294 4001 ἐπιτηδείων
1345 3930 1510 3996 unde
1557 3934 1870 4018 originem
1918 3932 2171 3997 duxerit
2216 3954 2341 3997 non
2388 3931 2641 3998 difficile
2687 3937 2785 3997 est
2830 3936 2927 3998 in-

545 4035 827 4101 tellecta.
893 4033 1118 4100 Orator
1178 4039 1510 4121 scripserat
1557 4037 1659 4101 καὶ
1708 4045 1824 4101 τῶν
1872 4043 2008 4102 καθ’
2062 4040 2291 4118 ἡμέραν
2339 4037 2428 4102 ἔτι
2479 4037 2634 4113 ἦσαν
2679 4040 2921 4108 ἐνδεεῖς.

549 4142 801 4218 Scriba,
843 4144 954 4226 qui
995 4145 1062 4206 in
1103 4149 1388 4208 mentem
1429 4143 1689 4210 haberet
1727 4146 1922 4220 ἐνδεὴς
1966 4152 2081 4211 τῶν
2124 4147 2475 4219 ἐπιτηδείων
2500 4145 2681 4227 (Isae.
2704 4145 2780 4225 V,
2810 4146 2920 4212 39.

547 4247 717 4323 VIII,
771 4247 903 4328 32),
969 4247 1124 4312 alias
1181 4269 1280 4313 res
1339 4269 1532 4334 agens
1589 4251 1943 4323 ἐπιτηδείων
1992 4252 2215 4317 effecit.
2280 4251 2503 4317 Simile
2550 4252 2703 4338 quid
2748 4255 2923 4340 apud

546 4354 928 4420 Aeschinem
965 4355 1215 4429 inveni,
1255 4354 1421 4437 quod
1459 4357 1640 4418 iuvat
1677 4356 1782 4420 hic
1822 4377 2131 4443 apponere
2172 4364 2237 4422 et
2274 4358 2627 4424 emendare.
2676 4357 2757 4436 Π,
2790 4357 2921 4426 147

547 4461 624 4525 σὺ
686 4459 796 4535 μὲν
859 4460 1016 4539 γὰρ,
1087 4455 1128 4522 ὦ
1195 4459 1611 4539 Δημόσθενες,
1677 4464 1860 4526 ταῦτ’
1924 4463 2177 4528 ἐπλάσω
2225 4463 2324 4530 ἐπ’
2378 4465 2523 4542 ἐμὲ,
2572 4464 2693 4541 ἐγὼ
2740 4465 2792 4530 δ’
2840 4467 2920 4538 ὥς
