3192 5009
527 181 655 248 104
1330 200 1414 247 1111
1457 201 1611 248 man·
1658 201 2107 248 oanuwmm.

519 343 779 434 mature
833 369 1213 453 interposita
1273 367 1605 454 prohibere
1667 369 2012 453 quominus
2066 367 2222 433 haec
2269 368 2425 433 satis
2473 372 2912 453 exponantur;

520 481 845 562 praeterea
905 473 1085 540 decet
1144 495 1298 539 eum
1357 480 1690 560 expectare
1739 474 1894 540 dum
1943 477 2103 540 sciat
2149 496 2308 539 num
2354 474 2518 540 forte
2564 477 2692 560 ipsi
2738 477 2914 538 cives

518 581 690 648 ultro
752 580 1088 667 repudient
1151 583 1550 668 rog-ationem
1570 629 1587 658 ,
1638 602 1717 647 ne
1765 581 1992 667 cupide
2041 582 2286 647 civibus
2329 584 2570 666 eripere
2616 579 2918 646 videatur

520 709 855 754 summum
904 688 1276 766 arbitrium;
1326 690 1545 774 itaque
1594 688 1982 753 consuetudo
2019 695 2181 752 vetat
2216 686 2523 753 intercedi
2567 693 2918 772 antequam

515 799 825 862 vocentur
870 795 1076 860 tribus
1124 801 1240 859 aut
1286 797 1608 860 centuriae
1627 844 1642 872 ,
1695 799 1760 860 et
1807 795 1960 858 sinit
1998 797 2517 860 intercessionem
2559 792 2796 859 differri
2837 793 2918 858 ad

515 906 732 988 ipsum
794 907 1201 967 momentum
1260 922 1383 986 quo
1431 903 1879 966 renuntientur
1925 901 2226 988 suffragia
2272 902 2566 966 tribuum
2613 907 2726 965 aut
2773 922 2919 966 cen-

492 1011 833 1074 ’turiarum
863 1006 933 1090 1).
999 1007 1074 1072 In
1136 1007 1619 1073 obnuntiatione
1687 1029 1840 1073 vero
1900 1007 2302 1074 voluntatem
2349 1009 2740 1094 impediendi
2790 1011 2918 1073 niti

514 1121 765 1201 oportet
810 1113 1143 1179 voluntate
1192 1113 1370 1179 1Π1115
1418 1113 1545 1179 diei
1583 1113 1772 1179 liberi
1814 1113 2087 1179 faciendi
2129 1135 2165 1179 a
2203 1116 2539 1179 comitiatu
2556 1164 2571 1191 ,
2615 1120 2690 1178 ut
2728 1117 2914 1200 copia

513 1225 599 1286 sit
643 1221 956 1308 gerendae
1005 1219 1168 1285 alius
1214 1223 1481 1286 actionis
1531 1242 1728 1308 quam
1776 1220 1876 1286 dei
1924 1222 2208 1306 auspicio
2264 1222 2554 1286 maximo
2607 1221 2911 1307 approba-

512 1332 764 1393 verunt.
829 1325 1009 1406 Quod
1055 1329 1347 1391 omnium
1396 1330 1851 1413 turpissimum
1897 1332 2099 1405 esset,
2151 1333 2226 1392 ut
2273 1329 2330 1391 is
2383 1330 2496 1414 qui
2544 1333 2757 1412 posset
2807 1327 2914 1392 ob-

511 1435 805 1499 nuntiare
873 1433 993 1498 hoc
1060 1433 1337 1499 differret
1407 1434 1566 1499 dum
1627 1433 1932 1520 suffrag-ia
1985 1435 2335 1499 renuntiari
2385 1436 2776 1520 coepissent,
2829 1438 2909 1498 ut

513 1542 701 1606 sciret
763 1538 919 1624 quid
973 1541 1201 1604 civitas
1248 1544 1416 1604 esset
1462 1539 1794 1605 decretura
1811 1589 1826 1618 ,
1879 1546 2078 1626 utque
2125 1542 2183 1603 si
2227 1538 2346 1604 hoc
2395 1542 2455 1604 ei
2503 1537 2779 1625 placeret
2827 1539 2911 1603 ab

511 1648 992 1713 obnuntiatione
1053 1646 1417 1724 desisteret,
1484 1650 1583 1711 sin
1631 1669 1782 1713 vero
1831 1646 2230 1732 displiceret,
2283 1653 2669 1713 asseveraret
2717 1668 2784 1712 se
2834 1667 2910 1712 eo

512 1754 614 1819 die
660 1755 1063 1839 auspicatum
1112 1775 1247 1819 esse
1265 1802 1282 1832 ‚
1332 1753 1450 1819 hoc
1497 1774 1576 1819 ne
1628 1753 1805 1821 fieret
1850 1757 1992 1840 ipsa
2034 1753 2138 1818 lex
2187 1755 2340 1818 satis
2389 1753 2672 1838 providit
2690 1802 2707 1831 ,
2756 1774 2911 1819 cum

510 1865 755 1926 vetaret
800 1859 962 1923 inter
1006 1859 1247 1923 comitia
1295 1860 1660 1925 obnuntiari
1708 1859 1901 1946 (quod
1950 1858 2126 1925 solus
2174 1859 2378 1924 facere
2424 1864 2637 1946 potest
2675 1880 2910 1946 aug-ur,

510 1967 621 2033 sed
678 1969 733 2031 is
780 1988 1002 2031 rursus
1049 1987 1176 2031 non
1222 1971 1432 2053 potest
1480 1969 1796 2052 auspicari
1845 1972 1909 2032 et
1957 1969 2137 2052 sequi
2185 1966 2374 2032 debet
2421 1968 2705 2052 auspicia
2755 1986 2913 2032 vere

508 2074 589 2140 ab
649 2073 945 2138 omnibus
1006 2075 1173 2152 visa)
1198 2071 1253 2151 ²)
1270 2095 1287 2151 ;
1359 2095 1591 2138 verum
1648 2073 1916 2139 eandem
1980 2073 2059 2138 ob
2124 2093 2384 2138 causam
2445 2074 2912 2160 magistratum

507 2200 633 2245 non
698 2179 877 2245 decet
893 2229 909 2258 ‚
976 2181 1530 2245 obnuntiationem
1594 2179 1842 2246 differre
1909 2179 1988 2245 ad
2053 2179 2370 2244 ultimum
2420 2182 2730 2266 temporis
2773 2201 2914 2244 mo-

506 2292 804 2352 mentum
850 2307 976 2371 quo
1024 2285 1400 2351 obnuntiare
1446 2285 1638 2351 liceat
1658 2335 1674 2364 ‚
1715 2307 1794 2351 115
1836 2286 2134 2351 omnibus
2175 2285 2593 2351 manifestum
2633 2288 2720 2350 sit
2752 2306 2912 2351 eum

507 2399 693 2459 antea
758 2390 1088 2477 explorare
1136 2390 1419 2457 voluisse
1468 2394 1718 2457 animos
1766 2395 2013 2457 civium
2060 2399 2134 2457 ut
2179 2413 2293 2478 pro
2341 2397 2576 2457 eventu
2623 2392 2916 2457 abutere-

506 2503 617 2563 tur
666 2500 985 2583 auspiciis.
1036 2495 1098 2561 N
1100 2518 1205 2562 am
1254 2518 1648 2583 quamquam
1689 2497 1975 2564 edictum
2015 2502 2302 2583 tempore
2341 2500 2739 2583 propositum
2779 2519 2913 2562 non

507 2603 741 2669 sufficit
805 2602 882 2667 ad
935 2624 1193 2668 omnem
1240 2606 1672 2689 suspicionem
1719 2604 2071 2669 tollendam
2092 2653 2108 2682 ,
2163 2604 2719 2670 obnuntiationem
2769 2607 2910 2669 sine

503 2714 676 2776 iusta
721 2729 910 2774 causa
956 2708 1125 2788 fieri,
1177 2715 1392 2775 tamen
1441 2731 1593 2776 eum
1636 2717 1838 2788 certe,
1881 2713 1993 2796 qui
2034 2712 2324 2776 omiserit
2366 2710 2650 2776 edictum
2669 2760 2686 2789 ,
2729 2714 2910 2776 iusta

504 2837 696 2883 causa
759 2837 969 2881 carere
1028 2821 1276 2881 constat
1291 2837 1307 2895 ;
1377 2815 1455 2880 ad
1514 2816 1678 2881 hanc
1723 2816 2037 2881 invidiam
2085 2816 2421 2883 arcendam
2467 2819 2693 2904 igitur,
2744 2837 2912 2902 opus

504 2929 602 2988 est
647 2922 870 2987 edicto.
920 2921 1043 2986 His
1089 2923 1441 2987 rationibus
1488 2925 1785 2988 convenit
1831 2923 2001 3008 quod
2047 2921 2168 2989 Dio
2217 2928 2511 3000 testatur,
2555 2925 2902 3008 antiquum

503 3050 751 3095 morem
798 3027 1023 3094 tulisse
1072 3034 1147 3092 ut
1192 3031 1285 3107 ei,
1337 3031 1449 3114 qui
1492 3031 1901 3094 comitiatum
1941 3032 2243 3115 auspiciis
2278 3028 2591 3114 impedire
2632 3028 2898 3107 vellent,

503 3138 624 3200 hoc
683 3156 795 3222 per
855 3135 1141 3200 edictum
1203 3140 1391 3200 antea
1451 3139 1853 3221 propositum
1916 3135 2226 3213 facerent,
2292 3156 2496 3220 neque
2538 3138 2605 3199 in
2651 3133 2902 3221 templo

505 3241 986 3318 obnuntiarent;
1050 3238 1173 3305 Dio
1237 3243 1442 3319 enim,
1509 3262 1661 3306 cum
1725 3241 2041 3307 describat
2098 3242 2258 3306 hanc
2308 3242 2860 3306 obnuntiationem
2877 3291 2897 3319 ,

500 3345 615 3411 illo
684 3345 873 3410 modo
942 3346 1360 3411 obnuntiandi
1428 3350 1496 3411 in
1564 3347 1808 3433 templo
1873 3349 2132 3412 omnino
2197 3368 2324 3412 non
2369 3353 2727 3412 memorato
2749 3395 2764 3423 ,
2817 3346 2898 3413 de

504 3451 709 3517 edicto
766 3448 899 3516 solo
944 3454 1337 3518 mentionem
1384 3452 1539 3517 facit
1568 3449 1636 3533 3).
1689 3491 1774 3501 ——
1824 3451 2065 3518 Verum
2108 3455 2317 3539 ipsam
2361 3451 2546 3518 illam
2592 3455 2899 3539 suspicio—

572 3680 628 3744 1)
678 3679 782 3728 Liv.
826 3679 1017 3729 4521:
1080 3695 1216 3730 neum
1262 3679 1332 3728 ita
1380 3679 1614 3730 traditum
1665 3687 1811 3740 esset,
1859 3696 1918 3730 115
1952 3681 2057 3747 quis
2091 3682 2226 3748 prius
2265 3682 2580 3732 intercederet
2617 3681 2712 3747 legi
2745 3697 2894 3747 quam

501 3761 703 3828 privetis
736 3761 962 3811 suadendi
996 3761 1390 3826 dissuadendique
1427 3762 1579 3827 legem
1615 3768 1823 3828 potestas
1856 3764 1980 3814 fecta
2022 3767 2164 3825 esset,
2199 3781 2347 3830 eoque
2383 3781 2606 3831 persaepe
2641 3765 2893 3826 evenisset,

501 3848 557 3894 ut
601 3848 651 3893 et
697 3844 779 3908 qni
827 3859 920 3892 non
966 3843 1166 3908 professi
1212 3849 1366 3894 essent
1400 3860 1450 3894 55
1483 3845 1851 3904 intercessuros,
1891 3847 2230 3896 animadversis
2267 3847 2398 3896 vitiis
2433 3847 2551 3912 legis
2584 3863 2642 3897 ex
2673 3848 2896 3898 oratione

500 3925 890 3984 dissuadentium,
920 3925 1283 3982 intercederent.
1323 3931 1371 3976 et
1405 3927 1489 3992 qui
1524 3928 1582 3976 ed
1621 3927 2008 3978 intercedendum
2043 3929 2284 3979 venissent
2317 3930 2600 3980 desisterent
2633 3929 2748 3980 victi
2782 3947 2894 3980 euc-

499 4007 777 4058 toritetibus
811 4008 1113 4057 suadentium
1150 4007 1350 4072 legcm”.
1388 4037 1451 4046 —
1488 4009 1719 4075 Exempla
1753 4011 2106 4061 intercessionis
2139 4011 2190 4060 in
2225 4012 2328 4077 ipso
2364 4017 2606 4062 momento
2641 4013 2890 4063 renuntie-

498 4089 647 4140 tionis
679 4090 990 4156 interpositae
1018 4089 1186 4140 crebre
1211 4096 1394 4140 extant.
1432 4119 1495 4128 —
1531 4092 1581 4151 2)
1613 4093 1720 4142 Vid.
1741 4109 1871 4158 supr.
1890 4109 1998 4158 pag.
2019 4095 2081 4144 95
2101 4093 2186 4143 sub
2208 4093 2282 4144 7⁰.
2317 4123 2385 4132 —
2421 4096 2471 4156 3)
2511 4095 2600 4144 Dio
2619 4097 2698 4145 38.
2723 4097 2803 4146 18.
2827 4100 2888 4148 δι

502 4170 613 4222 ἐπεὶ
642 4167 725 4220 οὖν
760 4170 942 4222 πολλοὶ
973 4170 1263 4238 ἐμποδίζειν
1298 4173 1327 4231 3)
1362 4175 1515 4234 νόμων
1552 4171 1774 4236 εἷς-Φαρὰς
1806 4173 1834 4232 13
1865 4173 2121 4238 ἀρχόντων
2153 4174 2504 4235 καταστάσεις
2535 4173 2585 4234 ἐς
2616 4177 2701 4226 τὸν
2731 4174 2888 4238 δῆμον

502 4252 810 4318 ἒςαγομένας
855 4257 1173 4316 βουλόμενοι,
1219 4252 1633 4318 προεπῆγγελλον
1677 4255 1742 4314 ὡς
1777 4257 1861 4304 καῖ
1893 4253 1948 4306 ἐκ
1988 4260 2080 4306 τοῦ
2116 4256 2316 4320 οὐρανοῦ
2353 4257 2445 4316 τὴν
2483 4256 2665 4320 ἡμέραν
2701 4254 2885 4319 {alvus

500 4341 916 4400 μαντευσόμενοι,
952 4336 1086 4388 ὥστε
1120 4335 1366 4400 μηδεμίαν
1401 4334 1452 4386 ἐν
1490 4337 1622 4403 αὐτῇ
1659 4337 1863 4401 κύρωσιν
1903 4342 1990 4390 τὸν
2025 4338 2178 4402 δῆμον
2216 4343 2379 4406 σχεῖν.
