3192 5009
1006 339 1394 397 Hpmnor
1448 336 1927 395 ΜιΜιΑΜΒοι
2565 322 2650 391 99

365 516 488 585 Sed
547 518 701 583 haec
722 565 739 595 ‚
806 538 967 601 quae
1030 518 1251 583 sentiri
1312 536 1507 601 quam
1568 513 1989 579 demonstrari
2051 516 2319 597 possunt
2366 511 2616 577 facilius
2634 559 2652 590 ,

276 625 539 690 fortasse
584 644 815 711 parum
851 622 1068 691 valent
1106 622 1185 688 ad
1225 620 1752 709 persuadendum.
1793 618 2138 683 Videamus
2177 620 2385 705 igitur
2421 620 2656 683 satisne

279 730 547 816 quadret
589 728 821 795 fabella
838 776 854 805 ,
905 731 961 793 si
1005 729 1073 793 in
1116 728 1233 793 hoc
1273 733 1654 814 argumento
1701 746 1844 791 eam
1890 726 2130 790 versari
2173 727 2512 790 sumimus.
2559 724 2660 789 In-

274 840 507 923 scripta
567 842 665 903 est
726 834 1129 916 Φιλιάζουσκι
1193 835 1225 907 ἦ
1275 830 1612 913 ἰδιάζουσαι
1633 880 1650 910 ,
1681 831 1966 917 feminae
2012 831 2197 895 amice
2245 830 2656 917 colloquentes.

276 944 583 1023 Innocens
621 942 897 1027 profecto
939 939 1191 1006 titulus.
1242 938 1373 1006 Nec
1410 942 1628 1004 minus
1664 940 1962 1003 innocens
1991 936 2398 1003 introductio.
2447 936 2660 1002 Metro

276 1051 434 1115 visit
500 1049 774 1115 amicam
845 1044 1242 1113 Oorittonem
1255 1066 1272 1123 ;
1340 1045 1415 1111 de
1478 1043 1857 1110 ancillarum
1917 1045 2184 1131 pigritia
2243 1042 2660 1111 mulierculae

278 1160 431 1221 nota
474 1152 589 1218 illa
629 1155 799 1218 inter
842 1174 907 1217 se
955 1158 1311 1237 queruntur
1328 1172 1344 1229 3
1391 1159 1534 1215 tum
1573 1150 1822 1215 Metro:
1877 1148 2044 1227 „Sed
2083 1150 2182 1214 dic
2223 1170 2454 1235 quaeso
2494 1153 2662 1236 quis-

282 1280 475 1338 „nam
522 1263 703 1323 sutor
750 1260 1013 1322 κόκκινον
1062 1261 1266 1323 istum
1314 1257 1623 1335 βαυβῶνικ
1662 1258 1783 1322 tibi
1820 1255 2042 1321 fecerit
2057 1253 2125 1319 ?''
2170 1293 2254 1304 —
2302 1255 2470 1334 „Ubi
2509 1278 2660 1323 eum

280 1366 505 1432 vidisti
520 1362 589 1427 ?”
617 1401 702 1412 —
732 1363 967 1449 „Apud
1003 1362 1405 1429 Nossidem''.
1436 1400 1521 1411 —
1551 1362 1768 1440 „Haec
1809 1382 1960 1428 vero
2000 1363 2168 1429 unde
2189 1363 2460 1428 habebat
2476 1360 2544 1428 ?”
2576 1399 2662 1411 -—

286 1472 428 1552 „Ab
488 1470 749 1537 Eubula
800 1476 1107 1535 mutuum
1154 1468 1545 1555 acceperat”.
1596 1505 1683 1517 —-
1731 1466 1909 1532 Tunc
1954 1470 2118 1533 irata
2163 1465 2442 1535 Coritto:
2496 1469 2663 1545 „Pro

286 1577 549 1665 „pudor,
610 1579 749 1661 ipsa
810 1597 930 1662 ego
994 1575 1283 1641 Eubulae
1346 1596 1499 1641 eum
1559 1575 1997 1652 commodavi;
2046 1575 2340 1641 haeccine
2390 1576 2467 1640 de
2514 1596 2660 1640 meo

286 1686 535 1771 „igitur
577 1681 859 1748 liberalis
908 1679 1047 1747 est?
1092 1685 1159 1747 in
1208 1680 1448 1747 malam
1496 1703 1632 1747 rem
1683 1682 1866 1747 abeat
1912 1679 2057 1745 talis
2103 1684 2310 1747 amica
2325 1702 2342 1759 ;
2407 1680 2663 1747 nullum

289 1790 635 1868 ,βαυβῶνκ
697 1789 960 1875 posthac
1028 1791 1088 1854 ei
1148 1788 1626 1853 commodatura
1693 1808 1838 1851 sum
1857 1836 1874 1864 ‚
1939 1788 2193 1852 etiamsi
2253 1786 2435 1854 mille
2497 1788 2663 1853 mihi

291 1894 645 1974 ,‚iaceant''.
674 1932 759 1943 —
788 1893 979 1971 „Noli
1022 1896 1243 1972 irasci,
1294 1916 1331 1959 o
1376 1893 1607 1971 bona”,
1657 1896 1747 1959 sic
1793 1893 2006 1959 Metro
2051 1899 2302 1958 contra:
2359 1894 2665 1979 „probam

290 2001 675 2080 „mulierem
699 2003 829 2067 irae
853 2006 1281 2066 continentem
1306 2022 1440 2066 esse
1466 2000 1664 2065 decet.
1704 1998 1827 2064 Sed
1851 2002 1994 2084 quis
2017 2020 2166 2064 eum
2191 2000 2311 2065 tibi
2333 1997 2552 2067 fecit?''
2581 2037 2666 2047 —

286 2107 475 2173 Nunc
536 2099 907 2173 nominatur
964 2112 1144 2172 sutor
1160 2128 1175 2184 ;
1242 2114 1341 2172 est
1401 2104 1602 2173 Cerdo
1666 2105 1927 2191 quidam
1945 2154 1960 2183 ,
2023 2108 2134 2191 qui
2181 2108 2350 2171 intra
2396 2108 2668 2193 parietes
2743 2116 2750 2123 ’

292 2216 421 2280 arti
468 2233 620 2278 suae
667 2218 885 2291 vacat,
934 2234 1060 2277 non
1106 2233 1258 2278 vero
1304 2211 1557 2298 publice
1603 2214 1902 2299 proponit
1947 2232 2106 2297 quae
2157 2211 2540 2291 elaboravit,
2589 2233 2669 2277 ne

296 2318 623 2406 publicani
682 2321 1022 2405 pecuniam
1084 2340 1121 2383 a
1166 2340 1233 2384 se
1280 2318 1625 2404 postulent.
1689 2319 1788 2383 Ab
1833 2319 1952 2383 hoc
1999 2318 2314 2403 quomodo
2358 2318 2667 2394 βαυβῶνα

290 2447 489 2492 suum
536 2427 765 2491 emerit
811 2421 1055 2491 Goritto
1102 2424 1239 2489 fuse
1277 2431 1515 2501 narrat3
1560 2424 1783 2490 deinde
1823 2426 2026 2489 amica
2065 2424 2217 2489 abit.
2269 2422 2344 2488 In
2383 2428 2671 2510 sequenti

294 2540 516 2599 autem
578 2534 781 2596 mimo
848 2528 1150 2597 Cerdonis
1210 2531 1535 2597 tabernam
1587 2533 1745 2595 visit
1782 2529 2003 2597 Metro
2023 2578 2039 2607 ,
2088 2552 2202 2596 neo
2255 2538 2466 2597 tamen
2511 2532 2670 2599 Bav-

289 2639 467 2715 βῶνα
514 2639 721 2702 nescio
768 2656 961 2721 quem
1009 2636 1132 2700 sibi
1176 2638 1379 2722 poscit
1423 2635 1531 2701 sed
1578 2636 1821 2700 calceos.

384 2742 563 2809 Haec
598 2745 813 2807 omnia
851 2743 1091 2827 optime
1129 2742 1395 2820 habent,
1431 2763 1546 2809 nec
1582 2726 1756 2807 lectu
1795 2748 1945 2807 sunt
1980 2742 2355 2819 iniucunda,
2385 2745 2440 2807 si
2463 2764 2670 2810 sermo

290 2856 391 2916 est
452 2848 527 2913 de
574 2854 791 2934 petaso
839 2847 945 2913 vel
989 2850 1371 2913 vestimento
1420 2847 1630 2913 aliave
1677 2868 1743 2913 re
1793 2847 1870 2912 ad
1919 2848 2238 2913 mundum
2283 2847 2670 2915 muliebrem

290 2957 675 3041 pertinenti,
724 2954 1006 3038 strophio
1053 2975 1150 3017 ex.
1200 2975 1300 3040 gr.
1348 2954 1425 3017 ad
1474 2974 1791 3018 mammas
1836 2953 2234 3019 sustinendas
2274 2953 2379 3019 vel
2415 2955 2673 3042 cingulo

290 3061 375 3129 ad
414 3059 944 3146 compescendum
982 3060 1429 3144 corpusculum
1458 3058 1527 3139 ¹).
1567 3058 1692 3125 Sed
1737 3065 1814 3125 ut
1860 3062 2234 3145 turpissima
2273 3062 2366 3125 ita
2405 3060 2674 3127 ridicula

294 3173 363 3232 et
426 3186 572 3231 vere
633 3165 905 3230 absurda
952 3163 1113 3229 fiunt
1133 3213 1149 3242 ,
1201 3168 1255 3229 si
1300 3165 1367 3229 id
1415 3166 1594 3230 nobis
1642 3165 1947 3252 fingimus
1995 3165 2161 3250 quod
2204 3168 2516 3251 interpres
2561 3165 2674 3231 ille

294 3274 585 3339 coniecit.
658 3268 816 3335 Vide
885 3271 1073 3336 modo
1145 3270 1507 3336 Metronem
1527 3319 1543 3348 ,
1615 3277 1692 3334 ut
1754 3272 2040 3355 primum
2103 3274 2342 3336 amicae
2407 3272 2674 3337 domum

294 3379 598 3456 intravit,
660 3377 965 3453 βκυβῶνκ
1031 3399 1155 3442 non
1218 3380 1712 3464 tergiversanter
1772 3396 1887 3443 nec
1949 3380 2134 3442 tectis
2179 3378 2389 3442 verbis
2437 3378 2678 3464 signifi-

295 3492 552 3551 cantem
621 3483 730 3549 sed
799 3489 1014 3568 aperte
1086 3486 1523 3550 nominantem
1543 3531 1559 3560 ,
1623 3483 1775 3548 licet
1837 3483 2048 3548 adsint
2111 3482 2374 3549 ancillae
2393 3532 2409 3560 ,
2467 3484 2677 3549 adsint

290 3592 542 3681 amicae
603 3588 783 3655 fih‘oli
799 3610 816 3668 ;
882 3592 1037 3675 quin
1083 3589 1260 3654 addit
1307 3590 1697 3655 adiectivum
1745 3589 2004 3653 κόκκινον
2024 3637 2040 3666 ,
2090 3589 2258 3674 quod
2305 3590 2380 3655 de
2427 3590 2543 3655 tali
2587 3594 2680 3653 in-

298 3693 657 3761 strumento
705 3694 1068 3759 adhibitum
1113 3698 1279 3760 sitne
1316 3698 1574 3761 caninae
1614 3695 2049 3781 impudentiae
2089 3698 2351 3781 signum
2389 3718 2469 3761 an
2506 3718 2680 3762 men-

298 3805 387 3867 tis
446 3801 773 3867 delirantis
798 3799 874 3881 ¹¹),
948 3802 1336 3867 dubitaverit
1406 3804 1746 3888 quispiam.
1821 3800 2031 3867 Immo
2091 3823 2450 3887 purpureus
2511 3802 2682 3869 color

301 3907 485 3975 docet
530 3929 655 3973 non
702 3908 780 3973 de
827 3928 895 3973 re
943 3930 1138 3993 quam
1184 3911 1465 3974 maxime
1512 3907 1770 3973 celanda
1816 3928 2172 3974 sermonem
2226 3907 2360 3974 fieri
2381 3957 2398 3985 ,
2447 3910 2554 3973 sed
2603 3910 2678 3975 de

302 4021 677 4081 ornamento
738 4012 986 4099 aliqu0‚
1050 4018 1328 4099 pretioso
1387 4014 1688 4092 fortasse,
1753 4015 1924 4099 quod
1973 4035 2188 4080 coram
2237 4014 2382 4080 aliis
2430 4014 2680 4100 publice

304 4122 549 4207 gestari
594 4120 815 4205 possit.

378 4316 431 4379 1)
480 4316 715 4365 Parthica
761 4315 951 4381 einqula
998 4316 1232 4377 (coccinea
1265 4316 1521 4380 nimirum)
1562 4316 1815 4369 Claudium.
1854 4318 1911 4369 de
1947 4318 2109 4386 Rapta
2144 4318 2366 4386 Proserp.
2403 4321 2458 4371 11
2493 4321 2574 4372 94.
2609 4322 2682 4374 Cf.

309 4398 600 4461 Marqnardt
636 4398 939 4447 Privatlcben
976 4400 1061 4448 der
1096 4402 1272 4449 Romu·
1306 4418 1352 4466 p.
1389 4402 1503 4453 570.

376 4480 435 4545 Β)
469 4480 667 4529 Frustra
697 4480 957 4531 contulerit
991 4482 1164 4547 aliquis
1197 4482 1348 4534 Arist.
1384 4483 1512 4533 Nub.
1550 4484 1663 4534 589.
