3192 5009
1237 266 1322 314 nn
1365 268 1515 315 Imm
1561 269 1843 317 nomm.
2589 251 2714 318 103

618 432 751 519 quis
813 432 1225 514 obbiyationem
1288 434 1418 498 sine
1480 458 1662 499 causa
1722 436 2048 520 suscipiat,
2098 460 2180 500 an
2223 437 2500 502 maiorem
2545 461 2718 523 quam

613 539 910 623 suscipere
956 562 1083 603 eum
1131 540 1463 623 oportuerit
1487 586 1726 607 ......

437 644 613 724 Quae
674 651 1026 730 sequuntur
1070 652 1183 711 aut
1231 652 1368 711 tota
1415 654 1564 713 eunt
1611 646 1978 715 Triboniani
1994 699 2009 728 ,
2060 656 2174 716 aut
2218 649 2525 716 eiicienda
2569 656 2720 715 sunt

346 752 789 835 [condictione]
837 759 901 817 et
948 755 1201 836 [incerti
1246 755 1668 838 condictione]
1719 762 1784 821 et
1830 758 2131 839 [incerti].

437 858 728 925 Tertium
781 860 1219 946 frag-mentum
1281 860 1568 927 eiusdem
1633 859 1900 940 Iuliani,
1967 883 2092 948 quo
2151 865 2500 929 necessario
2545 884 2724 929 revo-

342 966 539 1031 canda
584 972 680 1032 est
724 966 955 1030 incerta
981 968 1300 1053 formula,
1351 967 1539 1032 hodie
1585 975 1682 1033 est
1727 967 1771 1032 1.
1826 967 1867 1032 2
1917 968 2018 1054 §3
2065 968 2143 1034 D.
2194 968 2299 1034 39.
2331 968 2406 1034 5:

707 1122 719 1135 .
754 1122 768 1136 .
815 1073 871 1136 si
904 1072 1227 1155 pecuniam
1245 1122 1261 1151 ,
1314 1096 1487 1159 quum
1532 1097 1620 1139 me
1667 1074 1778 1137 tibi
1821 1076 2027 1139 debere
2075 1075 2478 1139 existimabam
2495 1126 2513 1154 ‚
2553 1077 2720 1141 iussu
2775 1110 2782 1118 ·

614 1186 712 1242 tuo
756 1180 1175 1262 spoponderim
1220 1179 1311 1257 ei,
1361 1180 1460 1243 cui
1507 1181 1734 1244 donare
1780 1181 2047 1259 volebas,
2103 1230 2116 1246 .
2147 1230 2160 1246 .
2193 1230 2207 1246 .
2239 1231 2252 1247 .
2304 1184 2530 1247 incerti
2579 1204 2719 1247 con-

612 1285 885 1351 dictione
954 1284 1022 1365 (1.
1087 1286 1318 1349 incerta
1362 1286 1674 1371 formula)
1742 1286 2158 1371 stipulatorem
2216 1289 2590 1371 compellam,
2651 1297 2720 1354 ut

610 1393 759 1456 mihi
804 1400 1101 1476 acceptum
1130 1393 1350 1480 faciat
1393 1393 1860 1477 stipulationem.

432 1496 607 1565 Haec
644 1500 867 1565 eadem
906 1498 1030 1563 alio
1069 1499 1257 1565 modo
1295 1503 1702 1565 rectractavit
1742 1498 2056 1587 Ulpianus
2087 1500 2155 1583 (1.
2187 1499 2224 1567 7
2251 1523 2346 1587 pr.
2372 1499 2450 1566 D.
2477 1501 2585 1566 44.
2613 1501 2715 1581 4):

704 1605 989 1669 Iulianus
1036 1605 1159 1668 ait.-

702 1712 767 1774 Si
796 1711 1116 1793 pecuniam
1132 1760 1149 1790 ‚
1191 1734 1363 1797 quam
1398 1734 1489 1775 me
1528 1712 1640 1775 tibi
1677 1714 1884 1776 debere
1922 1712 2324 1777 existimabam
2341 1762 2358 1791 ‚
2409 1714 2574 1777 iussu
2617 1719 2718 1776 tuo

608 1818 1025 1901 spoponderim
1089 1818 1147 1881 ei
1165 1867 1182 1896 ‚
1240 1818 1339 1881 cui
1402 1820 1624 1882 donare
1683 1819 1917 1882 volebas
1939 1869 1955 1897 ,
2002 1868 2015 1883 .
2046 1867 2061 1882 .
2091 1867 2148 1883 ..
2215 1819 2508 1884 condictio
2570 1820 2718 1883 mihi

616 1926 898 1988 adversus
940 1924 1355 2007 stipulatorem
1401 1924 1708 2007 competit,
1759 1932 1826 1989 ut
1867 1948 1955 1989 me
2001 1924 2226 1988 biberet.

432 2025 827 2096 Tenemusnc
886 2026 1445 2115 interpolatorem?
1510 2028 1946 2116 Obligationes
1963 2080 1979 2107 ,
2029 2051 2232 2115 quum
2276 2032 2402 2116 ipsi
2448 2031 2718 2095 dubium

342 2157 469 2202 non
533 2139 650 2215 sit,
716 2139 783 2200 in
846 2136 1305 2201 condictionem
1363 2138 1615 2214 venire,
1683 2136 1930 2201 Iuliano
1993 2158 2108 2222 pro
2155 2136 2434 2203 formula
2477 2141 2718 2203 incerta

344 2244 805 2310 condictionem
852 2250 1177 2329 acceptam
1224 2243 1433 2307 refert.

435 2348 666 2429 Quaeri
724 2354 935 2434 potest
995 2356 1218 2413 utrum
1276 2352 1533 2415 omnino
1580 2350 1798 2413 incerti
1843 2350 2134 2414 condictio
2181 2351 2352 2437 apud
2393 2350 2716 2415 Iulianum

342 2457 494 2521 ferri
540 2458 763 2541 possit.
811 2455 885 2520 In
933 2456 1271 2520 Pandectie
1318 2456 1576 2541 quidem
1626 2455 1872 2521 duobus
1921 2455 2126 2521 adhuc
2163 2455 2320 2521 locis
2361 2457 2528 2542 apud
2567 2478 2717 2521 eum

340 2565 671 2628 invenitur
717 2562 785 2642 (1.
838 2561 924 2627 60
972 2561 1051 2626 D.
1104 2561 1191 2627 30
1239 2568 1301 2627 et
1347 2562 1390 2626 1.
1447 2560 1527 2627 19
1578 2561 1680 2647 §2
1731 2562 1808 2627 D.
1861 2560 1969 2625 43.
1999 2561 2133 2642 26).
2183 2562 2369 2627 Prior
2413 2562 2592 2627 locus
2641 2564 2717 2629 de

337 2669 567 2734 herede
628 2676 724 2735 eet
744 2718 760 2745 ,
827 2671 938 2754 qui
1002 2669 1264 2733 domum
1326 2668 1884 2733 fideicommiseam
1904 2716 1920 2745 ,
1982 2670 2049 2731 in
2098 2689 2291 2753 quam
2339 2669 2556 2734 fecerit
2601 2672 2720 2734 im-

338 2795 563 2862 pensae
581 2823 597 2854 ‚
648 2782 913 2861 sumptu
958 2796 1085 2839 non
1133 2774 1403 2839 deducto
1443 2776 1816 2839 restituerit.
1867 2773 2058 2839 Hunc
2097 2774 2314 2838 incerti
2352 2775 2718 2839 condictione

338 2887 675 2967 sumptum
734 2884 1030 2966 consequi
1092 2901 1275 2965 posse
1300 2930 1315 2957 ‚
1381 2879 1751 2945 Triboniani
1809 2864 1929 2945 fide
1993 2878 2280 2945 Iulianus
2325 2886 2547 2945 auctor
2593 2888 2711 2945 eet.

340 2988 428 3051 At
491 3008 683 3072 quare
742 2993 911 3051 certa
955 2984 1231 3051 formula
1274 3007 1399 3050 non
1446 2984 1710 3050 utatur?
1760 2982 2026 3051 Certum
2068 2986 2418 3071 impendit,
2470 2992 2717 3050 certum

339 3093 562 3179 quidni
608 3091 891 3179 repetat?
942 3092 1196 3157 Patebit
1240 3094 1402 3157 ratio
1424 3141 1440 3170 ,
1492 3093 1698 3157 tribue
1743 3093 2122 3179 fragmentis
2169 3092 2469 3159 exhibitis
2491 3141 2508 3169 ,
2557 3114 2716 3179 quae

336 3202 406 3265 in
451 3198 787 3264 Pandectis
835 3220 969 3265 ecee
1018 3201 1111 3263 ita
1157 3200 1515 3283 excipiunt:

608 3304 768 3387 (58).
820 3305 1203 3388 Papinianus
1250 3304 1401 3368 bibro
1450 3304 1546 3369 IX
1594 3306 2068 3388 Responsorum:

698 3412 922 3474 Domus
965 3410 1365 3474 hereditarias
1409 3417 1664 3487 eoeustas,
1714 3418 1770 3474 et
1815 3411 2050 3474 heredis
2087 3411 2336 3474 nummis
2369 3418 2714 3490 exstructas,

609 3541 681 3582 ezr
753 3540 931 3581 causa
986 3516 1436 3599 fideicommissi
1486 3524 1630 3599 post
1689 3518 1926 3580 mortem
1984 3518 2220 3581 heredis
2280 3517 2680 3581 restituendas
2697 3566 2713 3595 ,

614 3622 1063 3703 (restituendas)
1126 3622 1247 3685 viri
1308 3623 1443 3685 boui
1505 3623 1806 3687 arbitratu
1865 3630 2198 3705 sumptuum
2243 3623 2575 3686 rationibus
2620 3625 2715 3687 de—

612 3730 809 3793 ductis
826 3778 842 3806 ,
892 3736 951 3791 et
994 3729 1401 3811 aedificiorum
1448 3729 1743 3793 aetatibus
1788 3729 2144 3792 examinatis
2187 3729 2488 3811 respondi.

612 3834 753 3915 (59)
817 3834 1110 3917 Ulpianus
1159 3836 1312 3900 bibro
1358 3834 1649 3899 XXXIII
1698 3838 1783 3899 ad
1825 3836 2141 3899 Edictum.-

702 3942 769 4003 Si
812 3943 977 4005 modo
1025 3942 1199 4004 nulla
1246 3941 1425 4024 cuspa
1474 3942 1603 4004 eius
1646 3941 1999 4005 incendium
2033 3940 2392 4021 contiqisset.

610 4047 749 4128 (60)
796 4048 843 4110 I
836 4048 1081 4111 ubianus
1130 4047 1283 4110 libro
1328 4047 1513 4110 XXX
1523 4046 1619 4110 IX
1665 4048 2076 4129 Diyestorum:

707 4154 929 4235 Quodsi
975 4153 1149 4216 nulla
1195 4154 1521 4217 retentione
1550 4155 1743 4238 facta
1788 4155 2017 4217 domum
2063 4152 2444 4231 tradidisset,
2493 4155 2719 4218 incerti

610 4258 901 4323 condictio
951 4258 1007 4322 ei
1052 4266 1366 4341 competet,
1416 4260 1589 4345 quasi
1624 4260 1772 4342 ptus
1821 4258 2015 4323 debito
2061 4258 2325 4322 solverit.

426 4362 713 4431 Iulianus
758 4366 963 4452 igitur
1012 4368 1239 4431 incerti
1289 4366 1749 4431 condictionem
1797 4366 1941 4431 ideo
1989 4366 2098 4431 dat
2117 4413 2134 4443 ‚
2177 4367 2328 4451 quia
2366 4364 2714 4451 Papiniano
