3192 5009
1060 899 1207 988 AD
1266 901 1760 992 ORACULA
1821 901 2418 993 SIBYLLINA.

1635 1109 1882 1150 scmvsrr

1279 1261 1367 1325 H.
1416 1260 1590 1326 VAN
1633 1259 2210 1326 HERWERDEN.

1516 1551 1944 1596 ——ooteo-’.oo—

1775 1759 2054 1849 xpnzuox
2079 1803 2514 1848 ειΒτΛΛιΑκοι.
2559 1798 2766 1847 orma·
2791 1796 2931 1858 snm-

1697 1881 1798 1927 lina
1853 1881 2086 1928 recenem't
2149 1881 2357 1930 Aloidas
2417 1880 2580 1929 Επεὶ
2640 1879 2930 1928 Vindobona.

1707 1961 1812 2010 MD
1824 1960 2216 2010 CCCLXXXII.

654 2120 923 2184 Oracula
964 2118 1281 2205 Sibyllina
1302 2168 1317 2195 ,
1361 2139 1521 2205 quae
1559 2127 1818 2204 propter
1858 2125 2319 2204 argumentum
2343 2140 2722 2206 cognoscere
2745 2118 2932 2204 pluris

556 2231 823 2292 interest
886 2245 1110 2289 eorum
1127 2273 1144 2300 ,
1212 2226 1323 2308 qui
1387 2223 1715 2308 religionis
1783 2221 2180 2290 Christianae
2241 2224 2590 2310 primordia
2648 2224 2934 2310 indagare

562 2352 760 2416 quam
802 2333 913 2414 qui
964 2350 1061 2394 res
1114 2326 1503 2394 Graecorum
1550 2327 2152 2414 Romanorumque,
2201 2332 2270 2394 in
2319 2330 2550 2416 quibus
2595 2351 2783 2416 saepe
2819 2337 2936 2394 tur-

560 2439 727 2522 piter
788 2435 1029 2498 labitur
1090 2434 1295 2498 futuri
1354 2437 1637 2518 praescia
1698 2433 1947 2520 Sibylla
1969 2484 1982 2510 ,
2049 2439 2207 2500 scire
2271 2436 2530 2500 student
2547 2484 2563 2512 ,
2631 2434 2936 2521 plerisque

560 2541 907 2626 philologis
970 2547 1066 2604 est
1120 2545 1288 2603 terra
1334 2542 1660 2626 incognita
1679 2588 1693 2615 ‚
1743 2539 1892 2604 licet
1940 2541 2043 2617 hi,
2099 2542 2330 2627 quibus
2380 2541 2633 2606 litterae
2681 2540 2936 2606 Alexan-

560 2649 775 2712 drinae
854 2652 918 2709 et
989 2646 1317 2730 depravati
1387 2649 1694 2709 sermonis
1769 2643 1996 2712 Graeci
2071 2649 2426 2731 proprietas
2497 2654 2564 2710 et
2635 2649 2934 2710 seriorum

556 2753 1080 2817 hexametrorum
1126 2750 1305 2837 leges
1353 2770 1540 2815 curae
1589 2750 1888 2836 cordique
1937 2756 2120 2828 sunt,
2171 2773 2248 2815 ex
2295 2752 2530 2817 horum
2583 2755 2932 2816 carminum

557 2858 828 2924 lectione
876 2857 1236 2943 plurimum
1282 2855 1583 2941 proficere
1631 2860 1893 2941 possint.
1947 2857 2090 2941 Ipse
2139 2878 2392 2941 quoque
2443 2857 2708 2922 candide
2753 2857 2941 2921 fiateor

558 2951 1081 3046 menumquam
1144 2961 1489 3048 diligenter
1551 2981 1626 3026 ea
1687 2960 1922 3046 legisse
1981 2965 2358 3047 priusquam
2419 2961 2616 3028 allata
2661 2962 2822 3026 mihi
2865 2963 2944 3023 sit

558 3070 907 3133 novissima
969 3067 1166 3131 editio
1234 3068 1489 3143 critica,
1557 3087 1752 3150 quam
1813 3067 1930 3131 hoc
1976 3069 2117 3151 ipso
2165 3086 2326 3132 anno
2376 3070 2630 3132 curavit
2675 3070 2778 3132 vir
2821 3085 2940 3130 ser-

558 3176 765 3239 monis
829 3175 992 3257 epici
1054 3174 1484 3258 peritissimus
1548 3171 1834 3236 Aloisius
1881 3171 2090 3236 Rzach
2111 3221 2127 3248 ,
2173 3175 2284 3257 qui
2333 3175 2776 3257 antiquiorum
2821 3169 2941 3236 edi-

557 3287 807 3354 torum,
877 3278 947 3341 in
1016 3277 1249 3362 quibus
1319 3276 1501 3342 facile
1570 3281 1863 3362 princeps
1934 3282 2031 3341 est
2105 3274 2332 3342 Gallus
2404 3274 2476 3342 G.
2553 3275 2911 3341 Alexandr-e
2933 3321 2946 3348 ,

556 3388 825 3448 minime
885 3403 1039 3447 vero
1100 3382 1459 3467 spernendi·
1496 3388 1646 3445 sunt
1694 3381 2062 3467 Opsopoeus
2080 3431 2095 3457 ‚
2147 3381 2506 3446 Volkmann
2526 3431 2543 3459 ,
2595 3379 2912 3446 Friedlieb
2936 3418 2950 3445 ‚

562 3491 677 3556 alii
697 3539 713 3566 ,
775 3497 1258 3573 ceterorumque
1307 3491 1676 3552 criticorum
1699 3536 1713 3564 ,
1764 3491 1832 3551 in
1880 3488 2112 3572 quibus
2155 3491 2532 3573 praesertim
2580 3484 2950 3552 numerandi

564 3595 863 3660 Meineke
884 3643 900 3670 ,
966 3593 1229 3669 Nauck,
1292 3592 1554 3668 Hartel,
1621 3591 2044 3656 Mendelsohn
2093 3585 2156 3656 e't
2201 3596 2338 3676 ipse
2388 3592 2614 3670 editor,
2666 3613 2822 3657 usus
2865 3594 2948 3654 in-

562 3705 771 3766 ventis
839 3719 1071 3763 novam
1135 3698 1310 3763 dedit
1372 3702 1799 3762 recensionem
1820 3747 1835 3774 ,
1902 3717 2062 3782 quae
2123 3701 2385 3783 optimis
2448 3701 2680 3762 nititur
2739 3695 2950 3760 funda-

563 3809 817 3871 mentis.
896 3803 1063 3867 Nam
1140 3810 1388 3887 praeter
1455 3802 1609 3866 XIV
1682 3803 1924 3867 codices
1985 3800 2176 3866 MSS.
2245 3814 2548 3887 (quorum
2611 3801 2706 3866 111
2769 3801 2948 3866 hodie

564 3911 921 3996 deperditi),
988 3929 1143 3993 quas
1208 3912 1276 3970 in
1340 3907 1433 3971 III
1502 3907 1732 3972 classes
1795 3907 2128 3974 distinctos
2175 3915 2462 3972 accurate
2511 3907 2848 3990 descripsit
2889 3908 2948 3968 et

564 4014 943 4079 diiudicavit
988 4017 1056 4077 in
1106 4013 1507 4077 Praefatione
1527 4061 1542 4088 ,
1597 4012 1803 4077 editor
1857 4033 2012 4076 usus
2060 4020 2158 4076 est
2199 4012 2516 4077 Lactantii
2557 4011 2948 4094 aliorumque

542 4123 950 4203 ‘scriptorum
997 4117 1573 4184 ecclesiasticorum
1623 4121 2040 4194 testimoniis,
2091 4125 2418 4202 praeterea
2463 4138 2614 4182 vero
2655 4116 2946 4201 plurimis

562 4225 717 4289 locis
766 4227 1277 4307 corruptissimos
1320 4224 1562 4287 codices
1582 4271 1597 4298 ,
1643 4244 1918 4308 quorum
1959 4222 2178 4286 nullus
2218 4223 2430 4288 seculo
2469 4220 2622 4286 XIV
2660 4226 2760 4286 est
2797 4221 2948 4286 anti-

565 4331 766 4414 quior,
836 4328 1200 4392 emendavit
1267 4348 1383 4413 ope
1443 4329 1715 4392 Homeri
1763 4327 2026 4393 Hesiodi
2077 4327 2480 4413 Empedoclis
2529 4329 2712 4392 Arati
2759 4323 2945 4394 Galli-
