3192 5009
1236 880 2174 972 PHARSALICA.

1580 1087 1830 1128 scmpsu·

1391 1241 1465 1304 P.
1514 1240 1600 1304 H.
1649 1225 2020 1306 DAMS'PE.

970 1394 1443 1501 (Conthntcmtur
1489 1415 1561 1457 ea·
1624 1393 1751 1458 Vol.
1801 1393 2053 1458 XVIII
2076 1415 2225 1476 paq.
2280 1390 2462 1474 353.)

1570 1606 1812 1634 m

612 1757 795 1838 Quod
840 1777 1035 1844 supra
1080 1757 1157 1822 de
1202 1760 1404 1822 nimia
1452 1758 1716 1824 editoris
1759 1761 1830 1823 in
1868 1759 2056 1824 rebus
2094 1761 2335 1824 criticis
2373 1757 2768 1845 neglig-entia
2805 1755 2924 1821 de-

520 1886 645 1950 que
684 1884 940 1929 summa
978 1883 1173 1948 quam
1214 1862 1452 1928 Weisio
1493 1865 1724 1929 tribuit
1759 1867 2144 1930 auctoritate
2184 1863 2493 1943 dicebam,
2533 1863 2708 1928 idem
2745 1861 2925 1926 mihi

522 1973 903 2057 posteriores
952 1969 1320 2035 Pharsaliae
1363 1969 1559 2036 libros
1605 1969 1850 2057 legenti
1898 1969 2362 2036 observandum
2409 1973 2630 2036 visum
2675 1975 2791 2034 est.

612 2075 687 2140 In
750 2076 1266 2141 annotationibus
1327 2095 1489 2160 quae
1550 2079 1662 2140 vix
1722 2080 1790 2140 in
1851 2076 1986 2142 ulla
2031 2076 2273 2142 Lucani
2320 2075 2597 2142 editione
2642 2075 2880 2141 absunt
2904 2123 2919 2150 ,

524 2182 743 2248 sedulo
806 2180 1031 2246 Weisii
1093 2203 1326 2247 nomen
1370 2181 1630 2247 additur
1646 2231 1662 2260 ,
1717 2185 1811 2247 ita
1857 2189 1932 2247 ut
1977 2186 2226 2268 primus
2272 2181 2383 2247 ille
2429 2183 2542 2248 ubi
2590 2189 2920 2247 terrarum

522 2287 707 2353 Nesis
768 2287 983 2352 insula
1044 2287 1237 2352 fuerit
1299 2287 1433 2366 (VI.
1500 2284 1650 2367 90),
1719 2290 1968 2372 primus
2029 2289 2206 2352 urbis
2267 2285 2641 2375 Zeugmatis
2707 2291 2921 2352 situm

524 2392 721 2474 (VIII.
771 2389 931 2473 237)
978 2390 1340 2478 explorasse
1385 2393 1702 2458 videatur.

614 2499 717 2565 Sic
757 2498 838 2564 ad
873 2496 980 2561 VI.
1026 2497 1328 2564 96.’301.
1374 2495 1527 2564 337.
1570 2497 1722 2563 453.
1767 2497 1919 2564 543.
1962 2498 2099 2564 VH.
2146 2498 2297 2565 658.
2341 2498 2512 2564 VIII.
2556 2499 2708 2565 240.
2753 2499 2922 2566 400.

524 2604 679 2671 428.
745 2603 896 2670 621.
966 2601 1117 2670 702.
1171 2603 1322 2670 711.
1376 2603 1526 2670 747.
1593 2603 1709 2668 ΙΧ.
1758 2604 1865 2670 25.
1923 2605 2070 2670 115.
2124 2603 2277 2670 217.
2330 2603 2481 2670 447.
2538 2604 2692 2671 461.
2745 2603 2912 2670 568.

528 2707 679 2778 727.
747 2709 897 2775 729.
963 2707 1116 2775 808.
1180 2708 1333 2775 847.
1402 2710 1596 2776 1100.
1659 2711 1740 2774 Χ.
1793 2710 1852 2775 9.
1906 2709 2012 2775 65.
2071 2709 2218 2775 125.
2272 2708 2423 2777 378.
2474 2710 2630 2777 390.
2697 2711 2922 2777 Weise

524 2839 623 2882 res
671 2815 905 2881 dixisse
949 2816 1151 2880 fertur
1168 2864 1185 2892 ,
1244 2837 1405 2901 quae
1453 2821 1567 2880 aut
1615 2819 1792 2882 omni
1838 2820 2115 2882 auctoris
2157 2820 2413 2882 nomine
2461 2816 2698 2883 melius
2741 2817 2926 2882 care-

524 2928 666 2988 rent
704 2927 816 2986 aut
854 2923 988 2985 suis
1029 2941 1316 3006 quaeque
1356 2922 1725 2987 auctoribus
1761 2922 1940 2988 reddi
1974 2922 2342 2989 debuerant.
2383 2922 2526 2988 Hoc
2561 2944 2712 2990 vero
2751 2943 2928 3009 opus

524 3027 777 3094 difficile
824 3026 1053 3093 editori
1098 3027 1359 3093 fuisset:
1408 3048 1561 3092 nam
1608 3027 1817 3094 Weiss
1854 3030 1922 3092 in
1963 3028 2247 3094 fontibus
2286 3028 2640 3095 indicandis
2680 3011 2930 3115 parum

526 3133 786 3200 sedulus
832 3133 1029 3198 fuisse
1079 3133 1356 3198 videtur.

618 3237 759 3305 Hoc
822 3244 1035 3303 tamen
1094 3241 1367 3315 mirum,
1434 3239 1747 3304 editorem
1799 3243 1911 3326 qui
1959 3245 2095 3305 tam
2147 3238 2489 3326 diligenter
2535 3241 2648 3306 ubi
2696 3239 2938 3307 Weisii

526 3344 721 3410 verba
759 3343 1141 3409 describeret
1180 3347 1578 3410 annotaverit
1597 3393 1613 3422 ‚
1660 3366 1991 3430 nunquam
2032 3345 2160 3410 fere
2198 3343 2577 3411 indicavisse
2619 3346 2730 3411 ubi
2769 3343 2939 3412 alio-

528 3472 677 3515 rum
722 3449 917 3514 verba
962 3452 1276 3514 citaverit.
1327 3449 1626 3535 Exempli
1673 3454 1885 3537 gratia
1931 3471 2091 3535 quae
2130 3450 2209 3515 ad
2251 3451 2332 3515 X.
2380 3450 2510 3515 523
2553 3454 2838 3538 scripsit,
2895 3475 2936 3520 e

528 3555 880 3623 Schrevelii
928 3555 1200 3620 editione
1249 3563 1511 3642 sumpta
1559 3567 1729 3623 sunt.

621 3661 691 3728 Si
736 3663 879 3748 quis
916 3682 1067 3726 vero
1110 3660 1333 3726 Weisii
1373 3667 1578 3727 artem
1617 3661 2075 3748 interpretandi
2113 3683 2486 3749 cognoscere
2522 3662 2699 3740 vult,
2738 3660 2940 3750 legat

529 3789 691 3856 quae
740 3768 820 3833 ad
864 3767 980 3832 IX.
1034 3765 1167 3833 730
1214 3775 1279 3832 et
1328 3766 1458 3832 905
1509 3771 1794 3855 scripsit;
1848 3769 2080 3855 quibus
2125 3768 2438 3854 exemplis
2485 3772 2726 3854 optime
2769 3767 2940 3835 illu-

531 3881 813 3940 strantur
858 3874 1053 3940 verba
1100 3894 1260 3959 quae
1309 3877 1375 3938 in
1422 3873 1760 3939 Haskinsii
1798 3874 2075 3941 editione
2111 3874 2338 3940 lectori
2375 3878 2617 3940 iterum
2653 3877 2940 3940 iterum·

532 4001 657 4068 que
703 3985 1044 4045 occurrunt
1093 3985 1249 4056 „not
1295 4000 1363 4044 as
1413 3978 1623 4045 Weise
1670 3981 1850 4046 takes
1894 3979 2014 4044 it.''

624 4086 843 4151 Etiam
886 4088 955 4150 in
1000 4085 1102 4150 his
1147 4089 1429 4171 quinque
1475 4084 1656 4151 libris
1703 4085 1948 4152 multae
1996 4088 2283 4152 virorum
2330 4087 2666 4152 doctorum
2709 4105 2940 4151 emen-

537 4191 821 4256 dationes
882 4211 1041 4276 quae
1103 4193 1379 4256 citentur
1426 4194 1724 4276 quamvis
1773 4191 2190 4278 dignissimae
2209 4241 2225 4269 ,
2289 4213 2368 4257 ne
2415 4192 2608 4257 verbo
2656 4190 2940 4277 quidem

535 4297 614 4362 ab
663 4296 1009 4363 Haskinsio
1050 4303 1520 4362 memorantur:
1564 4296 1671 4360 VI.
1718 4295 1840 4362 30:
1886 4297 2146 4383 dtffum
2184 4295 2565 4374 Schrevelii‚
2609 4295 2732 4362 85:
2773 4299 2938 4362 dum

539 4400 783 4479 Grotii,
834 4399 1001 4466 382:
1054 4403 1340 4488 Bebrycio
1388 4399 1636 4480 Groui,
1690 4399 1856 4467 757:
1909 4403 2075 4467 nictu
2124 4403 2531 4480 Bersmanni,
2573 4400 2742 4466 VIII.
2787 4399 2934 4470 38:
