3192 5009
1224 950 1808 1045 HOMERICA.

1306 1220 1311 1225 ·
1390 1160 1638 1203 scmpsn·

1045 1312 1131 1379 H.
1180 1312 1357 1381 VAN
1402 1312 1980 1381 HERWERDEN.

1336 1587 1710 1633 —Qo—

420 1829 755 1918 Relegenti
826 1832 993 1895 mihi
1063 1832 1271 1895 nescio
1343 1835 1540 1916 quota
1604 1833 1744 1898 viee
1803 1831 2061 1898 Troiani
2118 1830 2269 1898 belli
2331 1832 2704 1917 scriptorem

321 1936 685 2023 complures
730 1938 891 2001 mihi
939 1958 1140 2002 novae
1188 1942 1371 2001 natae
1420 1945 1569 2002 sunt
1616 1940 1866 2016 ἀπορίαι
1887 1988 1904 2017 ,
1953 1960 2107 2025 quas
2153 1937 2398 2003 solvere
2446 1942 2706 2003 conatus

324 2066 497 2109 sum.
544 2043 703 2110 'Pam
753 2043 828 2109 de
874 2044 976 2109 his
1022 2065 1216 2129 quam
1260 2042 1339 2108 de
1384 2044 1708 2110 veteribus
1756 2044 2136 2130 quibusdam
2176 2066 2376 2130 pauca
2413 2045 2704 2110 scribam.

424 2158 467 2214 Γ
497 2148 627 2215 273
676 2152 859 2228 ἀρνῶν
906 2152 977 2214 ἐκ
1024 2157 1305 2224 κεφαλῆς
1356 2151 1554 2229 (micon
1601 2150 1807 2231 codd.)
1854 2152 2162 2226 τάμνεν
2210 2150 2455 2231 τρίχας.

324 2256 623 2341 Papyrus
683 2254 857 2320 Mus.
905 2256 1065 2320 Brit.
1116 2254 1353 2321 CXXV
1416 2254 1687 2321 collatus
1751 2277 1788 2321 a
1851 2256 2162 2344 Kenyone
2222 2258 2415 2323 habet
2484 2257 2706 2337 τάμεν,

323 2361 499 2427 1111118
544 2356 775 2427 collafo
822 2382 918 2426 vs.
968 2360 1101 2426 282
1150 2358 1382 2436 ἔταμεν
1429 2364 1770 2428 coniecerit
1813 2365 2154 2449 quispiam.
2217 2364 2304 2428 At
2350 2366 2419 2428 in
2467 2363 2705 2430 talibus

327 2473 589 2553 poetam
646 2488 759 2553 pro
820 2466 1036 2532 lubitu
1099 2468 1345 2532 utrovis
1392 2472 1678 2552 tempore
1727 2470 1828 2532 uti
1875 2490 2022 2533 cum
2070 2468 2195 2534 alia.
2237 2467 2521 2554 plurima
2564 2477 2710 2535 tum

328 2593 492 2658 quae
551 2576 619 2637 in
679 2572 874 2637 11111118
934 2575 1135 2659 ipsius
1196 2571 1321 2637 loci
1380 2575 1617 2639 vicinia
1674 2572 1983 2659 leguntur
2043 2573 2290 2640 abunde
2336 2574 2595 2653 docent,
2646 2582 2711 2641 et

326 2686 518 2745 vetus
562 2678 726 2745 illud
773 2682 1281 2765 manuscriptum
1300 2727 1314 2748 .
1363 2685 1439 2743 ut
1486 2685 1748 2765 apparet
1793 2701 1828 2745 e
1875 2680 2135 2767 reliquis
2182 2682 2478 2746 omnibus
2523 2684 2709 2747 novis

325 2784 740 2863 lectionibus,
803 2807 958 2871 quas
1020 2785 1164 2851 inde
1225 2785 1501 2872 Kenyon
1562 2784 1831 2871 protulit
1848 2834 1866 2864 ,
1927 2787 2083 2852 adeo
2145 2786 2395 2853 malum
2466 2797 2564 2853 est
2634 2795 2710 2853 ut

330 2912 589 2978 prorsus
634 2891 813 2957 nulla
858 2894 944 2957 sit
991 2894 1128 2957 eius
1174 2894 1535 2957 auctoritas.

425 3105 468 3161 Γ
498 3093 627 3163 373
675 3098 782 3161 nal
829 3096 894 3159 νύ
948 3094 1015 3161 κέ
1061 3096 1109 3161 r'
1155 3093 1494 3174 ἕξεεὲρυσσε
1547 3096 1652 3159 καὶ
1701 3092 1973 3160 ἄσπετον
2022 3096 2194 3176 ἤρετο
2241 3096 2435 3167 κῦδος.

330 3202 625 3269 Editores
685 3203 1144 3291 Lugdunenses
1205 3202 1309 3267 hio
1372 3201 1884 3267 commendatam
1946 3222 1984 3267 a
2029 3201 2090 3267 N
2092 3202 2318 3268 auekio
2363 3201 2702 3270 lectionem

332 3308 865 3394 Aristophaneam
934 3307 1237 3388 ἐξείρυσσε
1307 3314 1681 3393 receperunt
1698 3357 1714 3385 ,
1783 3308 1956 3373 idem
2028 3308 2229 3373 faeere
2293 3308 2706 3395 neglegentes

329 3414 470 3480 1888
507 3417 764 3503 gemino
808 3424 855 3479 Σ
888 3412 1036 3492 165,
1087 3413 1296 3499 „quod
1342 3414 1432 3478 ibi
1478 3435 1709 3499 parum
1758 3421 1905 3498 epta
1953 3416 2038 3478 sit
2082 3418 2411 3480 contextui
2457 3436 2712 3501 praepo-

334 3520 547 3585 siti0.''
619 3518 743 3585 Vix
802 3526 960 3607 puto
980 3570 995 3597 ,
1061 3520 1169 3586 8811
1189 3568 1204 3597 ,
1272 3528 1425 3584 utut
1486 3526 1582 3584 est
1603 3569 1619 3597 ‚
1683 3526 1950 3605 uterque
2012 3518 2188 3584 locus
2254 3520 2473 3586 eodem
2520 3522 2708 3586 modo

334 3626 699 3692 tractandus
746 3648 879 3691 8888
925 3625 1199 3703 videtur,
1249 3647 1399 3691 nam
1448 3627 1503 3689 81
1548 3627 1690 3710 quis
1737 3624 1902 3690 alius
1947 3626 2157 3689 ταύτὰ
2207 3624 2308 3689 διὰ
2351 3634 2465 3689 τῶν
2512 3629 2710 3691 αὐτῶν

338 3730 542 3797 dicere
602 3730 761 3797 solet
821 3730 1163 3797 Homerus.
1212 3730 1648 3797 Necessariam
1697 3731 1954 3816 quidem
2003 3734 2533 3817 praepositionem
2578 3753 2712 3798 esse

336 3836 559 3903 dubito
604 3842 860 3925 propter
905 3848 947 3903 P
978 3836 1128 3917 635,
1160 3835 1322 3915 713;
1374 3836 1482 3902 sed
1521 3837 1731 3915 εἶρύειν
1771 3858 1883 3922 pro
1925 3836 2138 3917 remim
2180 3837 2328 3903 ferri
2369 3860 2494 3903 non
2531 3860 2714 3924 posse

334 3942 629 4010 lubenter
674 3944 963 4010 1181188118.

434 4158 485 4212 Δ
517 4146 645 4213 465
693 4142 858 4213 εἷλκε
909 4145 961 4210 δ’
1008 4148 1111 4211 ὑπ’
1161 4147 1227 4211 ἐκ
1275 4146 1526 4225 βελέων,
1577 4145 1933 4222 λελιημένος
1981 4145 2144 4229 ὅφροι
2190 4145 2477 4228 τάχιστοι

699 4256 933 4333 τεύχεα
984 4254 1289 4327 συλήσειε.

335 4359 439 4425 Ita
497 4359 943 4446 praeeuntibus
1004 4358 1447 4425 Alexandrinis
1510 4358 1703 4446 volgo
1751 4358 2192 4445 distinguitur.
2241 4357 2339 4427 Of.
2388 4359 2585 4426 881181.
2633 4362 2710 4427 A.

336 4464 464 4533 Sed
524 4469 732 4531 1188818
786 4486 864 4530 an
927 4464 1134 4531 multo
1181 4467 1414 4531 rectius
1457 4463 1835 4531 Doederlein
1879 4463 2207 4551 virgulam
2255 4470 2716 4555 transposuerit

2358 4587 2423 4639 16
