3192 5009
500 293 630 360 358
1309 313 1394 362 1111
1441 313 1711 362 ‘murus
1755 315 2055 363 nomme.

495 479 721 546 Iovem
759 479 970 546 solum
1008 483 1378 546 invocatum
1414 501 1548 545 esse
1583 483 1655 544 in
1676 481 1976 566 auspiciis
1998 501 2149 545 cum
2171 483 2711 567 inaugurarentur
2734 503 2868 567 per-

497 607 684 652 sonae
743 592 856 651 aut
915 589 1226 662 actiones;
1294 586 1370 651 de
1419 587 1719 671 auspiciis
1766 607 1927 672 quae
1971 588 2391 672 captabantur
2433 608 2583 652 cum
2630 585 2873 672 templa

495 693 716 759 fierent
731 743 748 777 ,
811 691 974 757 611111
1035 691 1294 779 quidem
1355 691 1588 757 diserte
1648 692 1910 757 tradunt
1972 699 2259 758 auctores
2272 741 2288 770 ‚
2356 692 2465 758 sed
2510 691 2869 758 similitudo

495 799 719 864 suadet
763 806 838 863 ut
882 798 1036 864 haec
1084 800 1364 884 auspicia
1411 819 1660 884 quoque
1708 797 1787 863 ad
1832 797 2052 864 Iovem
2096 799 2463 876 referamus,
2504 819 2657 864 nam
2700 798 2875 864 Iovis

497 905 696 972 solius
731 907 1106 990 interpretes
1145 909 1320 968 erant
1359 925 1655 991 augures.
1698 903 1771 969 In
1811 904 1965 970 urbe
1998 903 2318 971 condenda
2340 907 2623 991 auspicia
2644 911 2875 992 rogata

496 1032 629 1077 esse
669 1031 706 1076 a
742 1011 892 1076 Iove
909 1060 925 1088 ‚
967 1011 1243 1077 ostendit
1283 1008 1500 1078 Cicero
1541 1032 1691 1075 cum
1729 1010 1897 1076 dicat
1933 1011 2087 1076 haec
2125 1015 2407 1097 auspicia
2430 1011 2654 1078 eadem
2676 1011 2875 1076 fuisse

497 1117 726 1204 quibus
787 1116 1105 1202 templum
1165 1117 1482 1202 quoddam
1543 1116 1714 1182 Iovis
1777 1123 1942 1182 esset
1996 1121 2419 1183 constitutum
2432 1167 2447 1196 ‚
2497 1139 2659 1205 quae
2704 1123 2877 1184 certe

497 1222 576 1289 ad
619 1223 836 1287 Iovem
883 1225 1327 1307 pertinuerunt
1356 1221 1427 1303 1).
1475 1221 1602 1288 Sed
1646 1228 1861 1288 tamen
1899 1221 2143 1309 aliquot
2180 1224 2412 1290 indicia
2449 1231 2601 1289 sunt
2637 1225 2879 1310 quibus

497 1329 770 1396 adducar
803 1335 880 1393 ut
902 1328 1153 1394 credam
1173 1378 1188 1406 ,
1215 1331 1283 1392 in
1307 1327 1909 1415 inaugurationibus
1928 1327 2216 1395 locorum
2239 1333 2435 1396 etiam
2458 1330 2587 1396 alia
2608 1333 2879 1396 numina

495 1440 788 1502 invocata
837 1456 971 1500 esse
1018 1441 1269 1521 praeter
1315 1433 1554 1499 Iovem.
1604 1432 1825 1500 Cicero
1872 1437 1941 1499 in
1988 1439 2269 1502 oratione
2308 1437 2581 1521 quadam
2617 1439 2877 1502 invocat

496 1543 644 1610 deos
707 1540 1046 1627 quosdam,
1116 1561 1272 1626 quos
1335 1541 1517 1618 „huic
1571 1541 1695 1604 loco
1758 1541 2083 1627 temploque
2128 1541 2290 1621 (6611.
2338 1545 2406 1608 16
2454 1563 2579 1628 quo
2626 1541 2879 1618 stabat,

497 1650 743 1727 rostris)
777 1646 1169 1729 praesidere''
1219 1645 1374 1712 dicit
1398 1643 1483 1726 ⁹);
1531 1653 1737 1712 rostra
1781 1653 1999 1712 autem
2038 1647 2297 1713 fuerunt
2334 1669 2369 1712 6
2408 1668 2675 1712 numero
2716 1652 2877 1712 tem·

497 1754 752 1839 plorum
797 1774 923 1818 non
969 1759 1471 1818 consecratorum
1493 1800 1510 1829 ‚
1560 1773 1761 1837 neque
1801 1753 2115 1818 habebant
2153 1774 2347 1819 suum
2386 1753 2581 1820 deum
2622 1775 2701 1820 ex
2734 1775 2887 1818 con-

497 1863 840 1926 secratione
856 1908 872 1936 ‚
937 1861 1151 1944 itaque
1198 1861 1253 1923 61
1299 1858 1404 1924 (161
1449 1858 1711 1944 quidam
1758 1859 2111 1945 praesidere
2157 1859 2457 1925 dicuntur
2504 1863 2727 1925 rostris
2745 1907 2762 1936 ,
2813 1859 2885 1923 id

498 1965 816 2052 templum
856 1987 934 2030 ex
971 1967 1461 2051 inauguratione
1501 1965 1582 2030 ad
1622 1985 1729 2031 eos
1766 1968 2145 2050 pertinuisse
2184 1987 2435 2032 necesse
2468 1973 2584 2032 est.
2610 1966 2844 2031 Livius
2862 2016 2879 2049 ,

498 2095 646 2140 cum
707 2071 1017 2136 describat
1080 2073 1290 2156 prima
1334 2073 1615 2156 auspicia
1660 2091 1698 2134 a
1744 2069 2018 2136 Romulo
2066 2077 2131 2136 et
2176 2071 2374 2138 Remo
2419 2072 2639 2137 habita
2655 2120 2672 2149 ,
2722 2071 2885 2136 dicit

496 2177 742 2264 templa
787 2177 864 2242 ab
910 2179 1001 2242 eis
1045 2185 1228 2258 capta
1274 2196 1406 2242 esse
1455 2177 1532 2242 ad
1578 2176 2131 2264 inaugurandum,
2184 2185 2302 2256 „ut
2348 2178 2480 2243 dei
2527 2197 2883 2264 quorum

497 2284 830 2351 tutelae
885 2303 976 2348 ea
1017 2281 1202 2347 loca
1247 2288 1524 2348 essent
1571 2286 1862 2369 auguriis
1906 2283 2194 2370 legerent
2242 2288 2353 2369 qui
2398 2305 2631 2349 nomen
2674 2303 2884 2349 novae

499 2391 644 2457 urbi
689 2389 974 2455 darent.''
1023 2388 1148 2452 Per
1193 2409 1260 2453 se
1308 2409 1556 2475 quoque
1604 2387 1952 2454 verisimile
2000 2398 2096 2454 est
2114 2439 2129 2467 ,
2170 2393 2239 2454 in
2278 2391 2884 2477 inaugurationibus

495 2498 784 2563 locorum
847 2497 1160 2560 rationem
1221 2494 1574 2574 habendam
1638 2495 1831 2560 fuisse
1894 2493 2168 2561 aliorum
2228 2499 2569 2562 numinum
2631 2502 2886 2581 praeter

496 2603 716 2668 Iovem
733 2651 750 2678 ‚
801 2621 1073 2686 quorum
1117 2603 1186 2664 in
1226 2601 1825 2686 inaugurationibus
1863 2601 2203 2666 hominum
2237 2606 2303 2667 et
2337 2603 2661 2667 actionum
2698 2601 2887 2668 nulla

497 2711 659 2774 ratio
726 2707 1065 2772 haberetur
1079 2727 1094 2784 ;
1167 2727 1319 2770 nam
1387 2708 1556 2771 inter
1618 2712 1919 2792 utrasque
1979 2707 2100 2772 hoc
2164 2710 2429 2773 interest
2446 2757 2461 2784 ,
2526 2707 2695 2792 quod
2758 2709 2887 2772 hae

498 2835 754 2902 prorsus
801 2812 1042 2878 solutae
1091 2817 1269 2878 erant
1315 2833 1352 2876 a
1391 2811 1522 2878 solo
1542 2861 1558 2889 ‚
1595 2814 2117 2900 inaugurationes
2157 2813 2442 2879 locorum
2478 2833 2630 2878 vero
2669 2834 2706 2878 a
2746 2813 2884 2878 solo

499 2922 663 2987 solvi
713 2940 839 2985 non
883 2925 1205 3006 poterant3
1249 2921 1428 3003 atqui
1466 2918 1737 2983 Romani
1776 2917 2059 2984 solebant
2098 2920 2391 2984 omnibus
2429 2920 2717 3004 partibus
2758 2919 2888 2984 soli

499 3030 884 3114 cogitatione
949 3025 1296 3089 attribuere
1360 3024 1506 3090 deos
1568 3024 1878 3110 quosdam
1939 3024 2044 3090 vel
2106 3028 2374 3091 numina
2418 3025 2672 3104 divina,
2720 3047 2889 3111 quae

501 3137 590 3200 616
631 3133 784 3197 16616
823 3129 1263 3216 praesidebant
1304 3151 1692 3216 quamquam
1734 3130 1913 3196 nulla
1954 3134 2416 3197 consecratione
2451 3133 2519 3197 in
2561 3153 2635 3197 ea
2658 3139 2889 3197 vocata

499 3245 708 3315 erant;
774 3244 962 3323 prout
1023 3236 1161 3302 loca
1207 3236 1286 3301 ab
1333 3236 1700 3301 hominibus
1748 3237 2214 3321 occupabantur
2260 3244 2323 3303 et
2370 3243 2539 3304 certo
2586 3240 2735 3302 usui
2782 3237 2891 3303 de-

499 3346 898 3412 stinabantur
913 3394 929 3425 ,
979 3343 1132 3408 11666
1173 3345 1439 3407 numina
1476 3341 1766 3408 locorum
1800 3341 2105 3428 appellari
2143 3349 2477 3430 coeperant
2516 3345 2888 3410 nominibus

502 3450 882 3538 quibusdam
943 3447 1348 3535 generalibus
1397 3447 1667 3513 diversis
1684 3469 1701 3526 ;
1753 3448 2129 3536 plerumque
2188 3449 2411 3540 iares
2473 3449 2885 3529 dicebantur,

501 3578 652 3622 nam
676 3557 795 3620 hoc
821 3575 1052 3619 nomen
1075 3556 1368 3639 quamvis
1391 3557 1644 3640 proprie
1670 3557 2012 3640 pertineret
2036 3577 2161 3621 non
2186 3556 2263 3621 ad
2288 3558 2553 3622 numina
2570 3555 2885 3635 locorum,

501 3663 611 3729 sed
657 3660 736 3727 ad
776 3661 922 3725 deos
960 3662 1378 3746 procreationi
1416 3660 1733 3726 humanae
1775 3662 2199 3746 praesidentes
2242 3663 2463 3747 (quam
2502 3661 2581 3726 ob
2621 3682 2885 3728 causam

498 3768 663 3834 lares
699 3767 983 3831 habitare
1021 3766 1408 3850 putabantur
1445 3769 1512 3830 in
1534 3767 1741 3852 focis,
1784 3775 2104 3832 sacratum
2143 3769 2263 3834 sibi
2310 3768 2628 3833 habebant
2652 3769 2845 3850 {quem
2864 3817 2883 3848 ,

502 3873 934 3940 referebantur
994 3873 1278 3957 imagine
1326 3871 1604 3956 fascini)
1623 3920 1639 3948 ‚
1706 3877 1926 3937 tamen
1989 3875 2185 3938 etiam
2232 3873 2615 3939 translatum
2661 3879 2759 3939 est
2802 3873 2889 3938 ad

502 3983 768 4045 numina
803 3977 1090 4043 locorum
1109 4025 1124 4054 ‚
1167 3983 1232 4043 et
1266 3977 1418 4043 haec
1457 3980 1725 4042 numina
1762 3978 2131 4044 dicebantur
2167 3979 2329 4045 lares
2354 3987 2667 4065 quatenus
2694 3980 2885 4046 affixa

571 4223 623 4285 1)
659 4221 762 4273 Cic.
796 4221 944 4272 Catil.
982 4221 1024 4270 1.
1046 4223 1122 4270 18.
1145 4223 1234 4270 38:
1275 4225 1358 4272 atu
1392 4221 1614 4286 Iuppiter
1649 4222 1858 4286 (Stator)
1894 4221 1977 4285 qni
2011 4221 2189 4271 eisdem
2222 4222 2392 4286 quibus
2426 4221 2541 4272 11666
2580 4221 2693 4273 urba
2723 4222 2889 4289 auspi·

500 4304 588 4354 6116
619 4320 648 4354 a
681 4304 888 4354 Romulo
922 4320 972 4353 66
1005 4301 1338 4354 coustitutus’'.
1373 4329 1438 4340 -
1475 4303 1530 4367 8)
1565 4304 1667 4353 Cic.
1702 4305 1759 4354 de
1792 4304 1905 4368 imp.
1940 4305 2031 4352 Cu.
2068 4304 2239 4370 Pomp.
2276 4306 2355 4354 24.
2378 4306 2471 4358 ¹10:
2510 4309 2691 4354 ,166161
2718 4320 2886 4359 omnen

501 4387 636 4447 (1666,
672 4402 842 4454 eosque
876 4386 1074 4436 maxime
1108 4386 1192 4450 qui
1226 4385 1339 4436 huic
1372 4385 1476 4434 loco
1510 4385 1783 4453 temploque
1817 4385 2138 4450 praesident”.
