3192 5009
1097 364 1182 414 nn
1229 363 1536 416 Amsrmn
1585 363 1909 414 nmsrom.
2547 341 2678 411 265

296 541 509 623 pretes
567 537 661 600 ita
719 535 874 600 haec
937 533 1250 619 explicare
1269 583 1286 612 ,
1353 541 1427 599 ut
1471 554 1820 620 pronomen
1869 530 2214 620 relativum
2260 533 2555 617 respiciat
2604 530 2685 595 ad

296 642 685 709 vocabulum
733 641 1110 718 πρεσβείανε
1158 663 1343 720 „eam
1380 641 1825 728 (legationem)
1864 659 2119 704 summo
2159 638 2369 704 studio
2406 638 2684 704 obiimus

296 756 641 836 postquam
711 751 1031 814 occasione
1101 747 1315 814 oblata
1384 769 1607 835 regem
1675 747 1953 813 adiimus
2022 747 2216 812 verba
2275 745 2509 811 facturi
2570 767 2685 830 pro

293 854 616 920 Iudaeis'’.
677 853 801 920 Sed
864 854 962 919 illi
1021 856 1526 938 interpretationi
1587 852 1798 918 multa
1847 853 2117 918 obstant.
2168 852 2466 918 Primum
2513 854 2687 916 enim

301 962 542 1027 durum
604 967 670 1027 et
714 982 792 1026 ne
842 963 910 1024 in
958 961 1077 1026 hoc
1124 960 1383 1047 quidem
1429 961 1739 1044 scriptore
1786 957 2118 1025 ferendum
2163 957 2420 1023 videtur
2465 978 2688 1043 prono-

299 1089 455 1134 men
512 1065 858 1132 relativum
920 1066 1142 1132 referri
1193 1065 1272 1131 ad
1319 1065 1797 1130 substantivum
1815 1114 1832 1143 ,
1882 1064 2049 1150 quod
2068 1113 2084 1142 ,
2132 1062 2329 1151 longa
2376 1066 2689 1130 sententia

295 1175 677 1259 interposita
694 1222 710 1251 ‚
765 1179 945 1238 tanto
995 1175 1198 1258 spatio
1246 1172 1323 1237 ab
1379 1192 1451 1237 eo
1499 1174 1871 1257 pronomine
1918 1175 2240 1236 remotum
2290 1172 2395 1235 sit.
2444 1168 2568 1235 Sed
2614 1175 2691 1234 ut

303 1281 428 1345 hoc
486 1281 750 1344 mittam
768 1328 785 1357 ,
848 1299 1053 1344 nonne
1115 1299 1371 1363 prorsus
1417 1277 1546 1342 alia
1589 1275 1971 1364 significatio
2017 1279 2193 1342 vocis
2240 1275 2547 1354 πρεσβεία
2593 1280 2691 1341 est

301 1388 363 1450 si
428 1388 572 1470 quis
642 1385 795 1449 dicit
865 1383 1204 1461 πρεσβείαν
1278 1382 1603 1448 ἐπιδιδόναι
1676 1382 1896 1446 ἑαυτὸν
1966 1403 2159 1469 quam
2230 1384 2286 1446 si
2350 1380 2690 1462 πρεσβείαν

305 1487 650 1556 ποιεῖσθαιῖ
697 1488 841 1555 Hoc
888 1492 1058 1555 enim
1103 1488 1443 1575 legationis
1489 1509 1727 1553 munus
1772 1487 2043 1565 indicat,
2091 1486 2256 1553 illud
2304 1489 2475 1572 ipsos
2520 1487 2692 1574 lega-

307 1603 442 1676 tos3
492 1596 665 1662 idem
709 1617 862 1683 ergo
904 1593 1082 1661 valet
1126 1602 1341 1661 nostro
1383 1593 1521 1659 loco
1570 1593 1877 1675 πρεσβεία
1925 1593 2093 1680 quod
2134 1592 2447 1671 πρέσβεις,
2488 1615 2691 1679 neque

308 1703 392 1768 ad
429 1701 596 1768 illud
631 1708 800 1767 recte
840 1702 1070 1768 referas
1109 1701 1304 1766 verba
1332 1691 1440 1777 ,ἣν
1468 1700 1955 1776 ἐποιησάμεθα”.
1998 1698 2068 1764 Si
2093 1702 2234 1786 quis
2257 1706 2475 1765 autem
2499 1705 2694 1788 negat

307 1812 378 1874 in
425 1808 791 1896 neglegenti
838 1811 1143 1893 scriptore
1189 1815 1254 1873 et
1292 1809 1404 1872 vix
1452 1803 1680 1873 Graeci
1728 1809 2037 1872 sermonis
2084 1809 2239 1872 satis
2286 1810 2492 1892 perito
2537 1806 2696 1873 talia

312 1917 665 2000 vituperari
705 1919 993 2000 oportere
1011 1963 1027 1992 ‚
1053 1913 1228 1978 aliud
1252 1918 1557 1998 superest.
1586 1913 1831 1990 Λαβεῒν
1861 1913 2060 1992 καιρὸν
2090 1916 2526 1990 „occasionem
2548 1935 2697 1979 nan-

315 2020 507 2086 cisci’'
551 2019 887 2108 significat,
927 2040 1052 2085 non
1077 2027 1292 2084 tamen
1320 2021 1685 2096 „occasione
1709 2019 1857 2083 data
1881 2018 1957 2083 de
1979 2017 2195 2105 aliqua
2216 2040 2283 2085 re
2307 2019 2691 2085 disserere”:

315 2129 533 2212 itaque
573 2133 894 2192 extremae
933 2129 1280 2192 sententiae
1318 2146 1462 2210 pars
1501 2125 1813 2211 quaedam
1856 2125 2051 2190 deest.
2100 2124 2323 2205 Quivis
2360 2126 2537 2192 videt
2576 2126 2696 2191 hoc

321 2232 524 2298 dicere
562 2232 842 2299 voluisse
884 2234 1237 2298 Aristeam:
1281 2279 1315 2308 „
1324 2229 1494 2298 Cum
1530 2237 1891 2297 memoratu
1916 2230 2295 2318 dignissima
2318 2233 2402 2295 sit
2424 2231 2697 2318 legatio-

317 2342 416 2403 nis
461 2345 711 2404 nostrae
758 2341 1037 2403 narratio
1055 2387 1071 2415 ,
1121 2338 1245 2402 tibi
1291 2359 1482 2424 quem
1521 2337 1678 2403 talia
1716 2339 2046 2424 permagni
2087 2336 2290 2402 facere
2328 2339 2479 2402 novi
2495 2386 2512 2415 ,
2553 2359 2692 2402 rem

315 2466 649 2531 exponam.
699 2443 911 2509 Simul
957 2465 1108 2510 vero
1123 2493 1140 2522 ,
1190 2443 1498 2530 quidnam
1544 2465 1735 2530 opera
1781 2463 1927 2508 mea
1969 2441 2221 2508 Iudaeis
2264 2443 2433 2528 apud
2474 2464 2696 2531 regem

316 2550 655 2636 profuerit,
719 2551 982 2614 narrabo
1048 2550 1165 2614 tibi
1186 2599 1202 2627 ,
1269 2570 1421 2614 nam
1462 2555 1526 2614 et
1571 2550 1690 2614 hoc
1736 2548 2007 2637 dignum
2053 2554 2151 2614 est
2195 2549 2363 2635 quod
2410 2549 2695 2615 audias”.

317 2657 410 2722 Eo
478 2656 666 2722 modo
737 2655 1060 2742 aliquanto
1129 2655 1364 2721 melius
1427 2659 1630 2721 oratio
1692 2655 2021 2742 procedet:
2085 2659 2417 2741 perpaucis
2480 2661 2699 2721 autem

318 2764 586 2827 mutatis
633 2765 1006 2848 scriptorem
1049 2761 1118 2826 id
1164 2761 1480 2828 dicentem
1529 2763 1907 2828 habebimus
1924 2811 1941 2840 ,
1996 2765 2053 2826 si
2096 2765 2163 2826 in
2210 2761 2381 2828 hunc
2428 2763 2694 2829 modum

317 2871 696 2935 sententiam
731 2872 1206 2955 scripserimus:
1239 2867 1358 2932 ’Ἡν
1398 2863 1476 2933 δὲ
1517 2870 1621 2934 καὶ
1660 2868 2056 2944 ἐποιησάμεθ’
2101 2869 2276 2946 ἡμεῖς
2324 2870 2695 2950 σπουδὴν,

316 2973 624 3051 λαβόντες
673 2975 874 3054 καιρὸν
921 2974 1064 3053 πρὸς
1113 2975 1430 3053 βασιλέα,
1471 2974 1605 3053 περὶ
1647 2977 1765 3038 τῶν
1802 2973 2301 3052 μετοικισθέντων
2342 2977 2423 3048 εἰς
2454 2974 2700 3055 Αἴγυπ-

318 3102 420 3144 τον
464 3081 530 3144 ἐκ
578 3087 688 3155 τῆς
739 3079 1038 3150 Ἰουδαιάι.Ι
1091 3081 1202 3144 ὑπὸ
1254 3085 1359 3145 τοῦ
1408 3079 1641 3159 πατρὸς
1690 3085 1796 3145 τοῦ
1844 3081 2154 3160 βασιλέως
2198 3085 2443 3161 πρώτως
2485 3106 2701 3160 κεκτη-

319 3186 498 3263 μένου
565 3187 675 3261 τήν
737 3210 806 3250 τε
871 3184 1068 3264 πόλιν,
1134 3187 1237 3250 καὶ
1302 3187 1387 3251 τα
1452 3187 1621 3251 κατὰ
1670 3189 1781 3263 τὴν
1828 3187 2147 3264 Αἴγυπτον
2199 3191 2692 3269 παρειληφότος,

322 3288 490 3368 ἄξιόν
537 3293 666 3356 ἐστι
713 3293 816 3356 καὶ
867 3293 1078 3358 ταῦτα
1125 3316 1214 3359 σοι
1264 3293 1553 3366 δηλῶσαι.

414 3421 475 3484 p.
521 3397 626 3463 14.
655 3395 714 3464 7.
755 3399 1114 3476 Φιλομαθῶς
1143 3403 1267 3479 γὰρ
1293 3397 1504 3479 ἔχοντί
1545 3421 1664 3464 σοι
1705 3399 1838 3479 περὶ
1864 3405 1979 3464 τῶν
2005 3399 2349 3474 δυναμένων
2374 3403 2695 3480 ὠφελῆσαι

323 3503 587 3570 διάνοιαν
651 3504 776 3570 δέον
837 3506 968 3568 ἐστι
1029 3503 1455 3583 μεταδιδόναι,
1519 3505 1807 3581 μάλιστα
1870 3506 1983 3582 μὲν
2046 3509 2201 3571 πᾶσι
2263 3505 2696 3586 τοῑςόμοίοις,

323 3613 532 3693 πολλῷ
594 3612 658 3677 δὲ
721 3615 968 3682 μᾶλλον
1029 3613 1118 3676 σοὶ
1164 3613 1426 3688 γνησίαν
1477 3609 1681 3690 ἔχοντι
1730 3614 1838 3686 τὴν
1888 3609 2134 3690 αἵρεσιν,
2184 3613 2251 3676 οὐ
2299 3612 2479 3688 μόνον
2526 3615 2697 3678 κατὰ

322 3718 394 3782 τὸ
458 3719 753 3796 συγγενὲς
803 3718 1058 3796 ἀδελφῷ
1107 3721 1439 3782 καθεστῶτι
1490 3719 1589 3783 τὸν
1641 3716 1879 3796 τρόπον,
1930 3718 2107 3783 ἀλλὰ
2154 3719 2258 3783 καὶ
2310 3728 2386 3801 τῇ
2436 3719 2579 3799 πρὸς
2628 3719 2697 3784 τὸ

323 3823 513 3889 καλὸν
564 3823 714 3904 όρμῇ
765 3825 867 3888 τὸν
918 3824 1103 3889 αὐτὸν
1148 3822 1294 3887 ὄντα
1345 3827 1510 3898 ἡμῖν.

416 3950 506 3993 vs.
559 3924 619 3994 7.
693 3949 1042 4013 pronomen
1109 3952 1196 3993 σοι
1262 3928 1761 4015 expungendum
1821 3929 2098 3994 videtur.
2166 3928 2242 3994 In
2290 3931 2701 4015 sequentibus

321 4041 543 4102 autem
609 4038 1008 4121 transpositis
1071 4036 1284 4101 verbis
1349 4037 1549 4100 oratio
1566 4084 1582 4112 ‚
1646 4038 1713 4099 ni
1775 4034 1977 4112 fallor,
2041 4035 2301 4101 confusa
2356 4041 2454 4102 est
2468 4084 2487 4114 ,
2538 4037 2704 4123 quod

322 4144 576 4227 saepius
636 4144 705 4206 in
749 4148 967 4207 nostra
1011 4141 1279 4226 epistola
1326 4142 1566 4207 factum
1613 4163 1747 4207 esse
1795 4147 1858 4207 et
1907 4140 2061 4206 alibi
2105 4146 2172 4206 et
2218 4142 2335 4208 hoc
2378 4143 2519 4228 ipso
2566 4142 2703 4209 loco

323 4249 567 4316 codices
613 4249 954 4315 ostendunt
973 4270 988 4327 ;
1039 4249 1309 4336 vulgata
1355 4252 1528 4315 enim
1571 4248 1764 4315 lectio
1803 4269 1927 4314 non
1966 4256 2061 4314 est
2098 4270 2193 4313 vs.
2225 4246 2264 4313 9
2313 4271 2403 4313 σοι
2444 4250 2703 4326 γνησίαν

325 4353 530 4435 ἔχοντι
569 4375 799 4420 verum
823 4356 1085 4432 γνησίαν
1111 4353 1320 4434 ἔχοντί
1341 4378 1450 4419 σοι.
1491 4353 1737 4420 Locum
1760 4361 2131 4439 corruptum
2156 4373 2289 4420 esse
2313 4352 2707 4421 Schmidtius

323 4482 574 4548 quoque
633 4462 831 4540 vidit3
895 4464 951 4527 is
1015 4463 1188 4527 enim
1245 4461 1325 4527 ad
1388 4466 1707 4528 extrema:
1761 4459 2168 4546 „exspectes”
2214 4462 2456 4545 inquit,
2508 4461 2709 4539 „dati-

2353 4579 2415 4630 18
