<?xml version="1.0" encoding="UTF-8"?>
<!DOCTYPE html PUBLIC "-//W3C//DTD XHTML 1.0 Transitional//EN"
    "http://www.w3.org/TR/xhtml1/DTD/xhtml1-transitional.dtd">
<html xmlns="http://www.w3.org/1999/xhtml" xml:lang="en" lang="en">
 <head>
  <title>
</title>
<meta http-equiv="Content-Type" content="text/html;charset=utf-8" />
  <meta name='ocr-system' content='tesseract 3.04.00' />
  <meta name='ocr-capabilities' content='ocr_page ocr_carea ocr_par ocr_line ocrx_word'/>
</head>
<body>
  <div class='ocr_page' id='page_1' title='image "./mnemosyne07servgoog_0863.png"; bbox 0 0 3192 5009; ppageno 0'>
   <div class='ocr_carea' id='block_1_1' title="bbox 1073 349 2635 419">
    <p class='ocr_par' dir='ltr' id='par_1_1' title="bbox 1073 349 2635 419">
     <span class='ocr_line' id='line_1_1' title="bbox 1073 349 2635 419; baseline 0.002 -3"><span class='ocrx_word' id='word_1_1' title='bbox 1073 367 1157 416; x_wconf 78' lang='lat' dir='ltr'><strong>nn</strong></span> <span class='ocrx_word' id='word_1_2' title='bbox 1204 369 1472 418; x_wconf 74' lang='lat' dir='ltr'><strong>rnnrms</strong></span> <span class='ocrx_word' id='word_1_3' title='bbox 1517 367 1817 418; x_wconf 69' lang='lat' dir='ltr'><strong>somme.</strong></span> <span class='ocrx_word' id='word_1_4' title='bbox 2506 349 2635 419; x_wconf 83' lang='lat'><strong>383</strong></span> 
     </span>
    </p>
   </div>
   <div class='ocr_carea' id='block_1_2' title="bbox 249 534 2646 3806">
    <p class='ocr_par' dir='ltr' id='par_1_2' title="bbox 249 534 2646 3806">
     <span class='ocr_line' id='line_1_2' title="bbox 254 534 2645 622; baseline 0.001 -24"><span class='ocrx_word' id='word_1_5' title='bbox 254 537 700 600; x_wconf 81' lang='lat' dir='ltr'><strong>maximarum</strong></span> <span class='ocrx_word' id='word_1_6' title='bbox 746 536 970 601; x_wconf 91' lang='lat' dir='ltr'><strong>eodem</strong></span> <span class='ocrx_word' id='word_1_7' title='bbox 1013 534 1274 600; x_wconf 86' lang='lat' dir='ltr'><strong>consilio</strong></span> <span class='ocrx_word' id='word_1_8' title='bbox 1318 538 1526 621; x_wconf 89' lang='lat' dir='ltr'><strong>posita</strong></span> <span class='ocrx_word' id='word_1_9' title='bbox 1569 557 1697 600; x_wconf 90' lang='lat' dir='ltr'><strong>non</strong></span> <span class='ocrx_word' id='word_1_10' title='bbox 1742 534 2089 601; x_wconf 89' lang='lat' dir='ltr'><strong>tollebatur</strong></span> <span class='ocrx_word' id='word_1_11' title='bbox 2130 541 2474 622; x_wconf 77' lang='lat' dir='ltr'><strong>antequam</strong></span> <span class='ocrx_word' id='word_1_12' title='bbox 2510 559 2645 622; x_wconf 89' lang='lat' dir='ltr'><strong>per-</strong></span> 
     </span>
     <span class='ocr_line' id='line_1_3' title="bbox 253 639 2645 725; baseline 0 -19"><span class='ocrx_word' id='word_1_13' title='bbox 253 647 410 706; x_wconf 86' lang='lat' dir='ltr'><strong>acta</strong></span> <span class='ocrx_word' id='word_1_14' title='bbox 467 663 762 708; x_wconf 88' lang='lat' dir='ltr'><strong>mensura</strong></span> <span class='ocrx_word' id='word_1_15' title='bbox 820 643 1026 706; x_wconf 89' lang='lat' dir='ltr'><strong>forma</strong></span> <span class='ocrx_word' id='word_1_16' title='bbox 1084 639 1212 706; x_wconf 88' lang='lat' dir='ltr'><strong>loci</strong></span> <span class='ocrx_word' id='word_1_17' title='bbox 1264 644 1333 705; x_wconf 92' lang='lat' dir='ltr'><strong>in</strong></span> <span class='ocrx_word' id='word_1_18' title='bbox 1385 662 1486 706; x_wconf 86' lang='lat' dir='ltr'><strong>aes</strong></span> <span class='ocrx_word' id='word_1_19' title='bbox 1531 645 1733 706; x_wconf 86' lang='lat' dir='ltr'><strong>incisa</strong></span> <span class='ocrx_word' id='word_1_20' title='bbox 1778 641 2021 706; x_wconf 79' lang='lat' dir='ltr'><strong>adesset</strong></span> <span class='ocrx_word' id='word_1_21' title='bbox 2053 641 2100 725; x_wconf 89' lang='lat'><strong>¹)</strong></span> <span class='ocrx_word' id='word_1_22' title='bbox 2116 662 2133 718; x_wconf 92' lang='lat'>;</span> <span class='ocrx_word' id='word_1_23' title='bbox 2182 645 2253 706; x_wconf 89' lang='lat' dir='ltr'><strong>in</strong></span> <span class='ocrx_word' id='word_1_24' title='bbox 2299 643 2399 707; x_wconf 89' lang='lat' dir='ltr'><strong>his</strong></span> <span class='ocrx_word' id='word_1_25' title='bbox 2446 645 2645 708; x_wconf 86' lang='lat' dir='ltr'><strong>omni-</strong></span> 
     </span>
     <span class='ocr_line' id='line_1_4' title="bbox 254 747 2641 834; baseline 0 -22"><span class='ocrx_word' id='word_1_26' title='bbox 254 748 391 812; x_wconf 87' lang='lat' dir='ltr'><strong>bus</strong></span> <span class='ocrx_word' id='word_1_27' title='bbox 431 768 658 834; x_wconf 85' lang='lat' dir='ltr'><strong>groma</strong></span> <span class='ocrx_word' id='word_1_28' title='bbox 695 770 807 812; x_wconf 86' lang='lat' dir='ltr'><strong>suo</strong></span> <span class='ocrx_word' id='word_1_29' title='bbox 843 748 979 814; x_wconf 94' lang='grc'><strong>1060</strong></span> <span class='ocrx_word' id='word_1_30' title='bbox 1018 751 1225 832; x_wconf 87' lang='lat' dir='ltr'><strong>posita</strong></span> <span class='ocrx_word' id='word_1_31' title='bbox 1259 747 1731 813; x_wconf 79' lang='lat' dir='ltr'><strong>demonstrabat</strong></span> <span class='ocrx_word' id='word_1_32' title='bbox 1768 747 2177 813; x_wconf 90' lang='lat' dir='ltr'><strong>directionem</strong></span> <span class='ocrx_word' id='word_1_33' title='bbox 2215 748 2641 826; x_wconf 70' lang='lat' dir='ltr'><strong>limitationis,</strong></span> 
     </span>
     <span class='ocr_line' id='line_1_5' title="bbox 253 854 2641 939; baseline 0.002 -22"><span class='ocrx_word' id='word_1_34' title='bbox 253 873 418 918; x_wconf 86' lang='lat' dir='ltr'><strong>cum</strong></span> <span class='ocrx_word' id='word_1_35' title='bbox 476 854 782 920; x_wconf 84' lang='lat' dir='ltr'><strong>indicaret</strong></span> <span class='ocrx_word' id='word_1_36' title='bbox 843 875 966 939; x_wconf 90' lang='lat' dir='ltr'><strong>qua</strong></span> <span class='ocrx_word' id='word_1_37' title='bbox 1028 859 1238 918; x_wconf 81' lang='lat' dir='ltr'><strong>essent</strong></span> <span class='ocrx_word' id='word_1_38' title='bbox 1291 861 1502 938; x_wconf 84' lang='lat' dir='ltr'><strong>partes</strong></span> <span class='ocrx_word' id='word_1_39' title='bbox 1549 856 1764 916; x_wconf 66' lang='lat' dir='ltr'><strong>dextra</strong></span> <span class='ocrx_word' id='word_1_40' title='bbox 1810 861 1875 920; x_wconf 87' lang='lat' dir='ltr'><strong>et</strong></span> <span class='ocrx_word' id='word_1_41' title='bbox 1920 854 2173 918; x_wconf 66' lang='lat' dir='ltr'><strong>sinistra</strong></span> <span class='ocrx_word' id='word_1_42' title='bbox 2189 903 2207 932; x_wconf 89' lang='lat'><strong>,</strong></span> <span class='ocrx_word' id='word_1_43' title='bbox 2256 855 2460 920; x_wconf 73' lang='lat' dir='ltr'><strong>antica</strong></span> <span class='ocrx_word' id='word_1_44' title='bbox 2505 858 2641 921; x_wconf 82' lang='lat' dir='ltr'><strong>sive</strong></span> 
     </span>
     <span class='ocr_line' id='line_1_6' title="bbox 249 959 2643 1045; baseline 0.001 -21"><span class='ocrx_word' id='word_1_45' title='bbox 249 959 506 1024; x_wconf 80' lang='lat' dir='ltr'><strong>ultrata</strong></span> <span class='ocrx_word' id='word_1_46' title='bbox 549 966 615 1024; x_wconf 91' lang='lat' dir='ltr'><strong>et</strong></span> <span class='ocrx_word' id='word_1_47' title='bbox 648 960 888 1043; x_wconf 71' lang='lat' dir='ltr'><strong>postica</strong></span> <span class='ocrx_word' id='word_1_48' title='bbox 932 962 1066 1024; x_wconf 84' lang='lat' dir='ltr'><strong>sive</strong></span> <span class='ocrx_word' id='word_1_49' title='bbox 1107 962 1333 1024; x_wconf 88' lang='lat' dir='ltr'><strong>citrata</strong></span> <span class='ocrx_word' id='word_1_50' title='bbox 1351 1006 1366 1034; x_wconf 90' lang='lat'>‚</span> <span class='ocrx_word' id='word_1_51' title='bbox 1407 964 1472 1024; x_wconf 88' lang='lat' dir='ltr'><strong>et</strong></span> <span class='ocrx_word' id='word_1_52' title='bbox 1508 981 1989 1045; x_wconf 79' lang='lat' dir='ltr'><strong>nonnumquam</strong></span> <span class='ocrx_word' id='word_1_53' title='bbox 2025 963 2093 1024; x_wconf 89' lang='lat' dir='ltr'><strong>in</strong></span> <span class='ocrx_word' id='word_1_54' title='bbox 2132 964 2435 1026; x_wconf 83' lang='lat' dir='ltr'><strong>extremis</strong></span> <span class='ocrx_word' id='word_1_55' title='bbox 2471 962 2643 1027; x_wconf 88' lang='lat' dir='ltr'><strong>brac-</strong></span> 
     </span>
     <span class='ocr_line' id='line_1_7' title="bbox 253 1063 2641 1151; baseline 0.001 -21"><span class='ocrx_word' id='word_1_56' title='bbox 253 1067 428 1130; x_wconf 80' lang='lat' dir='ltr'><strong>chiis</strong></span> <span class='ocrx_word' id='word_1_57' title='bbox 471 1067 664 1130; x_wconf 88' lang='lat' dir='ltr'><strong>etiam</strong></span> <span class='ocrx_word' id='word_1_58' title='bbox 712 1069 878 1131; x_wconf 88' lang='lat' dir='ltr'><strong>notis</strong></span> <span class='ocrx_word' id='word_1_59' title='bbox 925 1065 1292 1151; x_wconf 82' lang='lat' dir='ltr'><strong>designatae</strong></span> <span class='ocrx_word' id='word_1_60' title='bbox 1339 1071 1516 1130; x_wconf 89' lang='lat' dir='ltr'><strong>erant</strong></span> <span class='ocrx_word' id='word_1_61' title='bbox 1554 1063 1714 1130; x_wconf 88' lang='lat' dir='ltr'><strong>caeli</strong></span> <span class='ocrx_word' id='word_1_62' title='bbox 1750 1075 1961 1151; x_wconf 87' lang='lat' dir='ltr'><strong>partes</strong></span> <span class='ocrx_word' id='word_1_63' title='bbox 1978 1115 1996 1143; x_wconf 89' lang='lat'><strong>,</strong></span> <span class='ocrx_word' id='word_1_64' title='bbox 2053 1069 2119 1130; x_wconf 90' lang='lat' dir='ltr'><strong>in</strong></span> <span class='ocrx_word' id='word_1_65' title='bbox 2158 1087 2313 1151; x_wconf 89' lang='lat' dir='ltr'><strong>quas</strong></span> <span class='ocrx_word' id='word_1_66' title='bbox 2351 1067 2641 1134; x_wconf 86' lang='lat' dir='ltr'><strong>bracchia</strong></span> 
     </span>
     <span class='ocr_line' id='line_1_8' title="bbox 251 1171 2641 1260; baseline 0.001 -23"><span class='ocrx_word' id='word_1_67' title='bbox 251 1172 597 1238; x_wconf 87' lang='lat' dir='ltr'><strong>tenderent</strong></span> <span class='ocrx_word' id='word_1_68' title='bbox 622 1171 695 1256; x_wconf 78' lang='lat'><strong>²).</strong></span> <span class='ocrx_word' id='word_1_69' title='bbox 735 1210 819 1220; x_wconf 94' lang='lat'>—</span> <span class='ocrx_word' id='word_1_70' title='bbox 867 1171 1324 1251; x_wconf 79' lang='lat' dir='ltr'><strong>Quaerentibus</strong></span> <span class='ocrx_word' id='word_1_71' title='bbox 1375 1173 1556 1236; x_wconf 90' lang='lat' dir='ltr'><strong>nobis</strong></span> <span class='ocrx_word' id='word_1_72' title='bbox 1591 1192 1753 1237; x_wconf 91' lang='lat' dir='ltr'><strong>num</strong></span> <span class='ocrx_word' id='word_1_73' title='bbox 1790 1174 1985 1237; x_wconf 87' lang='lat' dir='ltr'><strong>etiam</strong></span> <span class='ocrx_word' id='word_1_74' title='bbox 2026 1193 2302 1260; x_wconf 80' lang='lat' dir='ltr'><strong>augures</strong></span> <span class='ocrx_word' id='word_1_75' title='bbox 2343 1173 2641 1240; x_wconf 87' lang='lat' dir='ltr'><strong>adhibue-</strong></span> 
     </span>
     <span class='ocr_line' id='line_1_9' title="bbox 249 1277 2643 1365; baseline 0.001 -23"><span class='ocrx_word' id='word_1_76' title='bbox 249 1281 398 1342; x_wconf 89' lang='lat' dir='ltr'><strong>rint</strong></span> <span class='ocrx_word' id='word_1_77' title='bbox 442 1299 735 1365; x_wconf 85' lang='lat' dir='ltr'><strong>gromam</strong></span> <span class='ocrx_word' id='word_1_78' title='bbox 752 1329 768 1357; x_wconf 93' lang='lat'><strong>,</strong></span> <span class='ocrx_word' id='word_1_79' title='bbox 817 1277 1072 1344; x_wconf 82' lang='lat' dir='ltr'><strong>difficile</strong></span> <span class='ocrx_word' id='word_1_80' title='bbox 1119 1285 1215 1343; x_wconf 90' lang='lat' dir='ltr'><strong>est</strong></span> <span class='ocrx_word' id='word_1_81' title='bbox 1262 1300 1637 1364; x_wconf 90' lang='lat' dir='ltr'><strong>responsum</strong></span> <span class='ocrx_word' id='word_1_82' title='bbox 1681 1281 1989 1344; x_wconf 81' lang='lat' dir='ltr'><strong>invenire.</strong></span> <span class='ocrx_word' id='word_1_83' title='bbox 2047 1279 2171 1344; x_wconf 89' lang='lat' dir='ltr'><strong>Pro</strong></span> <span class='ocrx_word' id='word_1_84' title='bbox 2218 1301 2291 1346; x_wconf 89' lang='lat' dir='ltr'><strong>ea</strong></span> <span class='ocrx_word' id='word_1_85' title='bbox 2330 1284 2643 1346; x_wconf 86' lang='lat' dir='ltr'><strong>sententia</strong></span> 
     </span>
     <span class='ocr_line' id='line_1_10' title="bbox 251 1383 2643 1472; baseline 0.001 -23"><span class='ocrx_word' id='word_1_86' title='bbox 251 1385 384 1450; x_wconf 91' lang='lat' dir='ltr'><strong>hoc</strong></span> <span class='ocrx_word' id='word_1_87' title='bbox 421 1384 627 1450; x_wconf 87' lang='lat' dir='ltr'><strong>afferri</strong></span> <span class='ocrx_word' id='word_1_88' title='bbox 664 1406 788 1450; x_wconf 92' lang='lat' dir='ltr'><strong>non</strong></span> <span class='ocrx_word' id='word_1_89' title='bbox 827 1390 1069 1471; x_wconf 91' lang='lat' dir='ltr'><strong>potest,</strong></span> <span class='ocrx_word' id='word_1_90' title='bbox 1118 1387 1185 1448; x_wconf 89' lang='lat' dir='ltr'><strong>in</strong></span> <span class='ocrx_word' id='word_1_91' title='bbox 1224 1383 1464 1447; x_wconf 75' lang='lat' dir='ltr'><strong>urbibus</strong></span> <span class='ocrx_word' id='word_1_92' title='bbox 1510 1386 1833 1448; x_wconf 69' lang='lat' dir='ltr'><strong>condendis</strong></span> <span class='ocrx_word' id='word_1_93' title='bbox 1878 1406 2173 1472; x_wconf 84' lang='lat' dir='ltr'><strong>gromam</strong></span> <span class='ocrx_word' id='word_1_94' title='bbox 2221 1407 2355 1452; x_wconf 90' lang='lat' dir='ltr'><strong>esse</strong></span> <span class='ocrx_word' id='word_1_95' title='bbox 2404 1386 2643 1452; x_wconf 89' lang='lat' dir='ltr'><strong>adhibi-</strong></span> 
     </span>
     <span class='ocr_line' id='line_1_11' title="bbox 253 1489 2644 1579; baseline 0.001 -24"><span class='ocrx_word' id='word_1_96' title='bbox 253 1497 404 1555; x_wconf 89' lang='lat' dir='ltr'><strong>tam</strong></span> <span class='ocrx_word' id='word_1_97' title='bbox 450 1493 622 1579; x_wconf 83' lang='lat' dir='ltr'><strong>(pag.</strong></span> <span class='ocrx_word' id='word_1_98' title='bbox 673 1489 802 1555; x_wconf 78' lang='lat'><strong>382</strong></span> <span class='ocrx_word' id='word_1_99' title='bbox 842 1491 981 1557; x_wconf 88' lang='lat' dir='ltr'><strong>adn.</strong></span> <span class='ocrx_word' id='word_1_100' title='bbox 1027 1490 1132 1576; x_wconf 88' lang='lat'><strong>6),</strong></span> <span class='ocrx_word' id='word_1_101' title='bbox 1182 1511 1332 1555; x_wconf 89' lang='lat' dir='ltr'><strong>nam</strong></span> <span class='ocrx_word' id='word_1_102' title='bbox 1380 1512 1529 1554; x_wconf 89' lang='lat' dir='ltr'><strong>cum</strong></span> <span class='ocrx_word' id='word_1_103' title='bbox 1573 1492 1760 1556; x_wconf 87' lang='lat' dir='ltr'><strong>urbes</strong></span> <span class='ocrx_word' id='word_1_104' title='bbox 1808 1491 2226 1558; x_wconf 84' lang='lat' dir='ltr'><strong>conderentur</strong></span> <span class='ocrx_word' id='word_1_105' title='bbox 2270 1496 2644 1559; x_wconf 82' lang='lat' dir='ltr'><strong>constitutio</strong></span> 
     </span>
     <span class='ocr_line' id='line_1_12' title="bbox 252 1596 2646 1686; baseline 0.001 -25"><span class='ocrx_word' id='word_1_106' title='bbox 252 1600 553 1669; x_wconf 80' lang='lat' dir='ltr'><strong>viarum.</strong></span> <span class='ocrx_word' id='word_1_107' title='bbox 606 1597 685 1661; x_wconf 90' lang='lat' dir='ltr'><strong>ad</strong></span> <span class='ocrx_word' id='word_1_108' title='bbox 731 1617 923 1682; x_wconf 87' lang='lat' dir='ltr'><strong>quam</strong></span> <span class='ocrx_word' id='word_1_109' title='bbox 967 1618 1194 1684; x_wconf 85' lang='lat' dir='ltr'><strong>groma</strong></span> <span class='ocrx_word' id='word_1_110' title='bbox 1239 1596 1525 1662; x_wconf 86' lang='lat' dir='ltr'><strong>adhibita</strong></span> <span class='ocrx_word' id='word_1_111' title='bbox 1560 1604 1659 1662; x_wconf 86' lang='lat' dir='ltr'><strong>est</strong></span> <span class='ocrx_word' id='word_1_112' title='bbox 1676 1645 1691 1674; x_wconf 90' lang='lat'><strong>,</strong></span> <span class='ocrx_word' id='word_1_113' title='bbox 1736 1597 1898 1662; x_wconf 81' lang='grc'><strong>1111111</strong></span> <span class='ocrx_word' id='word_1_114' title='bbox 1934 1599 2290 1684; x_wconf 86' lang='lat' dir='ltr'><strong>pertinebat</strong></span> <span class='ocrx_word' id='word_1_115' title='bbox 2329 1598 2407 1664; x_wconf 90' lang='lat' dir='ltr'><strong>ad</strong></span> <span class='ocrx_word' id='word_1_116' title='bbox 2448 1619 2646 1686; x_wconf 80' lang='lat' dir='ltr'><strong>augu-</strong></span> 
     </span>
     <span class='ocr_line' id='line_1_13' title="bbox 253 1701 2643 1790; baseline 0.001 -24"><span class='ocrx_word' id='word_1_117' title='bbox 253 1724 399 1780; x_wconf 87' lang='lat' dir='ltr'><strong>res,</strong></span> <span class='ocrx_word' id='word_1_118' title='bbox 442 1705 553 1787; x_wconf 92' lang='lat' dir='ltr'><strong>qui</strong></span> <span class='ocrx_word' id='word_1_119' title='bbox 593 1703 778 1765; x_wconf 79' lang='lat' dir='ltr'><strong>locwm</strong></span> <span class='ocrx_word' id='word_1_120' title='bbox 817 1703 974 1764; x_wconf 79' lang='lat' dir='ltr'><strong>mur-i</strong></span> <span class='ocrx_word' id='word_1_121' title='bbox 1021 1701 1234 1767; x_wconf 89' lang='lat' dir='ltr'><strong>solum</strong></span> <span class='ocrx_word' id='word_1_122' title='bbox 1277 1701 1661 1780; x_wconf 89' lang='lat' dir='ltr'><strong>condebant,</strong></span> <span class='ocrx_word' id='word_1_123' title='bbox 1704 1703 1813 1767; x_wconf 89' lang='lat' dir='ltr'><strong>sed</strong></span> <span class='ocrx_word' id='word_1_124' title='bbox 1852 1702 1932 1769; x_wconf 88' lang='lat' dir='ltr'><strong>ad</strong></span> <span class='ocrx_word' id='word_1_125' title='bbox 1975 1706 2412 1790; x_wconf 76' lang='lat' dir='ltr'><strong>magistratus.</strong></span> <span class='ocrx_word' id='word_1_126' title='bbox 2460 1703 2643 1783; x_wconf 84' lang='lat' dir='ltr'><strong>Quod</strong></span> 
     </span>
     <span class='ocr_line' id='line_1_14' title="bbox 252 1805 2639 1886; baseline 0 -12"><span class='ocrx_word' id='word_1_127' title='bbox 252 1807 380 1874; x_wconf 80' lang='lat' dir='ltr'><strong>alii</strong></span> <span class='ocrx_word' id='word_1_128' title='bbox 430 1809 825 1886; x_wconf 86' lang='lat' dir='ltr'><strong>obiecerunt,</strong></span> <span class='ocrx_word' id='word_1_129' title='bbox 875 1809 992 1872; x_wconf 91' lang='lat' dir='ltr'><strong>hoc</strong></span> <span class='ocrx_word' id='word_1_130' title='bbox 1036 1811 1544 1873; x_wconf 85' lang='lat' dir='ltr'><strong>instrumentum</strong></span> <span class='ocrx_word' id='word_1_131' title='bbox 1589 1829 1624 1873; x_wconf 98' lang='lat' dir='ltr'><strong>e</strong></span> <span class='ocrx_word' id='word_1_132' title='bbox 1673 1805 1937 1874; x_wconf 77' lang='lat' dir='ltr'><strong>Graecia</strong></span> <span class='ocrx_word' id='word_1_133' title='bbox 1990 1812 2060 1874; x_wconf 90' lang='lat' dir='ltr'><strong>in</strong></span> <span class='ocrx_word' id='word_1_134' title='bbox 2124 1809 2378 1874; x_wconf 87' lang='lat' dir='ltr'><strong>ltaliam</strong></span> <span class='ocrx_word' id='word_1_135' title='bbox 2438 1815 2639 1876; x_wconf 88' lang='lat' dir='ltr'><strong>trans-</strong></span> 
     </span>
     <span class='ocr_line' id='line_1_15' title="bbox 253 1899 2639 1999; baseline 0.002 -21"><span class='ocrx_word' id='word_1_136' title='bbox 253 1913 478 1979; x_wconf 89' lang='lat' dir='ltr'><strong>latum</strong></span> <span class='ocrx_word' id='word_1_137' title='bbox 535 1936 669 1980; x_wconf 88' lang='grc'><strong>6666</strong></span> <span class='ocrx_word' id='word_1_138' title='bbox 687 1963 702 1991; x_wconf 87' lang='grc'><strong><em>,</em></strong></span> <span class='ocrx_word' id='word_1_139' title='bbox 752 1899 933 1999; x_wconf 48' lang='lat' dir='ltr'><strong>&#39;quod</strong></span> <span class='ocrx_word' id='word_1_140' title='bbox 996 1915 1352 1981; x_wconf 85' lang='lat' dir='ltr'><strong>ostenderet</strong></span> <span class='ocrx_word' id='word_1_141' title='bbox 1411 1935 1638 1980; x_wconf 89' lang='lat' dir='ltr'><strong>nomen</strong></span> <span class='ocrx_word' id='word_1_142' title='bbox 1703 1937 1740 1979; x_wconf 91' lang='lat' dir='ltr'><strong>a</strong></span> <span class='ocrx_word' id='word_1_143' title='bbox 1801 1915 2109 1981; x_wconf 80' lang='lat' dir='ltr'><strong>vocabulo</strong></span> <span class='ocrx_word' id='word_1_144' title='bbox 2180 1919 2435 1994; x_wconf 72' lang='grc' dir='ltr'><strong><em>γνώμων</em></strong></span> <span class='ocrx_word' id='word_1_145' title='bbox 2506 1919 2639 1982; x_wconf 84' lang='lat' dir='ltr'><strong>sive</strong></span> 
     </span>
     <span class='ocr_line' id='line_1_16' title="bbox 255 2020 2639 2107; baseline 0.002 -26"><span class='ocrx_word' id='word_1_146' title='bbox 255 2027 493 2098; x_wconf 67' lang='grc' dir='ltr'><strong><em>γνῶμα.</em></strong></span> <span class='ocrx_word' id='word_1_147' title='bbox 541 2020 884 2086; x_wconf 89' lang='lat' dir='ltr'><strong>deductum</strong></span> <span class='ocrx_word' id='word_1_148' title='bbox 904 2069 921 2098; x_wconf 93' lang='lat'><strong>,</strong></span> <span class='ocrx_word' id='word_1_149' title='bbox 971 2041 1172 2106; x_wconf 90' lang='lat' dir='ltr'><strong>neque</strong></span> <span class='ocrx_word' id='word_1_150' title='bbox 1217 2020 1285 2085; x_wconf 93' lang='lat' dir='ltr'><strong>id</strong></span> <span class='ocrx_word' id='word_1_151' title='bbox 1332 2023 1797 2107; x_wconf 85' lang='lat' dir='ltr'><strong>antiquissimis</strong></span> <span class='ocrx_word' id='word_1_152' title='bbox 1842 2022 2234 2107; x_wconf 86' lang='lat' dir='ltr'><strong>temporibus</strong></span> <span class='ocrx_word' id='word_1_153' title='bbox 2252 2071 2268 2100; x_wconf 93' lang='lat'><strong>,</strong></span> <span class='ocrx_word' id='word_1_154' title='bbox 2319 2025 2429 2086; x_wconf 79' lang='lat' dir='ltr'><strong>vix</strong></span> <span class='ocrx_word' id='word_1_155' title='bbox 2494 2028 2639 2088; x_wconf 88' lang='lat' dir='ltr'><strong>ante</strong></span> 
     </span>
     <span class='ocr_line' id='line_1_17' title="bbox 255 2124 2640 2213; baseline 0.001 -23"><span class='ocrx_word' id='word_1_156' title='bbox 255 2126 595 2192; x_wconf 87' lang='lat' dir='ltr'><strong>saeculum</strong></span> <span class='ocrx_word' id='word_1_157' title='bbox 641 2130 909 2192; x_wconf 89' lang='lat' dir='ltr'><strong>tertium</strong></span> <span class='ocrx_word' id='word_1_158' title='bbox 955 2147 1009 2192; x_wconf 88' lang='lat' dir='ltr'><strong>a.</strong></span> <span class='ocrx_word' id='word_1_159' title='bbox 1052 2124 1148 2202; x_wconf 87' lang='lat' dir='ltr'><strong>C.,</strong></span> <span class='ocrx_word' id='word_1_160' title='bbox 1195 2130 1264 2191; x_wconf 92' lang='lat' dir='ltr'><strong>in</strong></span> <span class='ocrx_word' id='word_1_161' title='bbox 1303 2125 1492 2193; x_wconf 89' lang='lat' dir='ltr'><strong>Italia</strong></span> <span class='ocrx_word' id='word_1_162' title='bbox 1531 2130 1864 2212; x_wconf 81' lang='lat' dir='ltr'><strong>cognitum</strong></span> <span class='ocrx_word' id='word_1_163' title='bbox 1906 2148 2039 2192; x_wconf 90' lang='lat' dir='ltr'><strong>esse</strong></span> <span class='ocrx_word' id='word_1_164' title='bbox 2078 2131 2363 2212; x_wconf 88' lang='lat' dir='ltr'><strong>potuisse</strong></span> <span class='ocrx_word' id='word_1_165' title='bbox 2382 2177 2397 2206; x_wconf 92' lang='lat'><strong>,</strong></span> <span class='ocrx_word' id='word_1_166' title='bbox 2437 2149 2640 2213; x_wconf 90' lang='lat' dir='ltr'><strong>neque</strong></span> 
     </span>
     <span class='ocr_line' id='line_1_18' title="bbox 255 2232 2642 2319; baseline 0 -21"><span class='ocrx_word' id='word_1_167' title='bbox 255 2241 436 2298; x_wconf 85' lang='lat' dir='ltr'><strong>certe</strong></span> <span class='ocrx_word' id='word_1_168' title='bbox 472 2232 551 2298; x_wconf 90' lang='lat' dir='ltr'><strong>ad</strong></span> <span class='ocrx_word' id='word_1_169' title='bbox 588 2235 1110 2318; x_wconf 90' lang='lat' dir='ltr'><strong>antiquissimum</strong></span> <span class='ocrx_word' id='word_1_170' title='bbox 1147 2237 1349 2298; x_wconf 88' lang='lat' dir='ltr'><strong>ritum</strong></span> <span class='ocrx_word' id='word_1_171' title='bbox 1391 2232 1769 2319; x_wconf 81' lang='lat' dir='ltr'><strong>auguralem</strong></span> <span class='ocrx_word' id='word_1_172' title='bbox 1805 2236 2187 2318; x_wconf 87' lang='lat' dir='ltr'><strong>pertinuisse</strong></span> <span class='ocrx_word' id='word_1_173' title='bbox 2214 2232 2285 2314; x_wconf 78' lang='lat'><strong>³),</strong></span> <span class='ocrx_word' id='word_1_174' title='bbox 2323 2234 2390 2299; x_wconf 92' lang='lat' dir='ltr'><strong>id</strong></span> <span class='ocrx_word' id='word_1_175' title='bbox 2414 2254 2642 2319; x_wconf 89' lang='lat' dir='ltr'><strong>parum</strong></span> 
     </span>
     <span class='ocr_line' id='line_1_19' title="bbox 255 2339 2641 2425; baseline 0 -20"><span class='ocrx_word' id='word_1_176' title='bbox 255 2339 440 2405; x_wconf 85' lang='lat' dir='ltr'><strong>valet</strong></span> <span class='ocrx_word' id='word_1_177' title='bbox 458 2390 474 2417; x_wconf 95' lang='lat'><strong>,</strong></span> <span class='ocrx_word' id='word_1_178' title='bbox 525 2339 838 2425; x_wconf 87' lang='lat' dir='ltr'><strong>siquidem</strong></span> <span class='ocrx_word' id='word_1_179' title='bbox 886 2345 1132 2405; x_wconf 88' lang='lat' dir='ltr'><strong>constat</strong></span> <span class='ocrx_word' id='word_1_180' title='bbox 1178 2360 1315 2404; x_wconf 92' lang='lat' dir='ltr'><strong>rem</strong></span> <span class='ocrx_word' id='word_1_181' title='bbox 1363 2345 1477 2404; x_wconf 89' lang='lat' dir='ltr'><strong>aut</strong></span> <span class='ocrx_word' id='word_1_182' title='bbox 1521 2341 1639 2405; x_wconf 91' lang='lat' dir='ltr'><strong>sub</strong></span> <span class='ocrx_word' id='word_1_183' title='bbox 1685 2341 1805 2405; x_wconf 91' lang='lat' dir='ltr'><strong>hoc</strong></span> <span class='ocrx_word' id='word_1_184' title='bbox 1850 2345 1963 2404; x_wconf 88' lang='lat' dir='ltr'><strong>aut</strong></span> <span class='ocrx_word' id='word_1_185' title='bbox 2020 2340 2139 2405; x_wconf 90' lang='lat' dir='ltr'><strong>sub</strong></span> <span class='ocrx_word' id='word_1_186' title='bbox 2201 2340 2325 2406; x_wconf 89' lang='lat' dir='ltr'><strong>alio</strong></span> <span class='ocrx_word' id='word_1_187' title='bbox 2385 2344 2641 2406; x_wconf 90' lang='lat' dir='ltr'><strong>nomine</strong></span> 
     </span>
     <span class='ocr_line' id='line_1_20' title="bbox 259 2445 2638 2532; baseline 0 -22"><span class='ocrx_word' id='word_1_188' title='bbox 259 2447 342 2510; x_wconf 90' lang='lat' dir='ltr'><strong>ab</strong></span> <span class='ocrx_word' id='word_1_189' title='bbox 393 2449 580 2510; x_wconf 86' lang='lat' dir='ltr'><strong>initio</strong></span> <span class='ocrx_word' id='word_1_190' title='bbox 624 2445 912 2510; x_wconf 80' lang='lat' dir='ltr'><strong>Etruscis</strong></span> <span class='ocrx_word' id='word_1_191' title='bbox 958 2447 1285 2532; x_wconf 84' lang='lat' dir='ltr'><strong>cognitam</strong></span> <span class='ocrx_word' id='word_1_192' title='bbox 1330 2445 1526 2510; x_wconf 89' lang='lat' dir='ltr'><strong>fuisse</strong></span> <span class='ocrx_word' id='word_1_193' title='bbox 1573 2467 1721 2510; x_wconf 87' lang='lat' dir='ltr'><strong>cum</strong></span> <span class='ocrx_word' id='word_1_194' title='bbox 1758 2448 1826 2510; x_wconf 88' lang='lat' dir='ltr'><strong>in</strong></span> <span class='ocrx_word' id='word_1_195' title='bbox 1863 2445 2117 2510; x_wconf 89' lang='lat' dir='ltr'><strong>Italiam</strong></span> <span class='ocrx_word' id='word_1_196' title='bbox 2156 2449 2445 2511; x_wconf 84' lang='lat' dir='ltr'><strong>venirent</strong></span> <span class='ocrx_word' id='word_1_197' title='bbox 2482 2447 2638 2526; x_wconf 80' lang='lat' dir='ltr'><strong>(vid.</strong></span> 
     </span>
     <span class='ocr_line' id='line_1_21' title="bbox 256 2545 2640 2638; baseline 0.001 -22"><span class='ocrx_word' id='word_1_198' title='bbox 256 2552 358 2616; x_wconf 91' lang='lat' dir='ltr'><strong>M.</strong></span> <span class='ocrx_word' id='word_1_199' title='bbox 401 2549 655 2628; x_wconf 83' lang='lat' dir='ltr'><strong>Cantor,</strong></span> <span class='ocrx_word' id='word_1_200' title='bbox 699 2553 798 2616; x_wconf 91' lang='lat' dir='ltr'><strong>die</strong></span> <span class='ocrx_word' id='word_1_201' title='bbox 837 2545 1020 2617; x_wconf 72' lang='lat' dir='ltr'><strong>Rom‘.</strong></span> <span class='ocrx_word' id='word_1_202' title='bbox 1062 2553 1590 2638; x_wconf 82' lang='lat' dir='ltr'><strong>Agrimensoren,</strong></span> <span class='ocrx_word' id='word_1_203' title='bbox 1634 2551 1897 2638; x_wconf 80' lang='lat' dir='ltr'><strong>Leipzig</strong></span> <span class='ocrx_word' id='word_1_204' title='bbox 1926 2550 2118 2630; x_wconf 81' lang='lat'><strong>1875,</strong></span> <span class='ocrx_word' id='word_1_205' title='bbox 2145 2573 2289 2638; x_wconf 81' lang='lat' dir='ltr'><strong>pag.</strong></span> <span class='ocrx_word' id='word_1_206' title='bbox 2318 2549 2640 2633; x_wconf 83' lang='lat'>70—76);</span> 
     </span>
     <span class='ocr_line' id='line_1_22' title="bbox 259 2658 2643 2744; baseline -0 -20"><span class='ocrx_word' id='word_1_207' title='bbox 259 2662 424 2744; x_wconf 90' lang='lat' dir='ltr'><strong>quin</strong></span> <span class='ocrx_word' id='word_1_208' title='bbox 469 2661 662 2724; x_wconf 88' lang='lat' dir='ltr'><strong>etiam</strong></span> <span class='ocrx_word' id='word_1_209' title='bbox 702 2658 1146 2724; x_wconf 86' lang='lat' dir='ltr'><strong>affirmandum</strong></span> <span class='ocrx_word' id='word_1_210' title='bbox 1185 2658 1461 2735; x_wconf 83' lang='lat' dir='ltr'><strong>videtur,</strong></span> <span class='ocrx_word' id='word_1_211' title='bbox 1505 2659 1677 2743; x_wconf 88' lang='lat' dir='ltr'><strong>apud</strong></span> <span class='ocrx_word' id='word_1_212' title='bbox 1714 2658 2019 2723; x_wconf 81' lang='lat' dir='ltr'><strong>Etruscos</strong></span> <span class='ocrx_word' id='word_1_213' title='bbox 2058 2659 2181 2723; x_wconf 90' lang='lat' dir='ltr'><strong>duo</strong></span> <span class='ocrx_word' id='word_1_214' title='bbox 2217 2661 2643 2724; x_wconf 89' lang='lat' dir='ltr'><strong>instrumenta</strong></span> 
     </span>
     <span class='ocr_line' id='line_1_23' title="bbox 259 2761 2643 2851; baseline 0.001 -23"><span class='ocrx_word' id='word_1_215' title='bbox 259 2767 656 2848; x_wconf 88' lang='lat' dir='ltr'><strong>antiquitus,</strong></span> <span class='ocrx_word' id='word_1_216' title='bbox 719 2764 983 2829; x_wconf 87' lang='lat' dir='ltr'><strong>fortasse</strong></span> <span class='ocrx_word' id='word_1_217' title='bbox 1047 2766 1180 2829; x_wconf 90' lang='lat' dir='ltr'><strong>iam</strong></span> <span class='ocrx_word' id='word_1_218' title='bbox 1243 2763 1570 2849; x_wconf 84' lang='lat' dir='ltr'><strong>aliquanto</strong></span> <span class='ocrx_word' id='word_1_219' title='bbox 1634 2769 1978 2849; x_wconf 85' lang='lat' dir='ltr'><strong>antequam</strong></span> <span class='ocrx_word' id='word_1_220' title='bbox 2025 2761 2253 2831; x_wconf 82' lang='lat' dir='ltr'><strong>Graeci</strong></span> <span class='ocrx_word' id='word_1_221' title='bbox 2298 2785 2371 2830; x_wconf 89' lang='lat' dir='ltr'><strong>ea</strong></span> <span class='ocrx_word' id='word_1_222' title='bbox 2418 2786 2643 2851; x_wconf 85' lang='lat' dir='ltr'><strong>cog-no-</strong></span> 
     </span>
     <span class='ocr_line' id='line_1_24' title="bbox 259 2869 2641 2956; baseline 0.001 -22"><span class='ocrx_word' id='word_1_223' title='bbox 259 2873 508 2934; x_wconf 86' lang='lat' dir='ltr'><strong>vissent</strong></span> <span class='ocrx_word' id='word_1_224' title='bbox 567 2871 678 2934; x_wconf 88' lang='lat' dir='ltr'><strong>cfr.</strong></span> <span class='ocrx_word' id='word_1_225' title='bbox 728 2869 962 2935; x_wconf 89' lang='lat' dir='ltr'><strong>Herod.</strong></span> <span class='ocrx_word' id='word_1_226' title='bbox 1012 2870 1075 2934; x_wconf 82' lang='lat'><strong>2.</strong></span> <span class='ocrx_word' id='word_1_227' title='bbox 1109 2869 1257 2948; x_wconf 89' lang='grc'><strong>109,</strong></span> <span class='ocrx_word' id='word_1_228' title='bbox 1307 2873 1376 2934; x_wconf 91' lang='lat' dir='ltr'><strong>in</strong></span> <span class='ocrx_word' id='word_1_229' title='bbox 1423 2892 1547 2935; x_wconf 88' lang='lat' dir='ltr'><strong>usu</strong></span> <span class='ocrx_word' id='word_1_230' title='bbox 1593 2871 1787 2936; x_wconf 88' lang='lat' dir='ltr'><strong>fuisse</strong></span> <span class='ocrx_word' id='word_1_231' title='bbox 1809 2919 1826 2949; x_wconf 99' lang='lat'><strong>,</strong></span> <span class='ocrx_word' id='word_1_232' title='bbox 1875 2892 2145 2956; x_wconf 90' lang='lat' dir='ltr'><strong>quorum</strong></span> <span class='ocrx_word' id='word_1_233' title='bbox 2194 2870 2394 2936; x_wconf 89' lang='lat' dir='ltr'><strong>altero</strong></span> <span class='ocrx_word' id='word_1_234' title='bbox 2440 2869 2641 2936; x_wconf 89' lang='lat' dir='ltr'><strong>lineas</strong></span> 
     </span>
     <span class='ocr_line' id='line_1_25' title="bbox 263 2975 2642 3064; baseline 0 -23"><span class='ocrx_word' id='word_1_235' title='bbox 263 2977 570 3042; x_wconf 89' lang='lat' dir='ltr'><strong>ducerent</strong></span> <span class='ocrx_word' id='word_1_236' title='bbox 638 2982 1006 3064; x_wconf 83' lang='lat' dir='ltr'><strong>(gromam),</strong></span> <span class='ocrx_word' id='word_1_237' title='bbox 1080 2976 1279 3042; x_wconf 88' lang='lat' dir='ltr'><strong>altero</strong></span> <span class='ocrx_word' id='word_1_238' title='bbox 1351 2978 1651 3042; x_wconf 89' lang='lat' dir='ltr'><strong>umbram</strong></span> <span class='ocrx_word' id='word_1_239' title='bbox 1721 2984 2045 3062; x_wconf 87' lang='lat' dir='ltr'><strong>captarent</strong></span> <span class='ocrx_word' id='word_1_240' title='bbox 2114 2977 2311 3063; x_wconf 88' lang='lat' dir='ltr'><strong>(apud</strong></span> <span class='ocrx_word' id='word_1_241' title='bbox 2370 2975 2642 3043; x_wconf 83' lang='lat' dir='ltr'><strong>Graecos</strong></span> 
     </span>
     <span class='ocr_line' id='line_1_26' title="bbox 261 3082 2643 3170; baseline 0.001 -25"><span class='ocrx_word' id='word_1_242' title='bbox 261 3087 618 3162; x_wconf 73' lang='grc' dir='ltr'>γνώμωνα).</span> <span class='ocrx_word' id='word_1_243' title='bbox 665 3082 788 3148; x_wconf 83' lang='lat' dir='ltr'><strong>Sed</strong></span> <span class='ocrx_word' id='word_1_244' title='bbox 832 3104 1130 3170; x_wconf 85' lang='lat' dir='ltr'><strong>gromam</strong></span> <span class='ocrx_word' id='word_1_245' title='bbox 1177 3104 1213 3148; x_wconf 89' lang='lat' dir='ltr'><strong>a</strong></span> <span class='ocrx_word' id='word_1_246' title='bbox 1261 3086 1711 3148; x_wconf 88' lang='lat' dir='ltr'><strong>constitutione</strong></span> <span class='ocrx_word' id='word_1_247' title='bbox 1758 3083 2149 3169; x_wconf 82' lang='lat' dir='ltr'><strong>templorum</strong></span> <span class='ocrx_word' id='word_1_248' title='bbox 2196 3083 2470 3150; x_wconf 82' lang='lat' dir='ltr'><strong>alienam</strong></span> <span class='ocrx_word' id='word_1_249' title='bbox 2510 3105 2643 3148; x_wconf 90' lang='lat' dir='ltr'><strong>esse</strong></span> 
     </span>
     <span class='ocr_line' id='line_1_27' title="bbox 263 3188 2643 3276; baseline 0.001 -23"><span class='ocrx_word' id='word_1_250' title='bbox 263 3190 559 3266; x_wconf 84' lang='lat' dir='ltr'><strong>arbitror,</strong></span> <span class='ocrx_word' id='word_1_251' title='bbox 610 3192 760 3274; x_wconf 89' lang='lat' dir='ltr'><strong>quia</strong></span> <span class='ocrx_word' id='word_1_252' title='bbox 805 3192 914 3253; x_wconf 82' lang='lat' dir='ltr'><strong>vix</strong></span> <span class='ocrx_word' id='word_1_253' title='bbox 955 3188 1183 3274; x_wconf 88' lang='lat' dir='ltr'><strong>dispici</strong></span> <span class='ocrx_word' id='word_1_254' title='bbox 1229 3210 1410 3274; x_wconf 87' lang='lat' dir='ltr'><strong>posse</strong></span> <span class='ocrx_word' id='word_1_255' title='bbox 1449 3190 1613 3254; x_wconf 87' lang='lat' dir='ltr'><strong>mihi</strong></span> <span class='ocrx_word' id='word_1_256' title='bbox 1652 3189 1909 3254; x_wconf 85' lang='lat' dir='ltr'><strong>videtur</strong></span> <span class='ocrx_word' id='word_1_257' title='bbox 1945 3189 2193 3256; x_wconf 90' lang='lat' dir='ltr'><strong>utilitas</strong></span> <span class='ocrx_word' id='word_1_258' title='bbox 2234 3189 2369 3254; x_wconf 90' lang='lat' dir='ltr'><strong>ulla</strong></span> <span class='ocrx_word' id='word_1_259' title='bbox 2388 3239 2405 3274; x_wconf 92' lang='lat'><strong>,</strong></span> <span class='ocrx_word' id='word_1_260' title='bbox 2449 3211 2643 3276; x_wconf 86' lang='lat' dir='ltr'><strong>quam</strong></span> 
     </span>
     <span class='ocr_line' id='line_1_28' title="bbox 263 3295 2643 3383; baseline 0 -23"><span class='ocrx_word' id='word_1_261' title='bbox 263 3295 386 3360; x_wconf 91' lang='lat' dir='ltr'><strong>hoc</strong></span> <span class='ocrx_word' id='word_1_262' title='bbox 447 3298 948 3361; x_wconf 86' lang='lat' dir='ltr'><strong>instrumentum</strong></span> <span class='ocrx_word' id='word_1_263' title='bbox 1007 3296 1303 3382; x_wconf 89' lang='lat' dir='ltr'><strong>praebere</strong></span> <span class='ocrx_word' id='word_1_264' title='bbox 1363 3299 1644 3382; x_wconf 86' lang='lat' dir='ltr'><strong>potuerit</strong></span> <span class='ocrx_word' id='word_1_265' title='bbox 1697 3297 2051 3383; x_wconf 83' lang='lat' dir='ltr'><strong>auguribus</strong></span> <span class='ocrx_word' id='word_1_266' title='bbox 2095 3298 2164 3360; x_wconf 90' lang='lat' dir='ltr'><strong>in</strong></span> <span class='ocrx_word' id='word_1_267' title='bbox 2208 3297 2643 3361; x_wconf 88' lang='lat' dir='ltr'><strong>construendis</strong></span> 
     </span>
     <span class='ocr_line' id='line_1_29' title="bbox 263 3400 2643 3489; baseline 0 -23"><span class='ocrx_word' id='word_1_268' title='bbox 263 3400 528 3486; x_wconf 90' lang='lat' dir='ltr'><strong>templis</strong></span> <span class='ocrx_word' id='word_1_269' title='bbox 547 3451 562 3478; x_wconf 87' lang='lat'><strong>,</strong></span> <span class='ocrx_word' id='word_1_270' title='bbox 612 3422 884 3487; x_wconf 90' lang='lat' dir='ltr'><strong>quorum</strong></span> <span class='ocrx_word' id='word_1_271' title='bbox 930 3408 1065 3466; x_wconf 86' lang='lat' dir='ltr'><strong>tam</strong></span> <span class='ocrx_word' id='word_1_272' title='bbox 1111 3404 1386 3489; x_wconf 80' lang='lat' dir='ltr'><strong>exiguus</strong></span> <span class='ocrx_word' id='word_1_273' title='bbox 1433 3407 1601 3467; x_wconf 90' lang='lat' dir='ltr'><strong>esset</strong></span> <span class='ocrx_word' id='word_1_274' title='bbox 1639 3405 1974 3487; x_wconf 73' lang='lat' dir='ltr'><strong>circuitus,</strong></span> <span class='ocrx_word' id='word_1_275' title='bbox 2019 3423 2301 3487; x_wconf 91' lang='lat' dir='ltr'><strong>quaeque</strong></span> <span class='ocrx_word' id='word_1_276' title='bbox 2340 3403 2643 3468; x_wconf 87' lang='lat' dir='ltr'><strong>haberent</strong></span> 
     </span>
     <span class='ocr_line' id='line_1_30' title="bbox 265 3506 2641 3594; baseline 0.001 -24"><span class='ocrx_word' id='word_1_277' title='bbox 265 3506 477 3571; x_wconf 89' lang='lat' dir='ltr'><strong>solum</strong></span> <span class='ocrx_word' id='word_1_278' title='bbox 536 3513 650 3571; x_wconf 90' lang='lat' dir='ltr'><strong>aut</strong></span> <span class='ocrx_word' id='word_1_279' title='bbox 710 3513 938 3572; x_wconf 89' lang='lat' dir='ltr'><strong>natura</strong></span> <span class='ocrx_word' id='word_1_280' title='bbox 995 3507 1261 3592; x_wconf 90' lang='lat' dir='ltr'><strong>planum</strong></span> <span class='ocrx_word' id='word_1_281' title='bbox 1323 3513 1434 3572; x_wconf 90' lang='lat' dir='ltr'><strong>aut</strong></span> <span class='ocrx_word' id='word_1_282' title='bbox 1499 3515 1667 3573; x_wconf 90' lang='lat' dir='ltr'><strong>certe</strong></span> <span class='ocrx_word' id='word_1_283' title='bbox 1729 3515 1915 3573; x_wconf 86' lang='lat' dir='ltr'><strong>antea</strong></span> <span class='ocrx_word' id='word_1_284' title='bbox 1961 3513 2097 3574; x_wconf 84' lang='lat' dir='ltr'><strong>arte</strong></span> <span class='ocrx_word' id='word_1_285' title='bbox 2144 3507 2641 3594; x_wconf 89' lang='lat' dir='ltr'><strong>complanatum.</strong></span> 
     </span>
     <span class='ocr_line' id='line_1_31' title="bbox 265 3611 2643 3700; baseline 0.001 -24"><span class='ocrx_word' id='word_1_286' title='bbox 265 3611 532 3678; x_wconf 88' lang='lat' dir='ltr'><strong>Praeter</strong></span> <span class='ocrx_word' id='word_1_287' title='bbox 591 3612 769 3700; x_wconf 89' lang='lat' dir='ltr'><strong>palos</strong></span> <span class='ocrx_word' id='word_1_288' title='bbox 830 3619 892 3679; x_wconf 88' lang='lat' dir='ltr'><strong>et</strong></span> <span class='ocrx_word' id='word_1_289' title='bbox 954 3616 1261 3700; x_wconf 87' lang='lat' dir='ltr'><strong>perticam</strong></span> <span class='ocrx_word' id='word_1_290' title='bbox 1308 3617 1419 3678; x_wconf 81' lang='lat' dir='ltr'><strong>vix</strong></span> <span class='ocrx_word' id='word_1_291' title='bbox 1465 3613 1599 3680; x_wconf 76' lang='grc'><strong>11116,</strong></span> <span class='ocrx_word' id='word_1_292' title='bbox 1647 3613 1771 3680; x_wconf 86' lang='lat' dir='ltr'><strong>alia</strong></span> <span class='ocrx_word' id='word_1_293' title='bbox 1817 3636 1883 3680; x_wconf 88' lang='lat' dir='ltr'><strong>re</strong></span> <span class='ocrx_word' id='word_1_294' title='bbox 1932 3636 2090 3699; x_wconf 90' lang='lat' dir='ltr'><strong>opus</strong></span> <span class='ocrx_word' id='word_1_295' title='bbox 2140 3615 2337 3679; x_wconf 84' lang='lat' dir='ltr'><strong>fuisse</strong></span> <span class='ocrx_word' id='word_1_296' title='bbox 2386 3614 2643 3680; x_wconf 86' lang='lat' dir='ltr'><strong>videtur</strong></span> 
     </span>
     <span class='ocr_line' id='line_1_32' title="bbox 269 3718 2640 3806; baseline 0 -22"><span class='ocrx_word' id='word_1_297' title='bbox 269 3718 348 3784; x_wconf 86' lang='lat' dir='ltr'><strong>ad</strong></span> <span class='ocrx_word' id='word_1_298' title='bbox 409 3718 563 3784; x_wconf 86' lang='lat' dir='ltr'><strong>fines</strong></span> <span class='ocrx_word' id='word_1_299' title='bbox 625 3719 1015 3805; x_wconf 88' lang='lat' dir='ltr'><strong>templorum</strong></span> <span class='ocrx_word' id='word_1_300' title='bbox 1064 3719 1538 3785; x_wconf 90' lang='lat' dir='ltr'><strong>constituendos</strong></span> <span class='ocrx_word' id='word_1_301' title='bbox 1585 3723 1710 3784; x_wconf 89' lang='lat' dir='ltr'><strong>nisi</strong></span> <span class='ocrx_word' id='word_1_302' title='bbox 1756 3725 2029 3786; x_wconf 87' lang='lat' dir='ltr'><strong>tetrante</strong></span> <span class='ocrx_word' id='word_1_303' title='bbox 2073 3721 2473 3806; x_wconf 87' lang='lat' dir='ltr'><strong>(aequamine</strong></span> <span class='ocrx_word' id='word_1_304' title='bbox 2514 3741 2640 3785; x_wconf 90' lang='lat' dir='ltr'><strong>rec-</strong></span> 
     </span>
    </p>
   </div>
   <div class='ocr_carea' id='block_1_3' title="bbox 267 3823 2639 3914">
    <p class='ocr_par' dir='ltr' id='par_1_3' title="bbox 267 3823 2639 3914">
     <span class='ocr_line' id='line_1_33' title="bbox 267 3823 2639 3914; baseline 0.001 -25"><span class='ocrx_word' id='word_1_305' title='bbox 267 3825 566 3913; x_wconf 84' lang='lat' dir='ltr'><strong>tangul0,</strong></span> <span class='ocrx_word' id='word_1_306' title='bbox 616 3826 747 3890; x_wconf 83' lang='lat' dir='ltr'><strong>vid.</strong></span> <span class='ocrx_word' id='word_1_307' title='bbox 798 3823 1032 3892; x_wconf 85' lang='lat' dir='ltr'><strong>Cantor</strong></span> <span class='ocrx_word' id='word_1_308' title='bbox 1077 3826 1145 3891; x_wconf 92' lang='lat' dir='ltr'><strong>ll.</strong></span> <span class='ocrx_word' id='word_1_309' title='bbox 1195 3848 1340 3914; x_wconf 84' lang='lat' dir='ltr'><strong>pag.</strong></span> <span class='ocrx_word' id='word_1_310' title='bbox 1396 3826 1551 3907; x_wconf 75' lang='lat'>112)</span> <span class='ocrx_word' id='word_1_311' title='bbox 1602 3849 1726 3912; x_wconf 91' lang='lat' dir='ltr'><strong>quo</strong></span> <span class='ocrx_word' id='word_1_312' title='bbox 1773 3831 1931 3893; x_wconf 90' lang='lat' dir='ltr'><strong>recti</strong></span> <span class='ocrx_word' id='word_1_313' title='bbox 1986 3826 2209 3914; x_wconf 80' lang='lat' dir='ltr'><strong>anguli</strong></span> <span class='ocrx_word' id='word_1_314' title='bbox 2262 3827 2517 3905; x_wconf 88' lang='lat' dir='ltr'><strong>fierent,</strong></span> <span class='ocrx_word' id='word_1_315' title='bbox 2573 3833 2639 3893; x_wconf 88' lang='lat' dir='ltr'><strong>et</strong></span> 
     </span>
    </p>
   </div>
   <div class='ocr_carea' id='block_1_4' title="bbox 271 3973 634 3984">
    <p class='ocr_par' dir='ltr' id='par_1_4' title="bbox 271 3973 634 3984">
     <span class='ocr_line' id='line_1_34' title="bbox 271 3973 634 3984; baseline 0 1025"><span class='ocrx_word' id='word_1_316' title='bbox 271 3973 634 3984; x_wconf 95' lang='lat' dir='ltr'><strong> </strong></span> 
     </span>
    </p>
   </div>
   <div class='ocr_carea' id='block_1_5' title="bbox 268 4067 2641 4547">
    <p class='ocr_par' dir='ltr' id='par_1_5' title="bbox 268 4067 2641 4547">
     <span class='ocr_line' id='line_1_35' title="bbox 271 4067 2641 4134; baseline 0.002 -18"><span class='ocrx_word' id='word_1_317' title='bbox 271 4067 360 4118; x_wconf 80' lang='lat' dir='ltr'><strong>hoe</strong></span> <span class='ocrx_word' id='word_1_318' title='bbox 406 4069 536 4129; x_wconf 78' lang='lat' dir='ltr'><strong>loco,</strong></span> <span class='ocrx_word' id='word_1_319' title='bbox 589 4070 668 4120; x_wconf 88' lang='lat' dir='ltr'><strong>ubi</strong></span> <span class='ocrx_word' id='word_1_320' title='bbox 718 4071 775 4119; x_wconf 84' lang='lat' dir='ltr'><strong>de</strong></span> <span class='ocrx_word' id='word_1_321' title='bbox 826 4070 1060 4133; x_wconf 81' lang='lat' dir='ltr'><strong>positione</strong></span> <span class='ocrx_word' id='word_1_322' title='bbox 1108 4086 1301 4134; x_wconf 83' lang='lat' dir='ltr'><strong>gromae</strong></span> <span class='ocrx_word' id='word_1_323' title='bbox 1347 4087 1502 4121; x_wconf 78' lang='lat' dir='ltr'><strong>sermo</strong></span> <span class='ocrx_word' id='word_1_324' title='bbox 1549 4074 1645 4129; x_wconf 82' lang='lat' dir='ltr'><strong>est,</strong></span> <span class='ocrx_word' id='word_1_325' title='bbox 1696 4071 1960 4131; x_wconf 68' lang='lat' dir='ltr'><strong>significare</strong></span> <span class='ocrx_word' id='word_1_326' title='bbox 1995 4071 2298 4120; x_wconf 73' lang='lat' dir='ltr'><strong>manifestum</strong></span> <span class='ocrx_word' id='word_1_327' title='bbox 2336 4075 2407 4119; x_wconf 74' lang='lat' dir='ltr'><strong>est</strong></span> <span class='ocrx_word' id='word_1_328' title='bbox 2446 4071 2549 4120; x_wconf 69' lang='grc' dir='ltr'><strong>υἱέα</strong></span> <span class='ocrx_word' id='word_1_329' title='bbox 2582 4074 2641 4120; x_wconf 73' lang='lat' dir='ltr'><strong>uc</strong></span> 
     </span>
     <span class='ocr_line' id='line_1_36' title="bbox 272 4149 2641 4217; baseline 0 -16"><span class='ocrx_word' id='word_1_330' title='bbox 272 4149 446 4202; x_wconf 69' lang='lat' dir='ltr'><strong>habeat</strong></span> <span class='ocrx_word' id='word_1_331' title='bbox 475 4153 666 4202; x_wconf 79' lang='lat' dir='ltr'><strong>eandem</strong></span> <span class='ocrx_word' id='word_1_332' title='bbox 697 4153 998 4203; x_wconf 71' lang='lat' dir='ltr'><strong>directionem</strong></span> <span class='ocrx_word' id='word_1_333' title='bbox 1031 4169 1152 4217; x_wconf 74' lang='lat' dir='ltr'><strong>quae</strong></span> <span class='ocrx_word' id='word_1_334' title='bbox 1183 4153 1235 4201; x_wconf 73' lang='lat' dir='ltr'><strong>in</strong></span> <span class='ocrx_word' id='word_1_335' title='bbox 1273 4154 1494 4217; x_wconf 68' lang='lat' dir='ltr'><strong>auspiciis</strong></span> <span class='ocrx_word' id='word_1_336' title='bbox 1526 4152 1766 4203; x_wconf 67' lang='lat' dir='ltr'><strong>sollemnis</strong></span> <span class='ocrx_word' id='word_1_337' title='bbox 1792 4158 1879 4202; x_wconf 72' lang='lat' dir='ltr'><strong>est.</strong></span> <span class='ocrx_word' id='word_1_338' title='bbox 1909 4153 2013 4202; x_wconf 72' lang='lat' dir='ltr'><strong>scil.</strong></span> <span class='ocrx_word' id='word_1_339' title='bbox 2049 4152 2389 4202; x_wconf 68' lang='lat' dir='ltr'><strong>Orientalen&#39;&#39;.</strong></span> <span class='ocrx_word' id='word_1_340' title='bbox 2426 4153 2641 4202; x_wconf 78' lang='lat' dir='ltr'><strong>Fuerunt</strong></span> 
     </span>
     <span class='ocr_line' id='line_1_37' title="bbox 268 4233 2638 4300; baseline 0 -18"><span class='ocrx_word' id='word_1_341' title='bbox 268 4234 350 4295; x_wconf 84' lang='lat' dir='ltr'><strong>qni</strong></span> <span class='ocrx_word' id='word_1_342' title='bbox 398 4234 487 4284; x_wconf 83' lang='lat' dir='ltr'><strong>boc</strong></span> <span class='ocrx_word' id='word_1_343' title='bbox 534 4234 818 4285; x_wconf 81' lang='lat' dir='ltr'><strong>vocabulum</strong></span> <span class='ocrx_word' id='word_1_344' title='bbox 861 4250 1109 4300; x_wconf 83' lang='lat' dir='ltr'><strong>perperam</strong></span> <span class='ocrx_word' id='word_1_345' title='bbox 1157 4235 1596 4300; x_wconf 76' lang='lat' dir='ltr'><strong>interpretarentur</strong></span> <span class='ocrx_word' id='word_1_346' title='bbox 1646 4235 1781 4299; x_wconf 79' lang='lat' dir='ltr'><strong>quasi</strong></span> <span class='ocrx_word' id='word_1_347' title='bbox 1824 4235 2113 4296; x_wconf 68' lang='lat' dir='ltr'><strong>significaret</strong></span> <span class='ocrx_word' id='word_1_348' title='bbox 2159 4235 2405 4298; x_wconf 74' lang='lat' dir='ltr'><strong>auspicato</strong></span> <span class='ocrx_word' id='word_1_349' title='bbox 2438 4233 2638 4298; x_wconf 76' lang='lat' dir='ltr'><strong>(Nissen</strong></span> 
     </span>
     <span class='ocr_line' id='line_1_38' title="bbox 271 4313 2637 4382; baseline 0 -19"><span class='ocrx_word' id='word_1_350' title='bbox 271 4313 515 4382; x_wconf 80' lang='lat' dir='ltr'><strong>Templum</strong></span> <span class='ocrx_word' id='word_1_351' title='bbox 569 4333 675 4382; x_wconf 76' lang='lat' dir='ltr'><strong>pag.</strong></span> <span class='ocrx_word' id='word_1_352' title='bbox 722 4317 869 4382; x_wconf 77' lang='lat' dir='ltr'><strong>les);</strong></span> <span class='ocrx_word' id='word_1_353' title='bbox 922 4318 1121 4368; x_wconf 76' lang='lat' dir='ltr'><strong>Bursian</strong></span> <span class='ocrx_word' id='word_1_354' title='bbox 1156 4318 1206 4366; x_wconf 87' lang='lat' dir='ltr'><strong>in</strong></span> <span class='ocrx_word' id='word_1_355' title='bbox 1240 4318 1394 4366; x_wconf 86' lang='lat' dir='ltr'><strong>indice</strong></span> <span class='ocrx_word' id='word_1_356' title='bbox 1428 4317 1637 4382; x_wconf 74' lang='lat' dir='ltr'><strong>(Agrim.</strong></span> <span class='ocrx_word' id='word_1_357' title='bbox 1672 4318 1702 4364; x_wconf 78' lang='lat'><strong>2</strong></span> <span class='ocrx_word' id='word_1_358' title='bbox 1737 4333 1844 4382; x_wconf 77' lang='lat' dir='ltr'><strong>pag.</strong></span> <span class='ocrx_word' id='word_1_359' title='bbox 1879 4317 2004 4381; x_wconf 83' lang='lat'><strong>485&gt;</strong></span> <span class='ocrx_word' id='word_1_360' title='bbox 2039 4332 2291 4382; x_wconf 70' lang='lat' dir='ltr'><strong>perperam</strong></span> <span class='ocrx_word' id='word_1_361' title='bbox 2325 4315 2483 4365; x_wconf 69' lang='lat' dir='ltr'><strong>addit:</strong></span> <span class='ocrx_word' id='word_1_362' title='bbox 2520 4315 2553 4365; x_wconf 87' lang='lat' dir='ltr'><strong>i.</strong></span> <span class='ocrx_word' id='word_1_363' title='bbox 2594 4331 2637 4364; x_wconf 86' lang='lat' dir='ltr'><strong>e.</strong></span> 
     </span>
     <span class='ocr_line' id='line_1_39' title="bbox 271 4395 2634 4465; baseline 0 -18"><span class='ocrx_word' id='word_1_364' title='bbox 271 4397 364 4447; x_wconf 74' lang='lat'><strong>10⁶0</strong></span> <span class='ocrx_word' id='word_1_365' title='bbox 395 4400 662 4465; x_wconf 70' lang='lat' dir='ltr'><strong>auspicato.</strong></span> <span class='ocrx_word' id='word_1_366' title='bbox 697 4427 764 4436; x_wconf 97' lang='lat'><strong>—</strong></span> <span class='ocrx_word' id='word_1_367' title='bbox 803 4401 846 4460; x_wconf 91' lang='lat' dir='ltr'><strong>l)</strong></span> <span class='ocrx_word' id='word_1_368' title='bbox 877 4399 1053 4463; x_wconf 76' lang='lat' dir='ltr'><strong>Agrim.</strong></span> <span class='ocrx_word' id='word_1_369' title='bbox 1096 4400 1121 4447; x_wconf 92' lang='grc'><strong>1</strong></span> <span class='ocrx_word' id='word_1_370' title='bbox 1159 4415 1262 4464; x_wconf 80' lang='lat' dir='ltr'><strong>pag.</strong></span> <span class='ocrx_word' id='word_1_371' title='bbox 1301 4399 1416 4448; x_wconf 76' lang='lat'><strong>295.</strong></span> <span class='ocrx_word' id='word_1_372' title='bbox 1441 4401 1516 4449; x_wconf 88' lang='lat'><strong>11.</strong></span> <span class='ocrx_word' id='word_1_373' title='bbox 1550 4427 1616 4435; x_wconf 96' lang='lat'><strong>—</strong></span> <span class='ocrx_word' id='word_1_374' title='bbox 1647 4400 1702 4462; x_wconf 80' lang='lat'><strong>2)</strong></span> <span class='ocrx_word' id='word_1_375' title='bbox 1739 4399 1919 4463; x_wconf 79' lang='lat' dir='ltr'><strong>Agrim.</strong></span> <span class='ocrx_word' id='word_1_376' title='bbox 1960 4400 1985 4447; x_wconf 95' lang='grc'><strong>1</strong></span> <span class='ocrx_word' id='word_1_377' title='bbox 2025 4415 2128 4464; x_wconf 77' lang='lat' dir='ltr'><strong>pag.</strong></span> <span class='ocrx_word' id='word_1_378' title='bbox 2166 4395 2346 4456; x_wconf 79' lang='lat'><strong>225.7,</strong></span> <span class='ocrx_word' id='word_1_379' title='bbox 2384 4398 2634 4447; x_wconf 79' lang='lat' dir='ltr'><strong>Rudorfl’2</strong></span> 
     </span>
     <span class='ocr_line' id='line_1_40' title="bbox 272 4481 2635 4547; baseline -0.001 -17"><span class='ocrx_word' id='word_1_380' title='bbox 272 4494 372 4544; x_wconf 75' lang='lat' dir='ltr'><strong>pag.</strong></span> <span class='ocrx_word' id='word_1_381' title='bbox 408 4481 518 4534; x_wconf 80' lang='grc'><strong>837.</strong></span> <span class='ocrx_word' id='word_1_382' title='bbox 554 4509 620 4519; x_wconf 92' lang='grc'>-</span> <span class='ocrx_word' id='word_1_383' title='bbox 655 4483 710 4545; x_wconf 86' lang='grc'><strong>3)</strong></span> <span class='ocrx_word' id='word_1_384' title='bbox 747 4481 1138 4531; x_wconf 69' lang='lat' dir='ltr'><strong>Muller-Deecke</strong></span> <span class='ocrx_word' id='word_1_385' title='bbox 1172 4483 1403 4532; x_wconf 66' lang='lat' dir='ltr'><strong>Etru-ker</strong></span> <span class='ocrx_word' id='word_1_386' title='bbox 1432 4483 1462 4530; x_wconf 76' lang='lat'>2</span> <span class='ocrx_word' id='word_1_387' title='bbox 1491 4497 1594 4547; x_wconf 80' lang='lat' dir='ltr'><strong>pag.</strong></span> <span class='ocrx_word' id='word_1_388' title='bbox 1621 4483 1715 4532; x_wconf 75' lang='lat'><strong>15⁶</strong></span> <span class='ocrx_word' id='word_1_389' title='bbox 1733 4498 1821 4546; x_wconf 57' lang='lat' dir='ltr'><strong>sq„</strong></span> <span class='ocrx_word' id='word_1_390' title='bbox 1851 4482 2054 4530; x_wconf 78' lang='lat' dir='ltr'><strong>Rudorfl‘</strong></span> <span class='ocrx_word' id='word_1_391' title='bbox 2069 4481 2250 4546; x_wconf 80' lang='lat' dir='ltr'><strong>Agrim.</strong></span> <span class='ocrx_word' id='word_1_392' title='bbox 2272 4483 2303 4530; x_wconf 79' lang='lat'>2</span> <span class='ocrx_word' id='word_1_393' title='bbox 2322 4496 2425 4546; x_wconf 81' lang='lat' dir='ltr'><strong>pag.</strong></span> <span class='ocrx_word' id='word_1_394' title='bbox 2448 4481 2545 4529; x_wconf 79' lang='grc'><strong>335</strong></span> <span class='ocrx_word' id='word_1_395' title='bbox 2565 4496 2635 4544; x_wconf 81' lang='lat' dir='ltr'><strong>sq.</strong></span> 
     </span>
    </p>
   </div>
  </div>
 </body>
</html>
