3192 5009
986 294 1071 340 1111
1113 291 1733 341 mAueunA'nomus
1777 292 2080 340 nomme.
2485 346 2490 355 .
2594 272 2724 338 433

350 461 583 526 bantur
626 459 885 547 quidem
916 457 983 540 ¹),
1032 479 1263 524 verum
1309 458 1774 523 emittebantur
1815 477 1941 522 non
1988 456 2403 522 detestatione
2477 456 2588 522 sed
2626 456 2727 522 de-

348 569 703 632 minutione
748 569 975 652 capitis
1022 568 1159 631 eius
1206 567 1319 650 qui
1366 564 1804 652 arrogabatur,
1855 584 2018 649 quae
2063 585 2142 630 ex
2187 563 2332 650 lege
2378 563 2720 650 pendebat;

350 673 617 739 dubium
677 695 802 738 non
864 680 960 738 est
977 721 993 750 ,
1059 675 1115 736 si
1158 672 1318 736 forte
1367 669 1706 756 aliquando
1756 673 1967 735 curiae
2014 672 2346 756 rogatione
2395 671 2726 756 antiquata

348 781 701 845 vetuissent
760 779 876 858 „L
940 779 999 842 V
990 778 1245 842 aberium
1306 777 1379 841 L.
1436 776 1595 840 Titio
1661 783 1780 839 tam
1842 775 1976 840 iure
2037 777 2275 862 leyeque
2304 777 2516 860 filium
2565 799 2685 840 esse
2705 823 2721 854 ,

348 909 521 971 quam
561 886 619 949 si
666 909 738 949 εει·
782 908 845 948 eo
891 891 1071 950 natm
1114 883 1327 960 καθ’,
1400 885 1556 969 (111111
1603 903 1778 948 sacra
1821 903 2122 948 mansura
2168 883 2438 949 fuissent
2485 883 2556 948 L.
2607 881 2728 948 Va-

344 991 504 1057 lerio
523 1040 540 1069 ‚
604 994 898 1077 quamvis
954 994 1011 1055 is
1076 997 1261 1056 antea
1322 991 1559 1054 frustra
1623 996 1844 1055 au'ctor
1906 990 2110 1054 factus
2174 1010 2254 1066 „a
2313 989 2559 1055 familia
2607 1011 2724 1055 sua

342 1118 407 1162 se
456 1097 785 1163 abdicare''
835 1103 1098 1162 conatus
1145 1103 1327 1162 esset.
1375 1095 1449 1160 In
1489 1094 1908 1161 detestatione
1947 1115 2272 1161 sacrorum
2295 1103 2530 1173 contra,
2563 1117 2722 1182 quae

342 1205 621 1269 comitiis
688 1203 909 1268 calatis
980 1203 1169 1267 flebat
1188 1251 1203 1280 ,
1276 1221 1451 1267 sacra
1513 1203 1976 1267 emittebantur
2036 1223 2162 1267 non
2225 1202 2370 1289 lege
2389 1251 2404 1281 ,
2468 1201 2578 1267 sed
2625 1207 2726 1281 (ut

338 1311 557 1396 ipsum
616 1330 848 1374 nomen
908 1310 1171 1386 indicat)
1233 1289 1651 1373 detestatione
1670 1355 1686 1385 ,
1750 1329 1910 1394 quae
1975 1309 2141 1373 facta
2205 1311 2288 1373 sit
2335 1330 2584 1375 necesse
2628 1315 2724 1373 est

343 1421 683 1500 postquam
729 1436 766 1479 a
810 1414 1141 1484 lictoribus
1190 1419 1447 1498 accepta
1494 1420 1660 1479 esset
1705 1412 1810 1480 lex
1859 1417 2102 1479 curiata
2151 1415 2307 1480 dicis
2347 1435 2534 1504 causa
2571 1415 2722 1492 lata,

343 1543 469 1606 qua
512 1523 721 1586 curiae
766 1521 1220 1607 permittebant
1266 1527 1341 1584 ut
1389 1520 1726 1586 detestatio
1773 1521 1970 1586 fieret.
2022 1520 2244 1607 Itaque
2289 1521 2506 1587 nulius
2544 1521 2722 1588 locus

342 1627 537 1694 fuisse
605 1627 862 1693 videtur
931 1627 1333 1693 detestationi
1394 1647 1720 1691 sacrorum
1783 1630 1852 1691 in
1915 1629 2420 1715 arrogationibus
2438 1678 2455 1706 ,
2517 1649 2721 1714 neque

343 1733 690 1820 quidquam
750 1739 1039 1820 superest
1100 1753 1223 1818 quo
1286 1732 1736 1818 prohibeamur
1795 1733 1956 1800 hanc
2016 1737 2466 1799 caerimoniam
2514 1741 2719 1801 totam

343 1839 693 1926 relinquere
764 1843 1041 1905 comitiis
1110 1838 1242 1903 11116
1310 1859 1470 1924 quae
1533 1837 1768 1905 fiebant
1829 1861 1942 1924 per
2001 1839 2196 1904 XXX
2257 1840 2512 1907 lictores
2529 1862 2544 1920 ;
2595 1862 2721 1931 quo

342 1947 510 2011 facto
556 1946 735 2012 nobis
780 1945 931 2012 licet
977 1944 1161 2032 plene
1210 1965 1497 2031 separare
1544 1966 1644 2010 res
1691 1967 1852 2032 quae
1901 1945 2146 2012 absolvi
2193 1953 2486 2032 poterant
2530 1951 2725 2012 comi·

348 2055 457 2116 tiis
516 2052 911 2118 adumbratis
972 2054 1105 2116 sive
1152 2050 1372 2116 calatis
1418 2057 1606 2136 (quae
1652 2057 1804 2116 sunt
1850 2051 2026 2138 leges
2074 2055 2352 2117 curiatae
2400 2059 2466 2118 et
2510 2059 2724 2119 centu-

344 2161 541 2224 riatae
614 2161 689 2224 de
762 2160 1031 2244 imperio
1093 2165 1158 2223 et
1218 2162 1533 2243 potestate
1594 2161 2100 2244 magistratuum
2117 2207 2134 2236 ,
2198 2161 2720 2244 inaugurationes

343 2265 743 2330 sacerdotum
807 2265 1206 2351 quorundam
1223 2313 1240 2341 ,
1302 2269 1834 2330 testamentorum
1883 2265 2186 2330 factiones
2204 2313 2221 2342 ‚
2273 2265 2720 2331 detestationes

344 2378 713 2452 sacrorum),
778 2373 856 2437 ab
918 2372 1273 2437 actionibus
1337 2372 1740 2457 gravioribus
1789 2392 1949 2457 quae
1995 2370 2366 2458 indigebant
2411 2375 2549 2438 veri
2595 2372 2720 2437 suf-

343 2477 535 2563 fragii
583 2481 825 2543 civium
842 2525 858 2554 ,
906 2479 1075 2542 inter
1120 2497 1275 2562 quas
1321 2479 1518 2542 etiam
1565 2483 1745 2542 erant
1791 2480 2238 2564 arrogationes.

304 2637 311 2648 .
432 2581 557 2648 Sed
602 2585 915 2668 percensis
962 2583 1313 2647 actionibus
1328 2630 1344 2658 ‚
1393 2602 1551 2668 quae
1590 2581 1825 2646 fiebant
1861 2582 1961 2647 his
1999 2585 2278 2648 comitiis
2320 2582 2541 2648 calatis
2579 2585 2716 2648 sive

340 2691 739 2776 imaginariis
758 2739 774 2767 ‚
838 2692 1034 2754 etiam
1095 2692 1415 2780 animum⁸
1448 2688 1774 2754 attendere
1829 2688 2132 2754 debemus
2179 2688 2258 2753 ad
2305 2688 2496 2754 aliam
2543 2709 2680 2754 rem
2698 2737 2714 2767 ,

341 2816 465 2880 qua
522 2817 561 2860 a
620 2797 787 2860 veris
850 2798 1129 2861 comitiis
1188 2792 1411 2880 populi
1472 2795 1722 2859 diversa
1790 2794 1984 2860 fuisse
2053 2794 2389 2860 videantur
2457 2799 2718 2861 comitia

340 2901 559 2967 calata.
629 2901 725 2967 Ea
769 2923 869 2966 res
915 2923 1038 2967 non
1086 2904 1360 2987 pertinet
1406 2901 1486 2966 ad
1534 2901 1800 2965 modum
1849 2922 1973 2986 quo
2020 2907 2359 2967 convocata
2393 2904 2542 2966 sint.
2594 2901 2654 2967 N
2657 2923 2720 2967 o-

340 3010 555 3072 vimus
603 3010 818 3072 omnia
867 3009 1125 3072 comitia
1171 3013 1235 3072 et
1283 3006 1547 3071 concilia
1594 3028 1730 3072 esse
1777 3005 1980 3072 calata
1997 3055 2012 3084 ,
2061 3009 2105 3071 i.
2155 3028 2207 3071 e.
2260 3006 2563 3072 advocata
2579 3055 2596 3084 ,
2647 3027 2718 3073 eo

339 3114 440 3179 die
488 3135 615 3200 quo
662 3114 947 3179 habenda
994 3119 1199 3180 essent
1225 3113 1297 3194 ²).
1372 3113 1563 3178 Ritus
1610 3113 1878 3178 vocandi
1922 3135 2044 3179 non
2091 3116 2158 3177 in
2207 3115 2502 3179 omnibus
2545 3114 2718 3179 idem

340 3228 502 3297 erat;
552 3242 701 3285 cum
751 3224 1011 3286 comitia
1056 3224 1411 3286 centuriata
1457 3220 1744 3285 habenda
1791 3225 2032 3297 essent,
2081 3218 2360 3299 Quirites
2377 3268 2394 3297 ,
2434 3223 2718 3306 primum

340 3327 415 3392 de
461 3331 664 3392 muris
716 3327 1076 3404 „inicium”
1125 3327 1359 3392 calatos
1406 3348 1518 3413 per
1565 3347 1901 3391 accensum
1948 3331 2062 3391 aut
2097 3346 2473 3411 praeconem
2506 3332 2570 3392 et
2608 3348 2720 3412 per

336 3436 718 3499 cornicinem
736 3483 751 3512 ,
816 3434 1039 3500 deinde
1092 3455 1206 3519 per
1266 3455 1597 3500 accensum
1653 3439 1766 3498 aut
1810 3453 2185 3520 praeconem
2230 3435 2306 3498 ad
2357 3436 2716 3499 contionem

337 3547 594 3606 vocatos
642 3561 776 3606 esse
821 3540 1017 3606 tradit
1062 3539 1258 3606 Varro
1287 3538 1371 3622 ³);
1420 3541 1529 3606 sed
1571 3543 1644 3605 in
1689 3541 1791 3605 his
1835 3541 2112 3606 comitiis
2153 3541 2569 3605 caerimoniae
2607 3561 2718 3606 vo-

337 3649 601 3711 cationis
662 3646 975 3733 paulatim
1039 3649 1216 3712 omni
1274 3649 1542 3712 veritate
1596 3647 1830 3711 amissa
1876 3646 2167 3711 abierunt
2206 3647 2276 3710 in
2322 3648 2550 3710 seriem
2595 3646 2716 3711 for-

335 3753 663 3818 mularum
720 3755 1011 3818 inanium
1057 3753 1212 3818 dicis
1256 3773 1445 3818 causa
1482 3755 2078 3839 pronuntiatarum;
2124 3752 2204 3815 ad
2243 3751 2556 3817 ultimum
2618 3773 2716 3817 res

336 3881 409 3925 eo
453 3863 745 3944 pervenit
763 3908 779 3936 ‚
828 3881 979 3924 cum
1026 3861 1316 3925 cornicen
1362 3861 1473 3944 qui
1512 3858 1689 3924 solus
1732 3880 1982 3944 semper
2019 3863 2304 3922 retentus
2344 3863 2439 3923 est
2459 3861 2510 3937 ⁶)
2552 3861 2716 3923 circa

408 4091 455 4148 1)
490 4086 587 4138 eie.
624 4087 751 4135 (10111.
787 4086 864 4136 18.
886 4087 965 4136 8⁵.
1020 4113 1083 4124 ·--
1134 4087 1190 4152 2)
1227 4089 1295 4136 De
1330 4085 1545 4136 conciliis
1580 4086 1730 4152 plebis
1764 4087 1849 4136 cfr.
1887 4087 1988 4137 Cic.
2027 4086 2135 4135 Vnt.
2174 4086 2218 4135 6.
2243 4087 2322 4135 15.
2372 4111 2436 4122 —-
2485 4086 2540 4148 3)
2577 4085 2718 4135 Varr.

336 4167 404 4218 ll.
439 4169 483 4217 6.
504 4168 717 4218 88-96,
762 4167 1051 4218 Vocabulum
1092 4167 1307 4218 „calare”
1343 4185 1438 4218 11011
1472 4169 1682 4220 alienum
1715 4183 1814 4218 ease
1847 4168 1906 4217 ab
1934 4184 1989 4218 eo
2018 4169 2143 4233 quod
2170 4168 2390 4216 cornicen
2423 4168 2587 4226 faciat,
2609 4183 2719 4218 cum

338 4251 395 4299 (16
422 4249 573 4300 nuris
600 4249 850 4299 classicum
876 4254 1030 4310 canat,
1060 4251 1269 4300 ostendit
1297 4250 1449 4300 Labeo
1476 4250 1620 4314 (Gen.
1652 4252 1730 4300 15.
1748 4249 1829 4300 27.
1849 4250 1924 4315 2),
1954 4265 2063 4299 cum
2097 4250 2222 4299 dicat
2241 4249 2436 4299 comitia
2451 4251 2719 4299 centuriata

336 4332 489 4382 calata
528 4333 703 4383 ‚calari
736 4348 821 4399 per
854 4333 1194 4385 cornicinem”.
1230 4361 1297 4372 —
1328 4335 1385 4400 4)
1424 4335 1565 4384 Vnrr.
1604 4335 1650 4385 Β.
1671 4334 1760 4392 92;
1797 4333 1997 4397 Dionys.
2027 4334 2076 4383 Β.
2097 4333 2156 4391 8;
2190 4332 2320 4382 Plut.
2353 4333 2410 4381 C.
2438 4333 2714 4392 Gracch.8;

339 4414 446 4464 Tac.
483 4417 605 4466 Anu.
642 4416 691 4468 2.
709 4415 789 4467 82.
