<?xml version="1.0" encoding="UTF-8"?>
<!DOCTYPE html PUBLIC "-//W3C//DTD XHTML 1.0 Transitional//EN"
    "http://www.w3.org/TR/xhtml1/DTD/xhtml1-transitional.dtd">
<html xmlns="http://www.w3.org/1999/xhtml" xml:lang="en" lang="en">
 <head>
  <title>
</title>
<meta http-equiv="Content-Type" content="text/html;charset=utf-8" />
  <meta name='ocr-system' content='tesseract 3.04.00' />
  <meta name='ocr-capabilities' content='ocr_page ocr_carea ocr_par ocr_line ocrx_word'/>
</head>
<body>
  <div class='ocr_page' id='page_1' title='image "./mnemosyne07servgoog_0683.png"; bbox 0 0 3192 5009; ppageno 0'>
   <div class='ocr_carea' id='block_1_1' title="bbox 1006 306 2619 387">
    <p class='ocr_par' dir='ltr' id='par_1_1' title="bbox 1006 306 2619 387">
     <span class='ocr_line' id='line_1_1' title="bbox 1006 306 2619 387; baseline -0.009 0"><span class='ocrx_word' id='word_1_1' title='bbox 1006 340 1091 387; x_wconf 70' lang='lat' dir='ltr'>Ao</span> <span class='ocrx_word' id='word_1_2' title='bbox 1138 338 1487 387; x_wconf 69' lang='lat' dir='ltr'>meromu</span> <span class='ocrx_word' id='word_1_3' title='bbox 1534 336 1866 385; x_wconf 73' lang='lat' dir='ltr'>soamcffl.</span> <span class='ocrx_word' id='word_1_4' title='bbox 2489 306 2619 376; x_wconf 83' lang='lat'>203</span> 
     </span>
    </p>
   </div>
   <div class='ocr_carea' id='block_1_2' title="bbox 237 498 2641 3567">
    <p class='ocr_par' dir='ltr' id='par_1_2' title="bbox 237 498 2633 2293">
     <span class='ocr_line' id='line_1_2' title="bbox 244 498 2621 589; baseline -0.006 -14"><span class='ocrx_word' id='word_1_5' title='bbox 244 506 437 575; x_wconf 85' lang='lat' dir='ltr'><strong>Idem</strong></span> <span class='ocrx_word' id='word_1_6' title='bbox 502 518 712 573; x_wconf 86' lang='lat' dir='ltr'>tamen</span> <span class='ocrx_word' id='word_1_7' title='bbox 772 509 1199 573; x_wconf 87' lang='lat' dir='ltr'>Bernhardius</span> <span class='ocrx_word' id='word_1_8' title='bbox 1261 508 1515 584; x_wconf 84' lang='lat' dir='ltr'>fatetur,</span> <span class='ocrx_word' id='word_1_9' title='bbox 1565 509 1804 571; x_wconf 89' lang='lat' dir='ltr'>mirum</span> <span class='ocrx_word' id='word_1_10' title='bbox 1851 526 2019 582; x_wconf 87' lang='lat' dir='ltr'>esse,</span> <span class='ocrx_word' id='word_1_11' title='bbox 2069 500 2235 589; x_wconf 90' lang='lat' dir='ltr'>quod</span> <span class='ocrx_word' id='word_1_12' title='bbox 2281 498 2621 584; x_wconf 88' lang='lat' dir='ltr'>Neophron</span> 
     </span>
     <span class='ocr_line' id='line_1_3' title="bbox 240 605 2623 700; baseline -0.004 -23"><span class='ocrx_word' id='word_1_13' title='bbox 240 612 403 690; x_wconf 90' lang='lat' dir='ltr'>ille,</span> <span class='ocrx_word' id='word_1_14' title='bbox 451 617 559 699; x_wconf 89' lang='lat' dir='ltr'>qui</span> <span class='ocrx_word' id='word_1_15' title='bbox 586 614 895 680; x_wconf 79' lang='lat' dir='ltr'>&#39;dramata</span> <span class='ocrx_word' id='word_1_16' title='bbox 942 617 1293 700; x_wconf 87' lang='lat' dir='ltr'>scripsisset</span> <span class='ocrx_word' id='word_1_17' title='bbox 1338 634 1602 679; x_wconf 89' lang='lat' dir='ltr'>numero</span> <span class='ocrx_word' id='word_1_18' title='bbox 1649 620 1908 678; x_wconf 90' lang='lat' dir='ltr'>centum</span> <span class='ocrx_word' id='word_1_19' title='bbox 1953 619 2016 676; x_wconf 89' lang='lat' dir='ltr'>et</span> <span class='ocrx_word' id='word_1_20' title='bbox 2062 610 2334 696; x_wconf 84' lang='lat' dir='ltr'>viginti,</span> <span class='ocrx_word' id='word_1_21' title='bbox 2384 627 2461 671; x_wconf 85' lang='lat' dir='ltr'>ex</span> <span class='ocrx_word' id='word_1_22' title='bbox 2515 605 2623 669; x_wconf 92' lang='lat' dir='ltr'>ho-</span> 
     </span>
     <span class='ocr_line' id='line_1_4' title="bbox 244 713 2618 805; baseline -0.005 -21"><span class='ocrx_word' id='word_1_23' title='bbox 244 722 513 785; x_wconf 87' lang='lat' dir='ltr'>minum</span> <span class='ocrx_word' id='word_1_24' title='bbox 549 723 858 786; x_wconf 89' lang='lat' dir='ltr'>memoria</span> <span class='ocrx_word' id='word_1_25' title='bbox 893 742 1147 805; x_wconf 88' lang='lat' dir='ltr'>prorsus</span> <span class='ocrx_word' id='word_1_26' title='bbox 1190 723 1551 796; x_wconf 86' lang='lat' dir='ltr'>evanuerit,</span> <span class='ocrx_word' id='word_1_27' title='bbox 1592 740 1795 804; x_wconf 90' lang='lat' dir='ltr'>neque</span> <span class='ocrx_word' id='word_1_28' title='bbox 1830 720 2170 803; x_wconf 89' lang='lat' dir='ltr'>quicquam</span> <span class='ocrx_word' id='word_1_29' title='bbox 2209 713 2288 779; x_wconf 88' lang='lat' dir='ltr'>ad</span> <span class='ocrx_word' id='word_1_30' title='bbox 2325 718 2618 777; x_wconf 91' lang='lat' dir='ltr'>nostrum</span> 
     </span>
     <span class='ocr_line' id='line_1_5' title="bbox 240 818 2620 913; baseline -0.004 -22"><span class='ocrx_word' id='word_1_31' title='bbox 240 847 489 891; x_wconf 83' lang='lat' dir='ltr'>aevum</span> <span class='ocrx_word' id='word_1_32' title='bbox 552 830 970 892; x_wconf 76' lang='lat' dir='ltr'><strong>transmiserit</strong></span> <span class='ocrx_word' id='word_1_33' title='bbox 1032 830 1157 891; x_wconf 90' lang='lat' dir='ltr'>nisi</span> <span class='ocrx_word' id='word_1_34' title='bbox 1202 830 1325 891; x_wconf 90' lang='lat' dir='ltr'>tria</span> <span class='ocrx_word' id='word_1_35' title='bbox 1370 826 1732 913; x_wconf 85' lang='lat' dir='ltr'>fragmenta</span> <span class='ocrx_word' id='word_1_36' title='bbox 1777 826 1979 909; x_wconf 90' lang='lat' dir='ltr'>ipsius</span> <span class='ocrx_word' id='word_1_37' title='bbox 2025 820 2272 887; x_wconf 86' lang='lat' dir='ltr'>fabulae</span> <span class='ocrx_word' id='word_1_38' title='bbox 2321 818 2585 884; x_wconf 80' lang='lat' dir='ltr'>Medeae</span> <span class='ocrx_word' id='word_1_39' title='bbox 2603 864 2620 893; x_wconf 92' lang='lat'>,</span> 
     </span>
     <span class='ocr_line' id='line_1_6' title="bbox 244 924 2624 1020; baseline -0.005 -23"><span class='ocrx_word' id='word_1_40' title='bbox 244 954 454 1019; x_wconf 91' lang='lat' dir='ltr'>quam</span> <span class='ocrx_word' id='word_1_41' title='bbox 491 932 826 1020; x_wconf 80' lang='lat' dir='ltr'>Euripides</span> <span class='ocrx_word' id='word_1_42' title='bbox 867 936 924 998; x_wconf 88' lang='lat' dir='ltr'>ei</span> <span class='ocrx_word' id='word_1_43' title='bbox 964 932 1305 998; x_wconf 90' lang='lat' dir='ltr'>suffuratus</span> <span class='ocrx_word' id='word_1_44' title='bbox 1344 954 1477 997; x_wconf 89' lang='lat' dir='ltr'>esse</span> <span class='ocrx_word' id='word_1_45' title='bbox 1519 933 1738 997; x_wconf 87' lang='lat' dir='ltr'>fertur.</span> <span class='ocrx_word' id='word_1_46' title='bbox 1789 930 1968 1009; x_wconf 82' lang='lat' dir='ltr'>Quod</span> <span class='ocrx_word' id='word_1_47' title='bbox 2009 949 2157 993; x_wconf 85' lang='lat' dir='ltr'>vero</span> <span class='ocrx_word' id='word_1_48' title='bbox 2197 924 2624 991; x_wconf 88' lang='lat' dir='ltr'>Bernhardius</span> 
     </span>
     <span class='ocr_line' id='line_1_7' title="bbox 238 1029 2623 1125; baseline -0.005 -22"><span class='ocrx_word' id='word_1_49' title='bbox 238 1040 405 1103; x_wconf 90' lang='lat' dir='ltr'>hinc</span> <span class='ocrx_word' id='word_1_50' title='bbox 452 1060 749 1125; x_wconf 88' lang='lat' dir='ltr'>apparere</span> <span class='ocrx_word' id='word_1_51' title='bbox 796 1046 1011 1125; x_wconf 88' lang='lat' dir='ltr'>putat,</span> <span class='ocrx_word' id='word_1_52' title='bbox 1062 1047 1297 1125; x_wconf 89' lang='lat' dir='ltr'>quanta</span> <span class='ocrx_word' id='word_1_53' title='bbox 1342 1043 1423 1103; x_wconf 88' lang='lat' dir='ltr'>iis</span> <span class='ocrx_word' id='word_1_54' title='bbox 1474 1038 1866 1124; x_wconf 75' lang='lat' dir='ltr'>temporibus</span> <span class='ocrx_word' id='word_1_55' title='bbox 1915 1037 2111 1101; x_wconf 86' lang='lat' dir='ltr'>fuerit</span> <span class='ocrx_word' id='word_1_56' title='bbox 2157 1029 2623 1119; x_wconf 87' lang='lat' dir='ltr'>praeclarorum</span> 
     </span>
     <span class='ocr_line' id='line_1_8' title="bbox 243 1144 2623 1233; baseline -0.005 -24"><span class='ocrx_word' id='word_1_57' title='bbox 243 1146 623 1211; x_wconf 81' lang='lat' dir='ltr'><strong>dramatum</strong></span> <span class='ocrx_word' id='word_1_58' title='bbox 668 1147 921 1211; x_wconf 84' lang='lat' dir='ltr'>ubertas</span> <span class='ocrx_word' id='word_1_59' title='bbox 948 1144 1019 1225; x_wconf 88' lang='lat'>¹),</span> <span class='ocrx_word' id='word_1_60' title='bbox 1068 1148 1256 1233; x_wconf 86' lang='lat' dir='ltr'>pauci</span> <span class='ocrx_word' id='word_1_61' title='bbox 1302 1149 1524 1231; x_wconf 87' lang='lat' dir='ltr'>opinor</span> <span class='ocrx_word' id='word_1_62' title='bbox 1563 1148 1623 1210; x_wconf 92' lang='lat' dir='ltr'>ei</span> <span class='ocrx_word' id='word_1_63' title='bbox 1665 1144 1952 1221; x_wconf 88' lang='lat' dir='ltr'>credent;</span> <span class='ocrx_word' id='word_1_64' title='bbox 1999 1163 2148 1206; x_wconf 87' lang='lat' dir='ltr'>nam</span> <span class='ocrx_word' id='word_1_65' title='bbox 2189 1160 2314 1224; x_wconf 93' lang='lat' dir='ltr'>quo</span> <span class='ocrx_word' id='word_1_66' title='bbox 2339 1144 2623 1221; x_wconf 87' lang='lat' dir='ltr'>tempore</span> 
     </span>
     <span class='ocr_line' id='line_1_9' title="bbox 244 1250 2628 1337; baseline -0.005 -20"><span class='ocrx_word' id='word_1_67' title='bbox 244 1253 585 1337; x_wconf 82' lang='lat' dir='ltr'>Euripidis</span> <span class='ocrx_word' id='word_1_68' title='bbox 646 1253 875 1319; x_wconf 90' lang='lat' dir='ltr'>Medea</span> <span class='ocrx_word' id='word_1_69' title='bbox 934 1274 1153 1319; x_wconf 89' lang='lat' dir='ltr'>scenae</span> <span class='ocrx_word' id='word_1_70' title='bbox 1213 1260 1310 1318; x_wconf 86' lang='lat' dir='ltr'>est</span> <span class='ocrx_word' id='word_1_71' title='bbox 1356 1255 1728 1327; x_wconf 88' lang='lat' dir='ltr'>commissa,</span> <span class='ocrx_word' id='word_1_72' title='bbox 1778 1250 2059 1315; x_wconf 90' lang='lat' dir='ltr'>nondum</span> <span class='ocrx_word' id='word_1_73' title='bbox 2107 1250 2199 1312; x_wconf 87' lang='lat' dir='ltr'>ita</span> <span class='ocrx_word' id='word_1_74' title='bbox 2241 1264 2476 1331; x_wconf 86' lang='lat' dir='ltr'>magna</span> <span class='ocrx_word' id='word_1_75' title='bbox 2525 1260 2628 1305; x_wconf 85' lang='lat' dir='ltr'>ex-</span> 
     </span>
     <span class='ocr_line' id='line_1_10' title="bbox 240 1346 2627 1446; baseline -0.005 -23"><span class='ocrx_word' id='word_1_76' title='bbox 240 1362 474 1423; x_wconf 87' lang='lat' dir='ltr'>titerat</span> <span class='ocrx_word' id='word_1_77' title='bbox 536 1362 925 1446; x_wconf 77' lang='lat' dir='ltr'>tragicorum</span> <span class='ocrx_word' id='word_1_78' title='bbox 988 1366 1321 1445; x_wconf 87' lang='lat' dir='ltr'>poetarum</span> <span class='ocrx_word' id='word_1_79' title='bbox 1385 1368 1656 1423; x_wconf 86' lang='lat' dir='ltr'>caterva.</span> <span class='ocrx_word' id='word_1_80' title='bbox 1723 1356 1855 1421; x_wconf 85' lang='lat' dir='ltr'>Sub</span> <span class='ocrx_word' id='word_1_81' title='bbox 1906 1356 2097 1420; x_wconf 89' lang='lat' dir='ltr'>finem</span> <span class='ocrx_word' id='word_1_82' title='bbox 2146 1354 2405 1418; x_wconf 90' lang='lat' dir='ltr'>demum</span> <span class='ocrx_word' id='word_1_83' title='bbox 2477 1346 2627 1413; x_wconf 80' lang='lat' dir='ltr'>belli</span> 
     </span>
     <span class='ocr_line' id='line_1_11' title="bbox 238 1458 2626 1551; baseline -0.004 -22"><span class='ocrx_word' id='word_1_84' title='bbox 238 1463 770 1551; x_wconf 83' lang='lat' dir='ltr'>Peloponnesiaci</span> <span class='ocrx_word' id='word_1_85' title='bbox 809 1466 1327 1551; x_wconf 88' lang='lat' dir='ltr'>propullularunt</span> <span class='ocrx_word' id='word_1_86' title='bbox 1364 1472 1658 1530; x_wconf 74' lang='lat' dir='ltr'>sexcenta</span> <span class='ocrx_word' id='word_1_87' title='bbox 1693 1465 1819 1529; x_wconf 86' lang='lat' dir='ltr'>ista</span> <span class='ocrx_word' id='word_1_88' title='bbox 1856 1462 2270 1537; x_wconf 70' lang='grc' dir='ltr'><strong><em>μειρακύλλια</em></strong></span> <span class='ocrx_word' id='word_1_89' title='bbox 2300 1458 2626 1541; x_wconf 80' lang='lat' dir='ltr'>loquacia,</span> 
     </span>
     <span class='ocr_line' id='line_1_12' title="bbox 240 1564 2628 1656; baseline -0.004 -21"><span class='ocrx_word' id='word_1_90' title='bbox 240 1591 532 1656; x_wconf 88' lang='lat' dir='ltr'>quorum</span> <span class='ocrx_word' id='word_1_91' title='bbox 590 1574 659 1635; x_wconf 89' lang='lat' dir='ltr'>in</span> <span class='ocrx_word' id='word_1_92' title='bbox 721 1572 855 1637; x_wconf 89' lang='lat' dir='ltr'>dies</span> <span class='ocrx_word' id='word_1_93' title='bbox 907 1572 1130 1637; x_wconf 88' lang='lat' dir='ltr'>deinde</span> <span class='ocrx_word' id='word_1_94' title='bbox 1176 1574 1375 1637; x_wconf 86' lang='lat' dir='ltr'>crevit</span> <span class='ocrx_word' id='word_1_95' title='bbox 1422 1590 1760 1645; x_wconf 66' lang='lat' dir='ltr'>numerus:</span> <span class='ocrx_word' id='word_1_96' title='bbox 1811 1568 1921 1634; x_wconf 89' lang='lat' dir='ltr'>sed</span> <span class='ocrx_word' id='word_1_97' title='bbox 1965 1567 2313 1633; x_wconf 86' lang='lat' dir='ltr'>absurdum</span> <span class='ocrx_word' id='word_1_98' title='bbox 2358 1564 2486 1629; x_wconf 88' lang='lat' dir='ltr'>fere</span> <span class='ocrx_word' id='word_1_99' title='bbox 2533 1568 2628 1627; x_wconf 87' lang='lat' dir='ltr'>est</span> 
     </span>
     <span class='ocr_line' id='line_1_13' title="bbox 238 1666 2627 1764; baseline -0.005 -23"><span class='ocrx_word' id='word_1_100' title='bbox 238 1683 534 1742; x_wconf 76' lang='lat' dir='ltr'>statuere</span> <span class='ocrx_word' id='word_1_101' title='bbox 604 1686 893 1764; x_wconf 89' lang='lat' dir='ltr'>poetam,</span> <span class='ocrx_word' id='word_1_102' title='bbox 964 1681 1074 1762; x_wconf 91' lang='lat' dir='ltr'>qui</span> <span class='ocrx_word' id='word_1_103' title='bbox 1142 1680 1307 1742; x_wconf 89' lang='lat' dir='ltr'>circa</span> <span class='ocrx_word' id='word_1_104' title='bbox 1376 1698 1615 1741; x_wconf 89' lang='lat' dir='ltr'>annum</span> <span class='ocrx_word' id='word_1_105' title='bbox 1683 1697 1738 1739; x_wconf 91' lang='lat' dir='ltr'>a.</span> <span class='ocrx_word' id='word_1_106' title='bbox 1799 1672 1868 1741; x_wconf 84' lang='lat' dir='ltr'>O.</span> <span class='ocrx_word' id='word_1_107' title='bbox 1936 1672 2066 1738; x_wconf 87' lang='grc'>440</span> <span class='ocrx_word' id='word_1_108' title='bbox 2131 1673 2416 1745; x_wconf 87' lang='lat' dir='ltr'>doceret,</span> <span class='ocrx_word' id='word_1_109' title='bbox 2481 1666 2627 1754; x_wconf 88' lang='lat' dir='ltr'>plus</span> 
     </span>
     <span class='ocr_line' id='line_1_14' title="bbox 237 1772 2630 1870; baseline -0.005 -22"><span class='ocrx_word' id='word_1_110' title='bbox 237 1788 512 1848; x_wconf 82' lang='lat' dir='ltr'>centum</span> <span class='ocrx_word' id='word_1_111' title='bbox 571 1783 815 1849; x_wconf 87' lang='lat' dir='ltr'>fabulas</span> <span class='ocrx_word' id='word_1_112' title='bbox 874 1787 1196 1870; x_wconf 80' lang='lat' dir='ltr'>scripsisse</span> <span class='ocrx_word' id='word_1_113' title='bbox 1220 1833 1235 1861; x_wconf 93' lang='lat'>,</span> <span class='ocrx_word' id='word_1_114' title='bbox 1303 1803 1574 1869; x_wconf 90' lang='lat' dir='ltr'>quarum</span> <span class='ocrx_word' id='word_1_115' title='bbox 1637 1780 1883 1846; x_wconf 90' lang='lat' dir='ltr'>nullam</span> <span class='ocrx_word' id='word_1_116' title='bbox 1947 1780 2142 1844; x_wconf 88' lang='lat' dir='ltr'>fuisse</span> <span class='ocrx_word' id='word_1_117' title='bbox 2188 1776 2474 1843; x_wconf 84' lang='lat' dir='ltr'>vitalem.</span> <span class='ocrx_word' id='word_1_118' title='bbox 2540 1772 2630 1837; x_wconf 88' lang='lat' dir='ltr'>Ut</span> 
     </span>
     <span class='ocr_line' id='line_1_15' title="bbox 242 1882 2628 1975; baseline -0.004 -21"><span class='ocrx_word' id='word_1_119' title='bbox 242 1910 479 1954; x_wconf 89' lang='lat' dir='ltr'>omnes</span> <span class='ocrx_word' id='word_1_120' title='bbox 526 1892 895 1975; x_wconf 87' lang='lat' dir='ltr'>periissent,</span> <span class='ocrx_word' id='word_1_121' title='bbox 943 1897 1018 1953; x_wconf 90' lang='lat' dir='ltr'>ut</span> <span class='ocrx_word' id='word_1_122' title='bbox 1064 1888 1320 1955; x_wconf 88' lang='lat' dir='ltr'>nullum</span> <span class='ocrx_word' id='word_1_123' title='bbox 1369 1911 1447 1954; x_wconf 79' lang='lat' dir='ltr'>ex</span> <span class='ocrx_word' id='word_1_124' title='bbox 1492 1891 1573 1953; x_wconf 90' lang='lat' dir='ltr'>iis</span> <span class='ocrx_word' id='word_1_125' title='bbox 1623 1886 1967 1953; x_wconf 82' lang='lat' dir='ltr'>verbulum</span> <span class='ocrx_word' id='word_1_126' title='bbox 2013 1891 2288 1951; x_wconf 85' lang='lat' dir='ltr'>aetatem</span> <span class='ocrx_word' id='word_1_127' title='bbox 2337 1882 2628 1957; x_wconf 89' lang='lat' dir='ltr'>tulisset,</span> 
     </span>
     <span class='ocr_line' id='line_1_16' title="bbox 242 1990 2632 2075; baseline -0.003 -16"><span class='ocrx_word' id='word_1_128' title='bbox 242 2032 345 2043; x_wconf 91' lang='lat'>——</span> <span class='ocrx_word' id='word_1_129' title='bbox 389 2001 453 2058; x_wconf 89' lang='lat' dir='ltr'>at</span> <span class='ocrx_word' id='word_1_130' title='bbox 495 2015 723 2059; x_wconf 92' lang='lat' dir='ltr'>nomen</span> <span class='ocrx_word' id='word_1_131' title='bbox 765 1993 993 2059; x_wconf 87' lang='lat' dir='ltr'>saltem</span> <span class='ocrx_word' id='word_1_132' title='bbox 1032 2016 1239 2059; x_wconf 91' lang='lat' dir='ltr'>unum</span> <span class='ocrx_word' id='word_1_133' title='bbox 1280 2002 1346 2060; x_wconf 89' lang='lat' dir='ltr'>et</span> <span class='ocrx_word' id='word_1_134' title='bbox 1385 1994 1662 2059; x_wconf 87' lang='lat' dir='ltr'>alterum</span> <span class='ocrx_word' id='word_1_135' title='bbox 1700 2016 1778 2059; x_wconf 82' lang='lat' dir='ltr'>ex</span> <span class='ocrx_word' id='word_1_136' title='bbox 1818 1998 2078 2057; x_wconf 88' lang='lat' dir='ltr'>centum</span> <span class='ocrx_word' id='word_1_137' title='bbox 2117 1990 2250 2055; x_wconf 88' lang='lat' dir='ltr'>illis</span> <span class='ocrx_word' id='word_1_138' title='bbox 2289 1996 2354 2055; x_wconf 87' lang='lat' dir='ltr'>et</span> <span class='ocrx_word' id='word_1_139' title='bbox 2393 1990 2632 2075; x_wconf 79' lang='lat' dir='ltr'>viginti</span> 
     </span>
     <span class='ocr_line' id='line_1_17' title="bbox 244 2092 2633 2187; baseline -0.003 -22"><span class='ocrx_word' id='word_1_140' title='bbox 244 2101 605 2187; x_wconf 84' lang='lat' dir='ltr'>tragoediis</span> <span class='ocrx_word' id='word_1_141' title='bbox 668 2104 1051 2167; x_wconf 85' lang='lat' dir='ltr'>innotuisset</span> <span class='ocrx_word' id='word_1_142' title='bbox 1110 2104 1548 2187; x_wconf 81' lang='lat' dir='ltr'>grammaticis</span> <span class='ocrx_word' id='word_1_143' title='bbox 1568 2149 1585 2177; x_wconf 92' lang='lat'>,</span> <span class='ocrx_word' id='word_1_144' title='bbox 1652 2120 1764 2164; x_wconf 88' lang='lat' dir='ltr'>nec</span> <span class='ocrx_word' id='word_1_145' title='bbox 1828 2098 1965 2163; x_wconf 88' lang='lat' dir='ltr'>fieri</span> <span class='ocrx_word' id='word_1_146' title='bbox 2028 2102 2273 2182; x_wconf 87' lang='lat' dir='ltr'>poterat</span> <span class='ocrx_word' id='word_1_147' title='bbox 2333 2096 2490 2180; x_wconf 90' lang='lat' dir='ltr'>quin</span> <span class='ocrx_word' id='word_1_148' title='bbox 2551 2092 2633 2159; x_wconf 91' lang='lat' dir='ltr'>ad</span> 
     </span>
     <span class='ocr_line' id='line_1_18' title="bbox 242 2206 1550 2293; baseline 0 -23"><span class='ocrx_word' id='word_1_149' title='bbox 242 2227 375 2271; x_wconf 85' lang='lat' dir='ltr'>nos</span> <span class='ocrx_word' id='word_1_150' title='bbox 420 2206 634 2293; x_wconf 90' lang='lat' dir='ltr'>aliqua</span> <span class='ocrx_word' id='word_1_151' title='bbox 676 2206 824 2275; x_wconf 90' lang='lat' dir='ltr'>inde</span> <span class='ocrx_word' id='word_1_152' title='bbox 871 2209 1102 2272; x_wconf 88' lang='lat' dir='ltr'>notitia</span> <span class='ocrx_word' id='word_1_153' title='bbox 1154 2206 1550 2272; x_wconf 81' lang='lat' dir='ltr'>redundaret.</span> 
     </span>
    </p>

    <p class='ocr_par' dir='ltr' id='par_1_3' title="bbox 246 2309 2636 3142">
     <span class='ocr_line' id='line_1_19' title="bbox 352 2309 2630 2399; baseline -0.003 -23"><span class='ocrx_word' id='word_1_154' title='bbox 352 2311 592 2397; x_wconf 88' lang='lat' dir='ltr'>Operae</span> <span class='ocrx_word' id='word_1_155' title='bbox 652 2316 857 2399; x_wconf 89' lang='lat' dir='ltr'>igitur</span> <span class='ocrx_word' id='word_1_156' title='bbox 918 2317 1199 2399; x_wconf 86' lang='lat' dir='ltr'>pretium</span> <span class='ocrx_word' id='word_1_157' title='bbox 1264 2319 1358 2378; x_wconf 88' lang='lat' dir='ltr'>est</span> <span class='ocrx_word' id='word_1_158' title='bbox 1420 2313 1589 2377; x_wconf 87' lang='lat' dir='ltr'>adire</span> <span class='ocrx_word' id='word_1_159' title='bbox 1656 2312 1858 2377; x_wconf 85' lang='lat' dir='ltr'>fontes</span> <span class='ocrx_word' id='word_1_160' title='bbox 1880 2359 1897 2388; x_wconf 92' lang='lat'>,</span> <span class='ocrx_word' id='word_1_161' title='bbox 1948 2309 2053 2375; x_wconf 85' lang='lat' dir='ltr'>vel</span> <span class='ocrx_word' id='word_1_162' title='bbox 2103 2312 2317 2395; x_wconf 90' lang='lat' dir='ltr'>potius</span> <span class='ocrx_word' id='word_1_163' title='bbox 2363 2310 2630 2391; x_wconf 82' lang='lat' dir='ltr'>unicum</span> 
     </span>
     <span class='ocr_line' id='line_1_20' title="bbox 246 2414 2631 2504; baseline -0.004 -19"><span class='ocrx_word' id='word_1_164' title='bbox 246 2420 503 2485; x_wconf 88' lang='lat' dir='ltr'>fontem</span> <span class='ocrx_word' id='word_1_165' title='bbox 546 2418 833 2484; x_wconf 83' lang='lat' dir='ltr'>Suidam.</span> <span class='ocrx_word' id='word_1_166' title='bbox 874 2419 1105 2485; x_wconf 86' lang='lat' dir='ltr'>Narrat</span> <span class='ocrx_word' id='word_1_167' title='bbox 1144 2421 1530 2504; x_wconf 69' lang='lat' dir='ltr'>hic‚1parum</span> <span class='ocrx_word' id='word_1_168' title='bbox 1554 2426 1840 2483; x_wconf 88' lang='lat' dir='ltr'>constare</span> <span class='ocrx_word' id='word_1_169' title='bbox 1865 2437 2093 2482; x_wconf 89' lang='lat' dir='ltr'>nomen</span> <span class='ocrx_word' id='word_1_170' title='bbox 2117 2422 2337 2502; x_wconf 85' lang='lat' dir='ltr'>poetae</span> <span class='ocrx_word' id='word_1_171' title='bbox 2361 2414 2631 2478; x_wconf 88' lang='lat' dir='ltr'>fueritne</span> 
     </span>
     <span class='ocr_line' id='line_1_21' title="bbox 250 2522 2636 2612; baseline -0.002 -23"><span class='ocrx_word' id='word_1_172' title='bbox 250 2524 605 2609; x_wconf 87' lang='lat' dir='ltr'>Neophron</span> <span class='ocrx_word' id='word_1_173' title='bbox 665 2546 747 2590; x_wconf 91' lang='lat' dir='ltr'>an</span> <span class='ocrx_word' id='word_1_174' title='bbox 808 2525 1116 2612; x_wconf 89' lang='lat' dir='ltr'>Neophon</span> <span class='ocrx_word' id='word_1_175' title='bbox 1166 2525 1535 2612; x_wconf 82' lang='lat' dir='ltr'>Sicyonius;</span> <span class='ocrx_word' id='word_1_176' title='bbox 1588 2527 1876 2611; x_wconf 90' lang='lat' dir='ltr'>primum</span> <span class='ocrx_word' id='word_1_177' title='bbox 1921 2544 2072 2587; x_wconf 90' lang='lat' dir='ltr'>eum</span> <span class='ocrx_word' id='word_1_178' title='bbox 2121 2522 2522 2607; x_wconf 85' lang='lat' dir='ltr'>paedagogos</span> <span class='ocrx_word' id='word_1_179' title='bbox 2570 2526 2636 2585; x_wconf 89' lang='lat' dir='ltr'>et</span> 
     </span>
     <span class='ocr_line' id='line_1_22' title="bbox 248 2628 2636 2717; baseline -0.003 -22"><span class='ocrx_word' id='word_1_180' title='bbox 248 2653 473 2697; x_wconf 86' lang='lat' dir='ltr'>servos</span> <span class='ocrx_word' id='word_1_181' title='bbox 534 2634 603 2695; x_wconf 89' lang='lat' dir='ltr'>in</span> <span class='ocrx_word' id='word_1_182' title='bbox 658 2653 841 2697; x_wconf 89' lang='lat' dir='ltr'>scena</span> <span class='ocrx_word' id='word_1_183' title='bbox 889 2633 1237 2697; x_wconf 89' lang='lat' dir='ltr'>ostendisse</span> <span class='ocrx_word' id='word_1_184' title='bbox 1286 2633 1642 2717; x_wconf 87' lang='lat' dir='ltr'>quaestioni</span> <span class='ocrx_word' id='word_1_185' title='bbox 1692 2630 1991 2708; x_wconf 78' lang='lat' dir='ltr'>traditos3</span> <span class='ocrx_word' id='word_1_186' title='bbox 2042 2628 2397 2715; x_wconf 84' lang='lat' dir='ltr'>tragoedias</span> <span class='ocrx_word' id='word_1_187' title='bbox 2445 2628 2636 2710; x_wconf 87' lang='lat' dir='ltr'>scrip—</span> 
     </span>
     <span class='ocr_line' id='line_1_23' title="bbox 248 2734 2635 2823; baseline -0.003 -22"><span class='ocrx_word' id='word_1_188' title='bbox 248 2741 414 2801; x_wconf 87' lang='lat' dir='ltr'>sisse</span> <span class='ocrx_word' id='word_1_189' title='bbox 468 2734 649 2803; x_wconf 87' lang='lat' dir='ltr'>CXX</span> <span class='ocrx_word' id='word_1_190' title='bbox 664 2758 680 2815; x_wconf 90' lang='lat'>;</span> <span class='ocrx_word' id='word_1_191' title='bbox 748 2738 1091 2802; x_wconf 84' lang='lat' dir='ltr'>Alexandri</span> <span class='ocrx_word' id='word_1_192' title='bbox 1150 2737 1378 2823; x_wconf 83' lang='lat' dir='ltr'>Magni</span> <span class='ocrx_word' id='word_1_193' title='bbox 1427 2736 1622 2800; x_wconf 85' lang='lat' dir='ltr'>fuisse</span> <span class='ocrx_word' id='word_1_194' title='bbox 1670 2738 1973 2801; x_wconf 91' lang='lat' dir='ltr'>comitem</span> <span class='ocrx_word' id='word_1_195' title='bbox 1994 2784 2011 2812; x_wconf 92' lang='lat'>,</span> <span class='ocrx_word' id='word_1_196' title='bbox 2062 2756 2098 2799; x_wconf 89' lang='lat' dir='ltr'>a</span> <span class='ocrx_word' id='word_1_197' title='bbox 2145 2755 2270 2820; x_wconf 93' lang='lat' dir='ltr'>quo</span> <span class='ocrx_word' id='word_1_198' title='bbox 2318 2753 2448 2797; x_wconf 87' lang='lat' dir='ltr'>una</span> <span class='ocrx_word' id='word_1_199' title='bbox 2486 2751 2635 2796; x_wconf 90' lang='lat' dir='ltr'>cum</span> 
     </span>
     <span class='ocr_line' id='line_1_24' title="bbox 251 2840 2635 2928; baseline -0.004 -18"><span class='ocrx_word' id='word_1_200' title='bbox 251 2841 648 2910; x_wconf 85' lang='lat' dir='ltr'>Callisthene</span> <span class='ocrx_word' id='word_1_201' title='bbox 710 2843 1087 2928; x_wconf 90' lang='lat' dir='ltr'>philosopho</span> <span class='ocrx_word' id='word_1_202' title='bbox 1148 2864 1283 2908; x_wconf 90' lang='lat' dir='ltr'>esse</span> <span class='ocrx_word' id='word_1_203' title='bbox 1344 2850 1642 2907; x_wconf 88' lang='lat' dir='ltr'>necatum</span> <span class='ocrx_word' id='word_1_204' title='bbox 1669 2840 1740 2921; x_wconf 76' lang='lat'>⁹).</span> <span class='ocrx_word' id='word_1_205' title='bbox 1808 2840 2131 2905; x_wconf 84' lang='lat' dir='ltr'>Ultimum</span> <span class='ocrx_word' id='word_1_206' title='bbox 2189 2840 2308 2904; x_wconf 90' lang='lat' dir='ltr'>hoc</span> <span class='ocrx_word' id='word_1_207' title='bbox 2369 2841 2437 2901; x_wconf 91' lang='lat' dir='ltr'>in</span> <span class='ocrx_word' id='word_1_208' title='bbox 2484 2857 2635 2902; x_wconf 85' lang='lat' dir='ltr'>voce</span> 
     </span>
     <span class='ocr_line' id='line_1_25' title="bbox 260 2943 2634 3033; baseline -0.004 -18"><span class='ocrx_word' id='word_1_209' title='bbox 260 2950 634 3015; x_wconf 69' lang='lat' dir='ltr'>Callisthene</span> <span class='ocrx_word' id='word_1_210' title='bbox 698 2952 937 3014; x_wconf 88' lang='lat' dir='ltr'>iterum</span> <span class='ocrx_word' id='word_1_211' title='bbox 1008 2948 1177 3033; x_wconf 90' lang='lat' dir='ltr'>apud</span> <span class='ocrx_word' id='word_1_212' title='bbox 1245 2948 1510 3014; x_wconf 86' lang='lat' dir='ltr'>Suidam</span> <span class='ocrx_word' id='word_1_213' title='bbox 1576 2947 1869 3023; x_wconf 87' lang='lat' dir='ltr'>traditur,</span> <span class='ocrx_word' id='word_1_214' title='bbox 1938 2950 2063 3011; x_wconf 87' lang='lat' dir='ltr'>nisi</span> <span class='ocrx_word' id='word_1_215' title='bbox 2128 2943 2295 3031; x_wconf 92' lang='lat' dir='ltr'>quod</span> <span class='ocrx_word' id='word_1_216' title='bbox 2354 2945 2447 3010; x_wconf 91' lang='lat' dir='ltr'>ibi</span> <span class='ocrx_word' id='word_1_217' title='bbox 2509 2963 2634 3007; x_wconf 93' lang='lat' dir='ltr'>non</span> 
     </span>
     <span class='ocr_line' id='line_1_26' title="bbox 253 3054 1840 3142; baseline -0.003 -21"><span class='ocrx_word' id='word_1_218' title='bbox 253 3058 587 3139; x_wconf 75' lang='lat' dir='ltr'>Neophron</span> <span class='ocrx_word' id='word_1_219' title='bbox 631 3058 877 3142; x_wconf 87' lang='lat' dir='ltr'>tragico</span> <span class='ocrx_word' id='word_1_220' title='bbox 927 3076 1160 3120; x_wconf 89' lang='lat' dir='ltr'>nomen</span> <span class='ocrx_word' id='word_1_221' title='bbox 1208 3063 1304 3121; x_wconf 92' lang='lat' dir='ltr'>est</span> <span class='ocrx_word' id='word_1_222' title='bbox 1352 3054 1461 3120; x_wconf 92' lang='lat' dir='ltr'>sed</span> <span class='ocrx_word' id='word_1_223' title='bbox 1508 3054 1840 3118; x_wconf 67' lang='lat' dir='ltr'>Nearchus.</span> 
     </span>
    </p>

    <p class='ocr_par' dir='ltr' id='par_1_4' title="bbox 254 3157 2641 3567">
     <span class='ocr_line' id='line_1_27' title="bbox 350 3157 2636 3248; baseline -0.003 -21"><span class='ocrx_word' id='word_1_224' title='bbox 350 3163 492 3227; x_wconf 90' lang='lat' dir='ltr'>Iam</span> <span class='ocrx_word' id='word_1_225' title='bbox 537 3164 746 3247; x_wconf 89' lang='lat' dir='ltr'>quivis</span> <span class='ocrx_word' id='word_1_226' title='bbox 795 3163 970 3228; x_wconf 86' lang='lat' dir='ltr'>videt</span> <span class='ocrx_word' id='word_1_227' title='bbox 1010 3165 1329 3248; x_wconf 87' lang='lat' dir='ltr'>tragicum</span> <span class='ocrx_word' id='word_1_228' title='bbox 1349 3210 1365 3238; x_wconf 91' lang='lat'>‚</span> <span class='ocrx_word' id='word_1_229' title='bbox 1411 3182 1603 3246; x_wconf 92' lang='lat' dir='ltr'>quem</span> <span class='ocrx_word' id='word_1_230' title='bbox 1645 3159 2004 3227; x_wconf 88' lang='lat' dir='ltr'>aemulatus</span> <span class='ocrx_word' id='word_1_231' title='bbox 2043 3159 2238 3223; x_wconf 88' lang='lat' dir='ltr'>fuerit</span> <span class='ocrx_word' id='word_1_232' title='bbox 2273 3157 2636 3244; x_wconf 81' lang='lat' dir='ltr'>Euripides,</span> 
     </span>
     <span class='ocr_line' id='line_1_28' title="bbox 254 3262 2641 3354; baseline -0.003 -19"><span class='ocrx_word' id='word_1_233' title='bbox 254 3292 389 3335; x_wconf 88' lang='lat' dir='ltr'>nou</span> <span class='ocrx_word' id='word_1_234' title='bbox 451 3272 734 3354; x_wconf 86' lang='lat' dir='ltr'>potuisse</span> <span class='ocrx_word' id='word_1_235' title='bbox 795 3272 862 3333; x_wconf 90' lang='lat' dir='ltr'>in</span> <span class='ocrx_word' id='word_1_236' title='bbox 912 3268 1257 3335; x_wconf 84' lang='lat' dir='ltr'>Alexandri</span> <span class='ocrx_word' id='word_1_237' title='bbox 1306 3268 1531 3354; x_wconf 79' lang='lat' dir='ltr'>Magni</span> <span class='ocrx_word' id='word_1_238' title='bbox 1578 3270 1802 3332; x_wconf 87' lang='lat' dir='ltr'>castris</span> <span class='ocrx_word' id='word_1_239' title='bbox 1853 3267 2110 3331; x_wconf 83' lang='lat' dir='ltr'>versari.</span> <span class='ocrx_word' id='word_1_240' title='bbox 2159 3264 2382 3350; x_wconf 90' lang='lat' dir='ltr'>Itaque</span> <span class='ocrx_word' id='word_1_241' title='bbox 2426 3267 2496 3328; x_wconf 92' lang='lat' dir='ltr'>in</span> <span class='ocrx_word' id='word_1_242' title='bbox 2543 3262 2641 3327; x_wconf 91' lang='lat' dir='ltr'>ul-</span> 
     </span>
     <span class='ocr_line' id='line_1_29' title="bbox 256 3369 2639 3459; baseline -0.002 -19"><span class='ocrx_word' id='word_1_243' title='bbox 256 3376 447 3440; x_wconf 80' lang='lat' dir='ltr'>timis</span> <span class='ocrx_word' id='word_1_244' title='bbox 511 3382 678 3441; x_wconf 88' lang='lat' dir='ltr'>certe</span> <span class='ocrx_word' id='word_1_245' title='bbox 748 3373 1014 3439; x_wconf 86' lang='lat' dir='ltr'>Suidam</span> <span class='ocrx_word' id='word_1_246' title='bbox 1078 3377 1349 3459; x_wconf 85' lang='lat' dir='ltr'>turpiter</span> <span class='ocrx_word' id='word_1_247' title='bbox 1411 3394 1650 3439; x_wconf 88' lang='lat' dir='ltr'>errasse</span> <span class='ocrx_word' id='word_1_248' title='bbox 1695 3380 1760 3438; x_wconf 90' lang='lat' dir='ltr'>et</span> <span class='ocrx_word' id='word_1_249' title='bbox 1808 3372 2240 3437; x_wconf 84' lang='lat' dir='ltr'>diversissima</span> <span class='ocrx_word' id='word_1_250' title='bbox 2285 3369 2639 3435; x_wconf 83' lang='lat' dir='ltr'>confudisse</span> 
     </span>
     <span class='ocr_line' id='line_1_30' title="bbox 259 3475 2641 3567; baseline -0.002 -22"><span class='ocrx_word' id='word_1_251' title='bbox 259 3487 545 3567; x_wconf 87' lang='lat' dir='ltr'>apparet.</span> <span class='ocrx_word' id='word_1_252' title='bbox 619 3481 707 3544; x_wconf 88' lang='lat' dir='ltr'>At</span> <span class='ocrx_word' id='word_1_253' title='bbox 782 3502 1111 3546; x_wconf 81' lang='lat' dir='ltr'>servorum</span> <span class='ocrx_word' id='word_1_254' title='bbox 1180 3500 1429 3567; x_wconf 91' lang='lat' dir='ltr'>quoque</span> <span class='ocrx_word' id='word_1_255' title='bbox 1485 3476 1789 3559; x_wconf 70' lang='grc' dir='ltr'><strong><em>βασάνοις</em></strong></span> <span class='ocrx_word' id='word_1_256' title='bbox 1849 3478 2017 3556; x_wconf 79' lang='lat' dir='ltr'>illis,</span> <span class='ocrx_word' id='word_1_257' title='bbox 2079 3498 2238 3563; x_wconf 89' lang='lat' dir='ltr'>quos</span> <span class='ocrx_word' id='word_1_258' title='bbox 2300 3475 2641 3567; x_wconf 86' lang='lat' dir='ltr'>Neophron</span> 
     </span>
    </p>
   </div>
   <div class='ocr_carea' id='block_1_3' title="bbox 264 3684 653 3694">
    <p class='ocr_par' dir='ltr' id='par_1_5' title="bbox 264 3684 653 3694">
     <span class='ocr_line' id='line_1_31' title="bbox 264 3684 653 3694; baseline 0 0"><span class='ocrx_word' id='word_1_259' title='bbox 264 3684 653 3694; x_wconf 95' lang='lat' dir='ltr'> </span> 
     </span>
    </p>
   </div>
   <div class='ocr_carea' id='block_1_4' title="bbox 254 3803 2645 4525">
    <p class='ocr_par' dir='ltr' id='par_1_6' title="bbox 254 3803 2645 4187">
     <span class='ocr_line' id='line_1_32' title="bbox 334 3803 2642 3871; baseline -0.002 -14"><span class='ocrx_word' id='word_1_260' title='bbox 334 3810 387 3869; x_wconf 88' lang='lat'>1)</span> <span class='ocrx_word' id='word_1_261' title='bbox 426 3810 575 3857; x_wconf 60' lang='lat' dir='ltr'>‚Dm</span> <span class='ocrx_word' id='word_1_262' title='bbox 608 3807 720 3856; x_wconf 70' lang='lat' dir='ltr'>aber</span> <span class='ocrx_word' id='word_1_263' title='bbox 752 3808 830 3856; x_wconf 81' lang='lat' dir='ltr'>ein</span> <span class='ocrx_word' id='word_1_264' title='bbox 864 3806 1098 3871; x_wconf 73' lang='lat' dir='ltr'>Trngiker</span> <span class='ocrx_word' id='word_1_265' title='bbox 1128 3806 1220 3855; x_wconf 82' lang='lat' dir='ltr'>mit</span> <span class='ocrx_word' id='word_1_266' title='bbox 1256 3806 1351 3855; x_wconf 82' lang='lat'>120</span> <span class='ocrx_word' id='word_1_267' title='bbox 1387 3806 1593 3854; x_wconf 74' lang='lat' dir='ltr'>Drnmen</span> <span class='ocrx_word' id='word_1_268' title='bbox 1631 3805 1724 3853; x_wconf 76' lang='lat' dir='ltr'>fast</span> <span class='ocrx_word' id='word_1_269' title='bbox 1756 3803 1945 3869; x_wconf 74' lang='lat' dir='ltr'>spurlos</span> <span class='ocrx_word' id='word_1_270' title='bbox 1979 3804 2075 3853; x_wconf 85' lang='lat' dir='ltr'>und</span> <span class='ocrx_word' id='word_1_271' title='bbox 2111 3803 2368 3868; x_wconf 73' lang='lat' dir='ltr'>unbeklagt</span> <span class='ocrx_word' id='word_1_272' title='bbox 2398 3804 2642 3853; x_wconf 71' lang='lat' dir='ltr'>ver-hellen</span> 
     </span>
     <span class='ocr_line' id='line_1_33' title="bbox 254 3886 2643 3951; baseline -0.002 -12"><span class='ocrx_word' id='word_1_273' title='bbox 254 3890 467 3949; x_wconf 77' lang='lat' dir='ltr'>konnte,</span> <span class='ocrx_word' id='word_1_274' title='bbox 517 3890 641 3939; x_wconf 77' lang='lat' dir='ltr'>diese</span> <span class='ocrx_word' id='word_1_275' title='bbox 692 3889 955 3938; x_wconf 75' lang='lat' dir='ltr'>Thatsache</span> <span class='ocrx_word' id='word_1_276' title='bbox 1004 3890 1116 3938; x_wconf 71' lang='lat' dir='ltr'>lisst</span> <span class='ocrx_word' id='word_1_277' title='bbox 1154 3903 1241 3937; x_wconf 79' lang='lat' dir='ltr'>uns</span> <span class='ocrx_word' id='word_1_278' title='bbox 1275 3888 1365 3937; x_wconf 85' lang='lat' dir='ltr'>deu</span> <span class='ocrx_word' id='word_1_279' title='bbox 1399 3886 1671 3936; x_wconf 72' lang='lat' dir='ltr'>Ueberflnss</span> <span class='ocrx_word' id='word_1_280' title='bbox 1701 3888 1881 3945; x_wconf 76' lang='lat' dir='ltr'>abnen,</span> <span class='ocrx_word' id='word_1_281' title='bbox 1915 3886 2004 3936; x_wconf 83' lang='lat' dir='ltr'>den</span> <span class='ocrx_word' id='word_1_282' title='bbox 2033 3887 2189 3936; x_wconf 76' lang='lat' dir='ltr'>Athen</span> <span class='ocrx_word' id='word_1_283' title='bbox 2219 3886 2269 3935; x_wconf 87' lang='lat' dir='ltr'>in</span> <span class='ocrx_word' id='word_1_284' title='bbox 2299 3887 2383 3936; x_wconf 82' lang='lat' dir='ltr'>der</span> <span class='ocrx_word' id='word_1_285' title='bbox 2410 3886 2643 3951; x_wconf 66' lang='lat' dir='ltr'>Tragodie</span> 
     </span>
     <span class='ocr_line' id='line_1_34' title="bbox 262 3967 2645 4035; baseline -0.002 -14"><span class='ocrx_word' id='word_1_286' title='bbox 262 3971 466 4023; x_wconf 69' lang='lat' dir='ltr'>besm”.</span> <span class='ocrx_word' id='word_1_287' title='bbox 486 4000 550 4009; x_wconf 89' lang='lat'>—</span> <span class='ocrx_word' id='word_1_288' title='bbox 574 3972 716 4021; x_wconf 77' lang='lat' dir='ltr'>Addit</span> <span class='ocrx_word' id='word_1_289' title='bbox 753 3972 1076 4021; x_wconf 76' lang='lat' dir='ltr'>Bernhardius</span> <span class='ocrx_word' id='word_1_290' title='bbox 1110 3970 1185 4029; x_wconf 86' lang='lat' dir='ltr'>id,</span> <span class='ocrx_word' id='word_1_291' title='bbox 1221 3970 1346 4035; x_wconf 87' lang='lat' dir='ltr'>quod</span> <span class='ocrx_word' id='word_1_292' title='bbox 1382 3986 1547 4019; x_wconf 81' lang='lat' dir='ltr'>verum</span> <span class='ocrx_word' id='word_1_293' title='bbox 1582 3974 1655 4019; x_wconf 76' lang='lat' dir='ltr'>est</span> <span class='ocrx_word' id='word_1_294' title='bbox 1689 3985 1799 4018; x_wconf 74' lang='lat' dir='ltr'>sane</span> <span class='ocrx_word' id='word_1_295' title='bbox 1835 3970 1915 4019; x_wconf 77' lang='lat' dir='ltr'>sed</span> <span class='ocrx_word' id='word_1_296' title='bbox 1949 3968 2098 4034; x_wconf 76' lang='lat' dir='ltr'>ipsius</span> <span class='ocrx_word' id='word_1_297' title='bbox 2125 3967 2398 4034; x_wconf 81' lang='lat' dir='ltr'>opinionem</span> <span class='ocrx_word' id='word_1_298' title='bbox 2428 3969 2645 4018; x_wconf 78' lang='lat' dir='ltr'>funditus</span> 
     </span>
     <span class='ocr_line' id='line_1_35' title="bbox 261 4051 2644 4118; baseline -0.002 -15"><span class='ocrx_word' id='word_1_299' title='bbox 261 4055 463 4105; x_wconf 72' lang='lat' dir='ltr'>evortit:</span> <span class='ocrx_word' id='word_1_300' title='bbox 503 4054 793 4118; x_wconf 69' lang='lat' dir='ltr'>‚Uebrigens</span> <span class='ocrx_word' id='word_1_301' title='bbox 826 4055 1039 4103; x_wconf 80' lang='lat' dir='ltr'>erinnert</span> <span class='ocrx_word' id='word_1_302' title='bbox 1076 4054 1363 4118; x_wconf 83' lang='lat' dir='ltr'>Neophrons</span> <span class='ocrx_word' id='word_1_303' title='bbox 1398 4052 1596 4101; x_wconf 83' lang='lat' dir='ltr'>Diktion</span> <span class='ocrx_word' id='word_1_304' title='bbox 1633 4051 1866 4101; x_wconf 79' lang='lat' dir='ltr'>merklich</span> <span class='ocrx_word' id='word_1_305' title='bbox 1901 4067 1962 4100; x_wconf 78' lang='grc' dir='ltr'><strong><em>ιιι</em></strong></span> <span class='ocrx_word' id='word_1_306' title='bbox 1992 4052 2067 4101; x_wconf 84' lang='lat' dir='ltr'>die</span> <span class='ocrx_word' id='word_1_307' title='bbox 2095 4051 2287 4115; x_wconf 77' lang='lat' dir='ltr'>fiiissige</span> <span class='ocrx_word' id='word_1_308' title='bbox 2316 4051 2524 4116; x_wconf 78' lang='lat' dir='ltr'>Sprache</span> <span class='ocrx_word' id='word_1_309' title='bbox 2559 4052 2644 4099; x_wconf 84' lang='lat' dir='ltr'>der</span> 
     </span>
     <span class='ocr_line' id='line_1_36' title="bbox 262 4135 931 4187; baseline 0.001 -3"><span class='ocrx_word' id='word_1_310' title='bbox 262 4136 497 4187; x_wconf 73' lang='lat' dir='ltr'>attischen</span> <span class='ocrx_word' id='word_1_311' title='bbox 538 4135 931 4186; x_wconf 71' lang='lat' dir='ltr'>Konversttion”.</span> 
     </span>
    </p>

    <p class='ocr_par' dir='ltr' id='par_1_7' title="bbox 266 4208 2645 4525">
     <span class='ocr_line' id='line_1_37' title="bbox 332 4208 2641 4280; baseline -0.003 -11"><span class='ocrx_word' id='word_1_312' title='bbox 332 4219 389 4275; x_wconf 71' lang='lat'>2)</span> <span class='ocrx_word' id='word_1_313' title='bbox 422 4219 591 4267; x_wconf 71' lang='lat' dir='ltr'>Suidn</span> <span class='ocrx_word' id='word_1_314' title='bbox 622 4219 655 4266; x_wconf 87' lang='lat' dir='ltr'>i.</span> <span class='ocrx_word' id='word_1_315' title='bbox 677 4234 747 4268; x_wconf 59' lang='grc' dir='ltr'>ιι</span> <span class='ocrx_word' id='word_1_316' title='bbox 798 4219 1026 4280; x_wconf 79' lang='grc' dir='ltr'><strong><em>Νεόφρων</em></strong></span> <span class='ocrx_word' id='word_1_317' title='bbox 1061 4216 1090 4275; x_wconf 73' lang='lat' dir='ltr'>r,</span> <span class='ocrx_word' id='word_1_318' title='bbox 1128 4218 1333 4279; x_wconf 72' lang='grc' dir='ltr'><strong><em>Νσοφῶν</em></strong></span> <span class='ocrx_word' id='word_1_319' title='bbox 1368 4214 1650 4273; x_wconf 73' lang='grc' dir='ltr'><strong><em>Σικυώνιος,</em></strong></span> <span class='ocrx_word' id='word_1_320' title='bbox 1683 4217 1945 4279; x_wconf 77' lang='grc' dir='ltr'><strong><em>τραγικός·</em></strong></span> <span class='ocrx_word' id='word_1_321' title='bbox 1983 4208 2039 4265; x_wconf 75' lang='grc' dir='ltr'>οὗ</span> <span class='ocrx_word' id='word_1_322' title='bbox 2073 4221 2227 4277; x_wconf 77' lang='grc' dir='ltr'><strong><em>φασιν</em></strong></span> <span class='ocrx_word' id='word_1_323' title='bbox 2264 4211 2386 4263; x_wconf 69' lang='grc' dir='ltr'><strong><em>εἶναι</em></strong></span> <span class='ocrx_word' id='word_1_324' title='bbox 2421 4214 2514 4271; x_wconf 68' lang='grc' dir='ltr'>τὴν</span> <span class='ocrx_word' id='word_1_325' title='bbox 2547 4216 2641 4263; x_wconf 67' lang='grc' dir='ltr'>τοῦ</span> 
     </span>
     <span class='ocr_line' id='line_1_38' title="bbox 266 4292 2645 4363; baseline -0.001 -16"><span class='ocrx_word' id='word_1_326' title='bbox 266 4296 524 4360; x_wconf 74' lang='grc' dir='ltr'><strong><em>Εὐριπίδου</em></strong></span> <span class='ocrx_word' id='word_1_327' title='bbox 561 4297 800 4356; x_wconf 73' lang='grc' dir='ltr'><strong><em>Μήδειαν·</em></strong></span> <span class='ocrx_word' id='word_1_328' title='bbox 837 4298 891 4356; x_wconf 75' lang='grc' dir='ltr'>ὃς</span> <span class='ocrx_word' id='word_1_329' title='bbox 925 4303 1115 4361; x_wconf 72' lang='grc' dir='ltr'><strong><em>πρῶτος</em></strong></span> <span class='ocrx_word' id='word_1_330' title='bbox 1149 4296 1398 4362; x_wconf 74' lang='grc' dir='ltr'><strong><em>σι’σῆγαγε</em></strong></span> <span class='ocrx_word' id='word_1_331' title='bbox 1434 4296 1789 4360; x_wconf 70' lang='grc' dir='ltr'>παιδαγωγοὺς</span> <span class='ocrx_word' id='word_1_332' title='bbox 1825 4296 1910 4345; x_wconf 75' lang='grc' dir='ltr'><strong><em>καὶ</em></strong></span> <span class='ocrx_word' id='word_1_333' title='bbox 1942 4296 2142 4346; x_wconf 66' lang='grc' dir='ltr'>οἰκετῶν</span> <span class='ocrx_word' id='word_1_334' title='bbox 2179 4295 2410 4359; x_wconf 75' lang='grc' dir='ltr'><strong><em>βάσανον.</em></strong></span> <span class='ocrx_word' id='word_1_335' title='bbox 2447 4292 2645 4363; x_wconf 68' lang='grc' dir='ltr'><strong><em>ἔδίδαξο</em></strong></span> 
     </span>
     <span class='ocr_line' id='line_1_39' title="bbox 269 4376 2645 4444; baseline 0 -18"><span class='ocrx_word' id='word_1_336' title='bbox 269 4377 322 4427; x_wconf 69' lang='grc' dir='ltr'><strong>δί</strong></span> <span class='ocrx_word' id='word_1_337' title='bbox 356 4379 637 4444; x_wconf 71' lang='grc' dir='ltr'><strong><em>τραγῳδίας</em></strong></span> <span class='ocrx_word' id='word_1_338' title='bbox 672 4380 756 4441; x_wconf 80' lang='grc' dir='ltr'><strong><em>ρκ’.</em></strong></span> <span class='ocrx_word' id='word_1_339' title='bbox 776 4382 921 4435; x_wconf 72' lang='grc' dir='ltr'><strong><em>συνῆν</em></strong></span> <span class='ocrx_word' id='word_1_340' title='bbox 956 4378 1010 4428; x_wconf 67' lang='grc' dir='ltr'>δὲ</span> <span class='ocrx_word' id='word_1_341' title='bbox 1044 4382 1114 4429; x_wconf 66' lang='grc' dir='ltr'>τὰ</span> <span class='ocrx_word' id='word_1_342' title='bbox 1152 4382 1284 4440; x_wconf 65' lang='grc' dir='ltr'>μετὰ</span> <span class='ocrx_word' id='word_1_343' title='bbox 1319 4382 1490 4428; x_wconf 80' lang='grc' dir='ltr'><strong><em>ταῦτα</em></strong></span> <span class='ocrx_word' id='word_1_344' title='bbox 1524 4377 1831 4443; x_wconf 68' lang='grc' dir='ltr'>Ἀλεξάνδρῳ</span> <span class='ocrx_word' id='word_1_345' title='bbox 1868 4383 1940 4440; x_wconf 70' lang='grc' dir='ltr'>τῷ</span> <span class='ocrx_word' id='word_1_346' title='bbox 1977 4376 2249 4435; x_wconf 72' lang='grc' dir='ltr'><strong><em>Μακέδονι,</em></strong></span> <span class='ocrx_word' id='word_1_347' title='bbox 2289 4376 2374 4426; x_wconf 73' lang='grc' dir='ltr'><strong><em>καὶ</em></strong></span> <span class='ocrx_word' id='word_1_348' title='bbox 2408 4376 2535 4427; x_wconf 74' lang='grc' dir='ltr'><strong><em>διότι</em></strong></span> <span class='ocrx_word' id='word_1_349' title='bbox 2564 4378 2645 4443; x_wconf 80' lang='grc' dir='ltr'>φί-</span> 
     </span>
     <span class='ocr_line' id='line_1_40' title="bbox 270 4458 2378 4525; baseline 0 -17"><span class='ocrx_word' id='word_1_350' title='bbox 270 4470 357 4519; x_wconf 89' lang='grc' dir='ltr'>λος</span> <span class='ocrx_word' id='word_1_351' title='bbox 390 4459 443 4521; x_wconf 68' lang='grc' dir='ltr'>ἦν</span> <span class='ocrx_word' id='word_1_352' title='bbox 476 4461 795 4513; x_wconf 73' lang='grc' dir='ltr'><strong><em>Καλλισθένει</em></strong></span> <span class='ocrx_word' id='word_1_353' title='bbox 832 4466 903 4524; x_wconf 73' lang='grc' dir='ltr'>τῷ</span> <span class='ocrx_word' id='word_1_354' title='bbox 938 4464 1226 4525; x_wconf 76' lang='grc' dir='ltr'><strong><em>φιλοσόφῳ,</em></strong></span> <span class='ocrx_word' id='word_1_355' title='bbox 1261 4462 1351 4510; x_wconf 78' lang='grc' dir='ltr'>σὺν</span> <span class='ocrx_word' id='word_1_356' title='bbox 1388 4459 1549 4523; x_wconf 69' lang='grc' dir='ltr'><strong><em>ἐκείνῳ</em></strong></span> <span class='ocrx_word' id='word_1_357' title='bbox 1584 4459 1671 4510; x_wconf 70' lang='grc' dir='ltr'><strong><em>καὶ</em></strong></span> <span class='ocrx_word' id='word_1_358' title='bbox 1701 4458 1855 4509; x_wconf 73' lang='grc' dir='ltr'><strong><em>αὐτὸν</em></strong></span> <span class='ocrx_word' id='word_1_359' title='bbox 1890 4460 2079 4510; x_wconf 72' lang='grc' dir='ltr'><strong><em>ἀνεῖλεν</em></strong></span> <span class='ocrx_word' id='word_1_360' title='bbox 2112 4458 2378 4522; x_wconf 72' lang='grc' dir='ltr'><strong><em>αἰκισμοῖς.</em></strong></span> 
     </span>
    </p>
   </div>
  </div>
 </body>
</html>
