3192 5009
541 299 672 370 276
1485 322 1981 372 warmume.

540 488 695 574 quid
731 489 917 555 video
936 538 952 567 ,
995 493 1337 577 opponitur
1377 487 1675 557 Christus
1714 497 1927 571 (semo
1963 513 2101 555 caro
2126 492 2397 577 factae),
2439 493 2623 556 cuius
2660 511 2802 555 caro
2820 537 2839 566 ,
2866 491 2933 554 si

539 616 700 681 quae
738 596 897 662 forte
939 595 1148 662 sordes
1188 617 1331 662 eam
1367 599 1807 682 inquinassent
1824 645 1841 675 ‚
1884 617 2047 683 aqua
2083 599 2389 683 baptismi
2426 616 2710 683 respersa
2746 594 2933 661 facili

537 703 796 788 negotio
865 701 1331 769 emacularetur
1347 751 1364 781 ,
1431 724 1635 788 neque
1654 751 1672 781 ,
1732 702 1902 789 quod
1962 703 2067 768 edi
2130 702 2325 781 solet,
2389 702 2718 766 munditias
2776 723 2937 765 suas

537 807 712 894 aquic
755 810 1055 887 traderet,
1097 809 1206 876 sed
1245 809 1653 874 mmunditiac
1688 831 1830 872 suas
1867 812 1935 873 in
1974 829 2138 894 aqua
2162 809 2507 896 deponeret
2533 815 2621 895 (p.
2648 807 2798 874 230.
2828 807 2935 890 8).

623 1051 686 1116 p.
734 1028 888 1094 234.
921 1028 1023 1094 15.
1095 1030 1237 1094 bicet
1299 1031 1454 1094 enim
1498 1029 1687 1113 filius
1736 1029 1951 1092 audiat
2001 1036 2058 1094 et
2106 1029 2373 1093 Iudaeus
2420 1037 2477 1094 et
2520 1030 2726 1105 maior,
2774 1027 2935 1113 quia

524 1135 706 1219 prior
762 1136 830 1199 in
895 1136 1246 1219 adoptione-3
1306 1137 1448 1201 licet
1492 1143 1550 1200 et
1606 1135 1945 1200 Christiano
1994 1134 2538 1200 reconciliationem
2585 1135 2685 1198 dei
2716 1134 2939 1217 patrie

534 1241 805 1305 invideat
844 1279 928 1290 —-
968 1243 1076 1306 sed
1117 1265 1236 1306 non
1283 1243 1400 1307 erit
1447 1241 1669 1305 Iudaei
1716 1242 1939 1305 dictum
1986 1243 2071 1304 ad
2094 1249 2333 1323 patrem
2348 1267 2368 1304 .·
2409 1264 2537 1305 ecce
2572 1247 2711 1326 quot
2744 1239 2939 1302 annis

537 1347 650 1410 bibi
705 1347 896 1412 servio
959 1355 1017 1412 et
1063 1355 1449 1431 praeceptum
1511 1355 1676 1413 tuum
1737 1370 2049 1433 numquam
2100 1347 2459 1430 praeterivi.
2507 1345 2931 1435 Legendum:

537 1453 680 1516 licet
739 1453 894 1518 enim
957 1461 1114 1536 (et)
1160 1455 1348 1538 filius
1407 1455 1623 1518 audiat
1678 1458 1799 1539 [et]
1847 1455 2113 1518 Iudam
2160 1461 2219 1518 et
2263 1453 2472 1519 maior.
2521 1452 2937 1538 Quamquam

537 1559 756 1626 Iudaei
815 1567 880 1627 et
940 1560 1344 1647 appellantur
1402 1561 1522 1626 filii
1550 1559 1601 1642 ¹)
1661 1561 1764 1628 dei
1823 1568 2015 1646 atque
2083 1563 2145 1626 ei
2212 1560 2331 1626 filii
2398 1563 2671 1625 maiores
2690 1609 2705 1638 ,
2770 1562 2933 1644 quia

537 1668 778 1752 priores
825 1688 932 1732 eos
976 1667 1307 1753 adoptavit
1352 1668 1649 1733 dominus
1667 1716 1681 1745 ‚
1728 1671 1946 1734 tamen
1991 1688 2117 1733 non
2166 1674 2318 1732 sunt
2364 1666 2756 1752 adaequandi
2790 1664 2937 1730 filio

539 1775 800 1850 maiori,
842 1775 954 1858 qui
989 1773 1317 1840 inducitur
1351 1777 1420 1840 in
1458 1772 1758 1861 parabola
1782 1773 1901 1839 filii
1922 1773 2179 1860 prodigi
2199 1821 2215 1850 ,
2244 1792 2393 1837 nam
2418 1777 2538 1838 cet.
2590 1771 2684 1837 De
2706 1773 2941 1836 traiec-

539 1881 731 1943 tionis
767 1900 997 1965 genere
1037 1882 1496 1946 coniunctionis
1531 1886 1608 1958 et,
1650 1881 1727 1946 de
1766 1901 1891 1966 quo
1927 1883 2034 1966 egi
2058 1879 2302 1945 Mnem.
2335 1877 2504 1944 1891
2532 1900 2595 1965 p.
2624 1877 2777 1954 394,
2798 1877 2936 1943 hoc

535 1983 676 2051 loco
735 1986 1151 2072 cogitandum
1212 2008 1338 2053 non
1382 1989 1522 2052 erit.
1573 1985 1649 2052 In
1698 1986 2008 2072 exemplis
2057 1989 2229 2052 enim
2277 1987 2369 2051 ibi
2416 1984 2627 2051 allatis
2673 2007 2937 2071 semper

539 2093 898 2157 coniunctio
945 2092 1025 2156 ab
1067 2091 1184 2157 illo
1233 2092 1538 2158 vocabulo
1555 2143 1572 2170 ,
1624 2096 1731 2160 cui
1780 2114 1895 2159 sua
1940 2095 2194 2180 propria
2236 2095 2303 2156 vi
2341 2094 2660 2157 artissime
2700 2091 2937 2157 adhae-

538 2201 637 2262 ret
654 2246 670 2274 ,
712 2197 1088 2263 transfertur
1122 2199 1202 2264 ad
1243 2202 1591 2266 sententiae
1625 2201 1909 2265 initium.
1954 2197 2155 2267 Cuius
2196 2200 2586 2264 traiectionis
2610 2195 2935 2283 exemplis

540 2302 896 2369 addendum
942 2307 1172 2370 etiam:
1214 2304 1290 2370 de
1329 2304 1599 2372 Ieiunio.
1642 2327 1694 2371 c.
1742 2303 1845 2370 11,
1886 2305 1963 2371 R.
2006 2327 2067 2390 p.
2109 2303 2263 2370 289.
2297 2303 2399 2368 14.
2441 2305 2646 2390 itaque
2685 2311 2741 2368 et
2782 2303 2937 2367 hinc

540 2409 609 2472 in
669 2409 800 2472 alia
843 2411 1036 2493 specie
1081 2411 1394 2477 altercatio
1441 2413 1713 2476 diversae
1747 2412 1955 2495 partie
2000 2411 2330 2487 obducitur,
2385 2414 2428 2476 i.
2456 2432 2510 2477 e.
2558 2411 2706 2476 hinc
2752 2416 2812 2474 et
2852 2412 2933 2474 in

540 2515 666 2581 alia
729 2519 955 2601 specie.
1026 2517 1330 2584 Eiusdem
1377 2518 1671 2584 insolitae
1716 2520 2057 2586 verborum
2104 2517 2611 2584 collocandorum
2658 2519 2933 2582 rationis

543 2622 914 2708 exemplum
975 2624 1237 2710 praebet
1295 2628 1364 2690 in
1424 2623 1738 2691 vocabulo
1800 2649 1917 2690 non
1984 2625 2063 2690 ad
2112 2625 2261 2690 Nat.
2308 2624 2359 2689 1.
2414 2624 2473 2690 5.
2523 2624 2599 2689 R.
2650 2623 2755 2689 65.
2808 2623 2928 2689 22.

541 2751 668 2792 cum
716 2736 908 2793 tamen
953 2731 1188 2816 abiquos
1232 2733 1306 2796 de
1351 2732 1572 2796 nostrie
1615 2733 1803 2797 malos
1838 2733 2114 2814 probatis
2130 2781 2145 2810 ‚
2199 2733 2321 2794 iam
2364 2733 2473 2794 hoc
2509 2731 2640 2813 ipso
2672 2729 2933 2794 Christi-

539 2857 684 2899 anos
751 2858 867 2900 non
921 2837 1198 2918 probatis
1215 2887 1233 2916 ‚
1296 2840 1342 2904 i.
1369 2859 1422 2904 e.
1486 2838 1767 2924 probatis
1830 2860 1935 2903 eos
2000 2859 2122 2904 non
2190 2859 2323 2904 esse
2372 2835 2802 2916 Christianos;
2854 2839 2933 2900 in

540 2942 846 3010 vocabulo
916 2945 1152 3029 quidem
1212 2943 1288 3010 de
1351 2945 1564 3010 Anim.
1633 2943 1739 3010 34.
1804 2945 1881 3010 R.
1934 2943 2086 3010 358.
2135 2942 2217 3009 18
2290 2944 2465 3007 nulla
2534 2943 2769 3029 quidem
2840 2945 2937 3006 ad

541 3051 890 3114 hodiernum
963 3052 1290 3116 dementiae
1360 3052 1697 3116 huiusmodi
1762 3051 2061 3116 sententia
2128 3051 2364 3134 erupit,
2426 3055 2546 3116 cet.
2627 3067 2775 3136 pro:
2841 3051 2939 3113 ad

543 3157 888 3222 hodiernum
932 3158 1186 3244 quidem.

636 3399 697 3462 p.
748 3376 902 3443 235.
929 3377 1037 3442 20.
1107 3378 1196 3442 εἰσ
1255 3386 1312 3443 et
1369 3379 1657 3443 haeretici
1716 3380 1945 3443 easdem
1994 3379 2325 3460 parabolas
2386 3399 2498 3463 quo
2562 3375 2767 3440 volunt
2814 3377 2931 3440 tn·-

545 3485 762 3562 bumzt,
811 3507 930 3548 non
974 3507 1086 3570 quo
1132 3485 1340 3549 debent
1379 3485 1682 3567 aptissime
1720 3486 2060 3549 cubadum.
2110 3483 2431 3549 Posterior
2482 3481 2727 3568 periodi
2774 3501 2929 3567 pars

543 3588 837 3676 intellegi
897 3589 1077 3655 nullo
1141 3589 1329 3656 modo
1391 3597 1634 3677 potest,
1698 3612 1902 3677 neque
1966 3591 2288 3655 editorum
2332 3587 2928 3653 Vindobonensium

543 3699 952 3762 coniecturis:
1001 3696 1391 3779 „earcbucbunfl
1435 3719 1507 3758 em
1552 3719 1615 3761 ce
1659 3696 1788 3776 (vel
1830 3696 2139 3780 exemplis)
2180 3697 2399 3759 budunt
2436 3694 2581 3759 fort.
2624 3695 2929 3757 excudunt

543 3801 940 3879 Hartelius’',
1002 3801 1292 3866 multum
1346 3800 1509 3868 lucis
1553 3804 1657 3868 his
1705 3802 1981 3868 tenebris
2027 3802 2286 3868 affulsit.
2332 3799 2618 3886 Simplex
2667 3807 2885 3864 tamen
2906 3849 2925 3878 ‚

543 3910 666 3973 nisi
713 3911 1136 3974 erraverimus
1159 3957 1174 3985 ,
1235 3909 1612 3973 emendatio,
1664 3907 2074 3995 Legendum:
2123 3907 2211 3970 sic
2258 3915 2314 3970 et
2358 3905 2645 3970 haeretici
2690 3905 2925 3968 eaedem

532 4014 864 4100 parabolas
908 4038 1020 4100 quo
1065 4015 1272 4078 vohmt
1311 4014 1613 4092 tribuunt,
1658 4037 1775 4079 non
1812 4038 1923 4100 quo
1962 4016 2188 4078 debent.
2230 4012 2536 4096 apti-ssime
2574 4012 2921 4076 excludunt.

541 4143 726 4209 quare
785 4120 1089 4204 aptissime
1106 4120 1143 4183 ‚9
1204 4121 1482 4206 quoniam
1543 4125 1663 4186 cet.
1728 4121 1999 4183 Exn-ludo
2044 4123 2112 4184 in
2160 4117 2413 4184 Oehleri
2458 4116 2765 4204 glossario
2812 4137 2921 4180 ex-

609 4368 664 4430 1)
713 4366 775 4416 cl.
823 4365 985 4414 Retia·
1033 4365 1074 4414 1.
1095 4364 1127 4414 8
1171 4379 1279 4414 mox
1322 4363 1381 4412 ab
1425 4362 1530 4428 ipso
1575 4361 1876 4412 Tertulliano
1910 4361 2138 4412 allatumz
2180 4360 2407 4410 Dominus
2438 4362 2625 4409 boum
2656 4361 2759 4408 est.-
2782 4357 2923 4424 filio:

539 4449 748 4502 σπανία·
779 4453 830 4499 et
861 4447 1102 4498 exaud.-
1132 4447 1222 4511 ipei
1251 4451 1410 4496 auten
1443 4450 1715 4510 spreverunt
1752 4460 1837 4496 ne.
