3192 5009
1006 296 1091 343 nn
1133 296 1284 342 man
1330 294 1782 342 onuunmnm.
2459 274 2588 341 261

256 464 385 527 satis
416 461 601 525 habui
636 480 851 525 meam
889 462 1272 526 sententiam
1309 458 1476 524 clare
1501 478 1833 545 exponere.
1883 457 2007 523 Sed
2030 460 2098 522 in
2125 478 2200 523 ea
2223 460 2594 543 quaestione

256 568 319 631 de
350 588 463 652 qua
495 588 659 631 nunc
695 585 819 652 ago
836 616 853 644 ,
897 568 1323 631 necessarium
1363 568 1531 631 mihi
1569 586 1705 631 esse
1745 567 1964 630 visum
1998 572 2094 630 est
2118 564 2310 629 verbo
2335 585 2596 629 monere

257 673 383 758 quid
444 675 744 737 sentirent
806 675 932 738 viri
994 672 1121 737 duo
1182 675 1509 758 primarii,
1571 671 1940 737 Mommsen
2004 678 2068 738 et
2129 672 2384 758 Lange,
2436 691 2596 756 quos

256 780 473 843 honoris
532 799 719 843 causa
765 781 1054 856 nomino;
1106 781 1346 863 partim
1390 799 1470 843 ne
1515 778 1768 843 viderer
1814 776 1979 842 nihil
2023 778 2326 843 tribuisse
2372 798 2597 843 eorum

256 887 579 950 auctoritati
635 906 839 970 neque
900 887 1053 949 satis
1100 883 1507 970 perpendisse
1553 890 1868 969 quatenus
1914 884 1992 949 ab
2039 886 2130 949 eis
2177 882 2421 949 solutae
2469 885 2598 947 sint

256 1010 491 1077 magnae
534 989 939 1055 difficultates
985 1011 1142 1076 quas
1188 991 1345 1056 haec
1393 993 1680 1075 quaestio
1725 992 2016 1075 praebet;
2067 993 2306 1075 partim
2357 995 2433 1054 ut
2477 989 2600 1055 lec-

257 1099 359 1161 tori
399 1102 749 1181 appareret,
801 1096 958 1181 quid
1001 1099 1069 1160 in
1114 1100 1277 1162 meis
1324 1099 1724 1183 argumentis
1771 1096 2134 1161 ordinandis
2182 1098 2598 1183 potissimum

256 1210 473 1267 secutus
518 1223 719 1268 essem
738 1251 756 1278 ,
796 1209 861 1268 et
901 1224 1061 1287 quae
1098 1208 1309 1288 partes
1347 1202 1799 1289 disputationis
1837 1222 2016 1269 meae
2055 1204 2352 1289 inprimis
2390 1206 2600 1268 essent

256 1311 613 1393 argumentis
674 1308 1160 1374 confirmandae.
1222 1308 1441 1395 Itaque
1489 1330 1566 1373 ex
1614 1312 2014 1395 argumentis
2062 1310 2186 1372 viri
2231 1307 2291 1371 d.
2343 1307 2562 1393 Lange
2581 1354 2596 1383 ,

258 1434 387 1498 quae
431 1416 556 1479 iam
602 1435 795 1499 supra
842 1416 1069 1501 tetigi,
1118 1414 1188 1478 id
1236 1436 1403 1479 nunc
1450 1434 1746 1499 promam
1793 1413 1966 1499 quod
2010 1413 2088 1478 ad
2139 1415 2300 1477 hanc
2347 1418 2600 1497 partem

258 1522 603 1604 quaestionis
665 1527 916 1585 nostrae
964 1523 1283 1605 pertinet;
1327 1520 1547 1607 Lange
1593 1526 1763 1586 recte
1810 1522 2037 1585 statuit
2083 1520 2300 1606 legem
2349 1518 2600 1584 Aeliam

258 1624 471 1691 Fufiam
528 1629 811 1691 vetuisse
875 1626 951 1692 de
1010 1625 1185 1691 caelo
1249 1629 1489 1691 servari
1536 1647 1685 1691 cum
1731 1627 2154 1712 magistratus
2202 1629 2598 1702 crearentur;

259 1730 345 1794 sed
396 1753 537 1795 cum
598 1732 902 1797 adversus
964 1734 1413 1797 anctoritatem
1454 1729 1778 1797 Ciceronis
1825 1738 2038 1797 teneat
2081 1730 2299 1818 legem
2349 1730 2602 1796 Aeliam

260 1834 469 1901 Fufiam
528 1859 653 1902 non
698 1858 835 1902 esse
884 1838 1259 1924 abrogatam
1306 1858 1342 1901 a
1390 1835 1614 1904 Clodio
1635 1886 1650 1914 ,
1700 1842 1766 1902 et
1813 1842 2063 1903 censeat
2111 1846 2361 1923 partem
2407 1838 2602 1902 huius

258 1940 391 2028 legis
447 1964 603 2028 quae
664 1943 745 2007 ad
806 1947 1153 2009 creationes
1212 1946 1560 2028 pertineret
1617 1946 1814 2007 etiam
1863 1943 2148 2008 valuisse
2194 1951 2338 2029 post
2384 1966 2442 2010 a.
2491 1942 2600 2021 58,

262 2067 319 2111 eo
352 2056 621 2134 tempore
660 2070 868 2134 neque
902 2047 1128 2135 legum
1163 2047 1437 2113 lationes
1474 2054 1762 2133 (propter
1799 2046 2013 2134 legem
2054 2046 2372 2130 Clodiam)
2397 2071 2602 2135 neque

262 2157 567 2219 creationes
602 2160 892 2240 (propter
912 2154 1165 2219 Aeliam
1188 2154 1464 2234 Fufiam)
1490 2154 1973 2219 obnuntiatione
1994 2155 2295 2239 impediri
2319 2159 2602 2241 potuisse

262 2268 431 2343 putat.
498 2260 672 2327 Haec
736 2264 1129 2340 coniectura,
1194 2282 1389 2346 quam
1450 2280 1646 2345 supra
1705 2266 1880 2347 (pag.
1929 2259 2061 2326 246
2097 2268 2218 2346 sq.)
2283 2283 2360 2329 ex
2422 2268 2602 2348 parte

264 2366 528 2444 refutavi,
578 2372 715 2431 tota
759 2369 883 2432 erit
928 2365 1212 2444 sublata,
1262 2368 1317 2431 si
1360 2367 1710 2451 probavero
1730 2415 1746 2443 ,
1795 2372 1942 2452 post
1985 2388 2041 2431 a.
2085 2366 2171 2432 58
2219 2366 2474 2433 licuisse
2523 2368 2602 2434 de

266 2471 404 2536 eaelo
458 2476 696 2539 servari
756 2495 907 2538 cum
966 2476 1389 2559 magistratus
1450 2478 1836 2537 crearentur.
1889 2508 1974 2520 —-
2024 2471 2150 2538 Sed
2193 2473 2562 2541 Mommsen
2583 2524 2598 2553 ,

265 2598 383 2641 cum
422 2585 698 2645 censeret
742 2600 1002 2663 operam
1045 2578 1305 2664 perdere
1352 2581 1465 2664 qui
1512 2578 1856 2664 diligenter
1897 2582 2226 2665 exquirere
2267 2587 2604 2649 conaretur

265 2682 387 2765 quid
436 2693 736 2771 rogatum
797 2690 964 2749 esset
1022 2683 1167 2770 lege
1228 2683 1413 2749 Aelia
1470 2682 1655 2747 Fufia
1687 2681 1754 2761 ¹),
1803 2690 2019 2749 tamen
2068 2686 2358 2749 nonnihil
2405 2687 2481 2751 de
2529 2706 2604 2751 ea

266 2809 355 2873 pro
408 2798 569 2856 certo
616 2790 927 2856 affirmare
974 2812 1159 2877 posse
1204 2791 1331 2855 sibi
1374 2792 1553 2854 visus
1599 2794 1728 2866 est3
1779 2791 1940 2855 hanc
1985 2789 2201 2877 legem
2221 2839 2237 2867 ,
2287 2812 2412 2875 qua
2458 2813 2600 2856 con—

205 2887 215 2898 ’
268 2892 475 2961 firmata
532 2900 617 2962 sit
680 2898 1081 2963 obnuntiatio
1128 2899 1633 2982 magistratuum
1654 2944 1671 2974 ,
1721 2917 1980 2980 prorsus
2025 2896 2184 2959 idem
2226 2899 2330 2961 ius
2374 2900 2606 2962 consti-

268 3004 427 3067 tuisse
483 3006 811 3068 existimat
870 3002 946 3067 de
1009 3005 1515 3089 magistratuum
1570 3003 1994 3067 creationibus
2039 3002 2209 3088 quod
2256 3002 2333 3068 de
2379 3002 2606 3089 legum

266 3103 565 3173 lationibus
626 3114 693 3175 et
754 3110 829 3174 de
890 3108 1147 3174 iudiciis
1210 3107 1432 3193 populi
1459 3105 1548 3188 ¹);
1614 3106 1720 3172 lex
1771 3105 1996 3174 Clodia
2042 3129 2192 3173 vero
2243 3111 2302 3173 ei
2347 3107 2607 3174 videtur

268 3213 557 3280 sustulisse
602 3237 821 3279 omnem
866 3216 1418 3279 obnuntiationem
1455 3215 1966 3299 magistratuum
1994 3211 2076 3294 ³);
2121 3216 2176 3279 si
2215 3214 2453 3279 fuerint
2493 3217 2606 3300 qui

324 3498 362 3557 1)
389 3499 669 3551 Staatarecht
706 3502 761 3549 1·
800 3518 846 3567 p.
884 3502 973 3550 111
1017 3517 1065 3550 n.
1102 3504 1158 3551 4:
1201 3499 1389 3550 0Ueber
1421 3501 1510 3549 den
1544 3499 1712 3549 Inhalt
1744 3500 1848 3561 (der
1882 3499 2012 3564 leges
2046 3500 2184 3549 Aelia
2223 3501 2319 3550 und
2356 3502 2506 3563 Fufia)
2541 3503 2605 3553 ist

272 3579 383 3626 tuter
418 3582 502 3631 den
538 3583 693 3633 vielen
730 3582 1101 3633 unbestimmten
1136 3581 1362 3647 Angaben
1398 3582 1521 3630 noch
1556 3582 1634 3630 die
1667 3581 2011 3631 bestimmtcate
2045 3582 2122 3630 die
2157 3580 2231 3631 bei
2267 3585 2376 3633 Aac.
2412 3600 2516 3649 pag.
2556 3585 2604 3645 9,

274 3671 419 3709 vorans
462 3662 559 3713 sich
606 3664 727 3713 anch
767 3702 779 3713 .
800 3700 813 3714 .
835 3702 846 3714 .
882 3664 1095 3729 ergiebt,
1141 3665 1246 3714 dass
1292 3661 1529 3713 dieselben
1576 3662 1628 3711 in
1676 3664 1760 3712 der
1797 3662 2100 3728 Hauptsache
2136 3663 2293 3712 nichts
2329 3666 2492 3714 Neues
2526 3665 2606 3715 be·

272 3738 488 3794 utinum.
526 3746 629 3794 Wie
666 3748 777 3796 weit
809 3745 879 3795 sie
911 3747 988 3795 die
1024 3746 1374 3796 Obnuntiation
1412 3745 1652 3810 regelton,
1689 3745 1782 3794 und
1821 3760 1913 3793 was
1948 3744 2016 3793 sie
2045 3745 2314 3795 fataetzten
2345 3747 2442 3794 und
2471 3748 2606 3797 nicht

272 3818 519 3885 fenam,
552 3829 739 3877 werden
766 3828 1055 3892 vonichtige
1084 3828 1316 3877 For-acher
1344 3828 1479 3878 nicht
1508 3844 1565 3877 zu
1596 3828 1765 3877 wissen
1793 3826 1896 3875 nich
1925 3824 2250 3876 bescheiden”.
2298 3854 2353 3864 —
2389 3828 2444 3887 2)
2479 3828 2585 3878 Ibis

276 3916 357 3965 με.
395 3906 481 3956 108
521 3910 625 3959 adn.
662 3910 719 3959 2:
771 3926 851 3959 aea
896 3910 958 3959 ist
1003 3910 1055 3959 in
1092 3909 1247 3959 dieser
1284 3910 1513 3959 Hinsicht
1546 3911 1628 3959 nie
1661 3909 1738 3959 ein
1779 3908 2091 3957 Unterschicd
2124 3908 2358 3959 zwischen
2397 3910 2604 3970 Gesatz-,

278 3982 407 4035 thl·
438 3992 529 4039 nnd
563 3992 982 4042 Proaeascomitien
1016 3993 1236 4057 gemacht
1269 3990 1507 4041 ποι-ἀεί’.
1566 3992 1738 4056 Itaque
1773 3991 1830 4039 de
1865 3988 2228 4039 obnuntiatione
2263 4006 2356 4039 non
2393 3993 2608 4055 agnoscit

277 4062 527 4131 Mommsen,
571 4073 699 4138 qnod
742 4074 801 4122 de
846 4074 1180 4124 intercessione
1222 4074 1323 4139 ipse
1367 4074 1564 4136 agnovit
1599 4078 1648 4124 et
1683 4073 1828 4121 certia
1860 4072 2156 4136 argumentis
2188 4072 2414 4137 probavit
2447 4074 2606 4141 (supr.

276 4160 355 4210 1³⁸8.
384 4150 471 4205 21⁵7
502 4155 609 4204 adn.
632 4158 701 4219 1),
737 4155 977 4206 diversum
1011 4156 1087 4205 ins
1122 4156 1437 4207 constitutum
1474 4157 1620 4207 fnisse
1653 4172 1740 4221 pro
1775 4154 1962 4203 diverso
1996 4170 2168 4219 genere
2199 4155 2520 4206 comitiorum.
2543 4186 2606 4197 —-

278 4228 319 4288 ⁸)
350 4230 453 4281 thid.
478 4252 579 4300 pag.
606 4236 719 4286 112:
766 4238 859 4287 aim
894 4238 1045 4288 Jahre
1082 4239 1179 4288 696
1216 4239 1302 4287 hat
1337 4238 1461 4287 dann
1497 4238 1575 4287 ein
1610 4253 1703 4287 von
1738 4237 1847 4285 dem
1877 4236 2254 4286 Volkstribunen
2283 4236 2480 4289 Clodius
2508 4240 2606 4290 ein·

279 4310 505 4371 sehr-ohte-
544 4321 712 4369 Geaetz
755 4321 831 4370 die
877 4321 1229 4371 Obnnntiation
1275 4322 1575 4385 abgeschafl't.
1633 4317 1852 4370 Dasselbe
1900 4320 2026 4369 ward
2076 4320 2182 4371 eine
2219 4320 2434 4386 Zeitlang
2468 4339 2608 4387 ange·

280 4390 445 4457 foehhn,
474 4401 654 4451 acheint
688 4401 805 4452 abet
836 4388 1127 4454 achlieaalich
1162 4404 1213 4453 in
1252 4404 1525 4468 Gnltigkeit
1558 4402 1804 4468 gehlicben
1839 4418 1897 4451 zu
1933 4402 2090 4453 aoin''.

2296 4500 2358 4551 17
