3192 5009
1030 393 1115 441 AD
1162 391 1511 441 merorum
1556 390 1890 440 scnmcffl.
2521 370 2656 439 207

369 562 546 629 Adde
617 560 783 646 quod
851 557 1103 625 servilis
1168 560 1449 623 imitatio
1518 561 1586 623 in
1660 557 1900 623 nullius
1963 557 2254 624 mortalis
2311 561 2646 645 ingenium

264 672 494 735 minus
540 667 709 733 cadit
752 688 945 752 quam
990 670 1059 731 in
1103 666 1431 751 Euripidis
1450 714 1466 743 ‚
1514 686 1680 730 nova
1727 686 1977 752 semper
2021 669 2377 751 appetentis
2393 686 2409 743 ;
2448 668 2650 731 immo

262 775 653 842 Aristoteles
698 774 877 839 Poet.
932 773 1017 837 14
1064 772 1361 838 Medeam
1407 771 1738 857 Euripidis
1785 778 1970 837 vocat
2016 772 2382 857 exemplum
2436 772 2652 860 mythi

260 882 544 948 feliciter
606 882 973 966 excogitati.
1045 878 1251 957 Quem
1315 878 1624 963 mythum
1686 881 1740 942 si
1802 898 1842 943 a
1889 878 2266 964 Neophrone
2311 887 2648 945 mutuatus

262 997 441 1053 esset
498 987 873 1073 EuripideS,
936 985 1213 1070 profecto
1274 1005 1399 1049 non
1462 986 1813 1069 scripsisset
1862 984 2270 1050 Aristoteles:
2324 985 2643 1063 Εὐριπίδης

264 1094 657 1167 ἐποίησεν
718 1095 1198 1156 ἆπσκτείνουσαν
1252 1089 1393 1161 τοὺς
1443 1090 1676 1160 παῖδας
1726 1093 1836 1161 τὴν
1883 1090 2182 1169 Μήδειαν,
2231 1112 2432 1176 neque
2477 1094 2652 1157 nasci

257 1203 585 1287 potuisset
647 1198 877 1265 fabella
938 1196 1015 1263 de
1077 1194 1425 1263 Corinthiis
1470 1199 1750 1281 quinque
1796 1195 2035 1263 talenta
2079 1196 2375 1283 Euripidi
2421 1198 2652 1264 donan-

258 1308 451 1373 tibus
511 1304 680 1391 quod
741 1303 1068 1390 piaculum
1128 1302 1593 1367 trucidatorum
1648 1301 1888 1367 Iasonis
1932 1302 2212 1367 filiorum
2257 1303 2335 1368 ab
2379 1306 2535 1390 ipsis
2582 1307 2651 1368 in

258 1412 571 1477 Medeam
637 1409 1063 1475 transtulisset
1123 1408 1591 1488 (Parmeniscus
1652 1410 1719 1471 in
1783 1407 1977 1473 schol.
2023 1407 2198 1473 Med.
2253 1408 2356 1487 10,
2404 1400 2646 1475 Aelian.

258 1518 350 1584 V.
377 1517 464 1582 H.
514 1516 567 1580 V
610 1517 747 1596 21).

368 1623 670 1692 Ceterum
710 1624 871 1687 hanc
918 1642 1165 1707 quoque
1212 1619 1752 1686 narratiunculam
1799 1618 1920 1685 fide
1965 1620 2265 1686 historica
2309 1642 2517 1688 carere
2558 1624 2650 1687 in-

258 1731 658 1799 tellexerunt
720 1729 949 1815 Heyne
995 1728 1075 1792 ad
1122 1726 1413 1813 Apollod.
1464 1725 1495 1791 I
1542 1728 1604 1803 9,
1634 1725 1741 1802 28,
1790 1725 2096 1813 Hartung
2143 1726 2482 1813 Euripides
2529 1749 2652 1794 res—

258 1843 511 1905 titutus
573 1836 603 1901 I
660 1858 720 1921 p.
773 1833 924 1910 345,
975 1833 1087 1899 alii
1104 1855 1119 1911 ;
1183 1855 1260 1899 ex
1324 1835 1717 1899 comicorum
1781 1835 1936 1898 iocis
1985 1842 2201 1899 natam
2248 1855 2384 1900 esse
2431 1856 2648 1899 censeo

261 1943 567 2031 equidem
592 1991 608 2019 ‚
661 1944 944 2026 suspicor
992 1948 1209 2005 autem
1266 1940 1614 2003 Telecbidem
1660 1941 1729 2003 in
1776 1940 2097 2017 Hesiodie,
2145 1942 2212 2003 in
2261 1960 2384 2024 qua
2432 1939 2650 2005 fabula

260 2052 492 2117 crebra
560 2054 695 2114 erat
761 2049 1158 2133 tragicorum
1214 2048 1490 2122 mentio,
1557 2048 1696 2110 eius
1758 2052 2081 2111 auctorem
2143 2049 2467 2125 extitisse,
2516 2047 2647 2112 vid.

260 2155 505 2223 Telecl.
569 2154 645 2219 fr.
696 2152 959 2219 38—41
1011 2151 1227 2228 Kock3
1292 2154 1622 2238 aptissime
1683 2158 1902 2217 autem
1949 2152 2214 2217 conferri
2261 2160 2469 2238 potest
2513 2154 2653 2217 Ari-

262 2262 600 2347 stophanis
659 2262 833 2325 iocus
898 2258 973 2323 de
1038 2256 1272 2325 Cleone
1334 2261 1613 2343 quinque
1676 2257 1915 2323 talenta
1978 2261 2331 2336 evomenti,
2379 2259 2647 2324 Acharn.

262 2370 462 2435 initio
484 2416 501 2444 ‚
566 2387 759 2452 quam
821 2368 1157 2451 pecuniam
1218 2365 1286 2427 in
1336 2365 1800 2448 Babylomorum
1831 2365 2068 2450 fabula
2113 2384 2148 2429 a
2195 2362 2428 2431 Cleone
2479 2366 2652 2443 „red-

265 2472 523 2539 ditam”
574 2494 707 2539 esse
755 2471 914 2537 olim
962 2472 1424 2537 demonstrasse
1469 2471 1632 2534 mihi
1681 2470 1900 2535 videor
1925 2468 1998 2550 ¹).

368 2578 655 2663 Denique
728 2598 920 2663 quam
981 2576 1301 2643 ludicrum
1360 2579 1429 2641 in
1474 2576 1744 2641 modum
1794 2578 2076 2663 tragicus
2125 2576 2334 2642 furem
2382 2580 2650 2663 egisset,

266 2689 329 2753 si
377 2688 713 2750 materiem
763 2683 1129 2770 Neophroni
1176 2685 1588 2768 surripuisset
1642 2689 1706 2748 et
1761 2684 2119 2747 carminum
2174 2682 2649 2769 dispositionem

266 2814 354 2858 ex
423 2789 664 2858 Calliae
723 2792 1147 2877 grammatica
1208 2788 1533 2875 tragoedia
1583 2826 1664 2837 -
1716 2810 1867 2853 nam
1923 2789 2043 2854 hoc
2091 2811 2339 2876 quoque
2391 2791 2650 2857 tradunt

266 2904 521 2964 veteres
567 2908 912 2982 nugatores
939 2894 991 2980 ⁹)
1042 2933 1125 2943 —
1176 2892 1644 2980 descripsisset!

365 3002 517 3069 Mea
575 3005 781 3089 igitur
839 3003 999 3066 facio
1063 3000 1537 3066 Wilamowitzii
1595 3003 1790 3067 verba
1839 2999 2116 3067 Analect.
2167 3000 2317 3067 Eur.
2368 3025 2428 3089 p.
2485 3003 2647 3070 155:

272 3112 578 3190 „obsecro
645 3111 816 3174 viros
881 3130 1005 3173 non
1068 3111 1243 3174 omni
1307 3110 1443 3174 veri
1490 3129 1561 3173 ac
1608 3108 1813 3194 pulcri
1862 3130 2050 3175 sensu
2095 3110 2311 3187 orbos,
2363 3110 2652 3198 relegant

269 3218 333 3282 N
336 3218 671 3302 eophronis
718 3216 1111 3302 fragmenta,
1162 3221 1235 3279 ut
1277 3215 1535 3279 tandem
1572 3214 1860 3278 desinant
1901 3215 2053 3280 talia
2090 3222 2235 3281 ante
2273 3199 2648 3304 Euripidem

268 3325 512 3407 scripta
587 3321 877 3387 credere'’
912 3318 979 3401 ³).
1078 3320 1184 3386 Sic
1261 3324 1437 3385 enim
1511 3326 1756 3385 statuo:
1843 3321 2003 3386 duae
2075 3321 2230 3386 olim
2303 3326 2652 3389 extiterunt

272 3431 670 3494 recensiones
732 3427 995 3492 Medeae
1055 3427 1380 3513 Euripidis
1400 3448 1415 3503 ;
1466 3448 1737 3513 quarum
1787 3430 2098 3512 priorem,
2149 3430 2504 3494 etiamnum
2552 3452 2653 3495 su-

268 3536 645 3620 perstitem,
708 3553 869 3598 anno
932 3531 1059 3597 431
1125 3554 1242 3599 suo
1307 3537 1561 3599 nomine
1625 3534 1844 3599 docuit
1908 3538 2126 3619 poeta3
2178 3534 2412 3614 altera,
2461 3537 2646 3601 hodie

347 3780 401 3840 l)
434 3778 493 3829 In
528 3779 736 3828 editione
772 3778 1147 3828 Achai-nennium
1182 3793 1324 3842 666111
1360 3778 1519 3842 patrio
1552 3793 1770 3827 sermone
1803 3778 1930 3827 edidi
1963 3794 2086 3828 611110
2125 3780 2268 3831 1885.

344 3861 401 3925 2)
448 3862 519 3910 Ad
568 3861 885 3911 imitationem
934 3861 1269 3923 grammaticae
1315 3860 1585 3924 tragoediae
1632 3861 1866 3909 confectae
1901 3877 2000 3910 6666
2036 3861 2216 3911 fabulas
2250 3862 2493 3929 Euripidis
2545 3866 2658 3915 Me·

275 3942 415 3993 deam
460 3946 509 3992 et
556 3944 793 4008 Oedipum
836 3943 1084 4008 Sophoclis
1117 3942 1360 3991 contendit
1395 3943 1566 3991 Athen.
1605 3942 1734 3992 2760:
1769 3948 1818 3991 et
1851 3945 1987 3993 45³0.
2029 3944 2158 3992 Haec
2185 3960 2372 4010 quoqne
2401 3947 2563 4011 opinio
2592 3964 2648 3997 ex

274 4026 445 4074 comici
474 4026 675 4075 alicuine
708 4026 929 4087 (fortasse
963 4024 1211 4074 Strattidia
1245 4025 1295 4073 in
1336 4025 1526 4088 Medea)
1560 4026 1664 4074 ioco
1696 4026 1856 4084 finxit3
1891 4026 1986 4075 vid.
2022 4028 2150 4075 Muff
2175 4028 2306 4077 Chor
2333 4029 2412 4077 des
2429 4029 2650 4094 Sophocl.

274 4121 323 4171 p.
364 4108 478 4165 816,
514 4108 675 4157 Hense
709 4108 785 4157 die
820 4107 1189 4171 ABCtragoedie
1223 4108 1305 4155 dea
1343 4106 1523 4155 Kallias
1556 4107 1607 4155 in
1645 4108 1768 4157 Mus.
1808 4107 2035 4158 Rhenano
2077 4108 2217 4160 1877.

346 4188 401 4252 3)
438 4188 733 4238 Adiectivum
767 4190 895 4237 talia
930 4188 981 4237 ni
1016 4188 1159 4238 fallor
1190 4188 1371 4237 indicat
1410 4189 1823 4239 Wilamowitzium
1860 4191 2088 4239 vilissima
2121 4195 2170 4239 et
2203 4192 2429 4257 Euripide
2457 4194 2652 4245 omnino

276 4266 471 4333 indigna
512 4271 679 4319 ducere
724 4271 1013 4334 fragmenta,
1049 4285 1171 4334 6666
1203 4286 1229 4317 6
1266 4270 1573 4335 Neophronia
1615 4272 1784 4319 Medea
1818 4272 2098 4321 afferuntur.
2135 4274 2278 4321 86666
2313 4290 2388 4323 1116
2423 4275 2650 4325 arbitrari

278 4364 303 4398 e
348 4352 742 4401 commentatione
784 4368 889 4401 mea
934 4355 1143 4417 apparet.
1195 4352 1378 4417 Nempe
1424 4352 1628 4401 libenter
1660 4353 1851 4417 quidem
1885 4354 2131 4411 assentior,
2171 4355 2488 4416 fragmentum
2524 4358 2652 4422 qnod

281 4431 507 4483 Stobeeua
540 4436 748 4483 servavit
781 4435 989 4483 deterius
1022 4449 1121 4483 6666
1158 4450 1301 4499 qnam
1340 4434 1480 4485 verba
1518 4436 1716 4485 Medeae
1749 4452 1869 4500 6666
1899 4434 1948 4484 in
1980 4436 2082 4501 ipaa
2112 4436 2270 4487 fabula
2301 4436 2540 4503 leguntur,
2571 4440 2650 4489 aed

280 4516 435 4565 temen
469 4531 563 4565 non
598 4532 743 4581 66666
776 4517 891 4565 adeo
924 4517 1320 4567 contemnendum
1354 4517 1543 4567 videtur
1579 4517 1768 4567 utaeni
1804 4517 2028 4583 Euripidi
2062 4518 2212 4569 tribui
2249 4525 2468 4584 nequeat.
