3192 5009
464 224 515 301 '8
1449 250 1865 302 sommomus·

459 419 637 487 Satis
673 408 840 486 bene
883 410 1182 486 convenit
1234 418 1403 505 quod
1451 416 1773 487 Christius
1818 420 2119 485 coniecit:

639 512 642 517 ’
1192 525 1317 590 Διὰ
1361 524 1653 604 βήματος
1705 524 1781 591 δὲ
1830 524 2077 603 θείου,

457 655 618 699 nam
663 622 848 721 saepe
893 633 975 699 ad
1021 632 1436 719 stropharum
1481 629 1992 699 coniunctionem
2034 636 2243 699 utitur
2286 637 2474 720 poeta
2516 629 2830 718 particula

470 740 533 807 δέ
580 746 648 808 et
691 744 1017 828 praeterea
1063 741 1209 805 θεοῖο
1258 746 1322 805 et
1368 739 1517 805 θεῖον
1565 739 1790 806 eodem
1833 739 2027 805 modo
2072 738 2451 849 copulantur
2490 760 2587 805 vs.
2637 735 2758 803 37:

1187 842 1269 912 ὅθι
1320 852 1768 927 προσκυνοῦμεν
1815 845 1976 911 ὅσσοι

973 968 978 977 ·
1089 950 1094 953 ’
1183 952 1454 1030 πέλομεν
1499 955 1651 1027 λεὼς
1700 954 1906 1017 θεοιο

1182 1058 1428 1137 ἀγλαὸν
1474 1056 1659 1135 ξύλον
1705 1057 1774 1123 τὸ
1824 1058 2066 1136 θεῖον,

449 1168 565 1234 sed
631 1166 770 1233 fieri
833 1185 1092 1252 quoque
1154 1171 1367 1251 potest
1426 1170 1502 1231 ut
1547 1186 1735 1231 omne
1780 1165 2137 1251 vestigium
2182 1166 2487 1250 pristinae
2532 1163 2826 1229 lectionis

454 1276 714 1362 perierit
782 1279 848 1339 et
915 1271 1215 1337 librarius
1276 1271 1551 1337 eundem
1614 1292 1888 1337 errorem
1948 1272 2251 1336 erraverit
2267 1320 2285 1348 ‚
2348 1291 2539 1356 quem
2600 1291 2693 1335 vs.
2743 1268 2829 1335 96

457 1380 818 1458 commisit,
881 1376 995 1443 ubi
1055 1376 1225 1443 oculi
1285 1379 1422 1442 eius
1467 1380 1638 1443 inter
1684 1374 2091 1442 scribendum
2134 1376 2569 1462 imprudentes
2618 1375 2696 1441 ad
2740 1396 2829 1440 se-

458 1492 762 1574 quentem
809 1506 1070 1551 versum
1119 1483 1487 1549 deerrarunt
1525 1486 1902 1571 scripsitque
1938 1481 2009 1547 τὸ
2050 1488 2268 1562 σῶμα,
2311 1504 2514 1570 quum
2552 1480 2829 1562 παρέλθω

456 1595 744 1672 deberet,
796 1593 967 1679 quod
1014 1590 1334 1659 Christius
1377 1590 1730 1656 verosimili
1777 1592 2137 1656 coniectura
2182 1592 2483 1699 reposuit.

547 1714 918 1824 Sequuntur
963 1713 1124 1778 duae
1170 1712 1500 1798 strophae,
1551 1732 1824 1797 quarum
1870 1716 2140 1797 utraque
2185 1713 2262 1777 811
2311 1712 2497 1778 litera
2543 1686 2629 1777 E
2673 1711 2833 1774 inci-

459 1838 591 1922 pit,
654 1840 904 1900 contra
929 1832 1236 1899 excidisse
1283 1838 1544 1920 apparet
1589 1833 1919 1917 stropham
1966 1812 2078 1901 Λ.
2126 1832 2296 1898 Hinc
2341 1834 2487 1917 quia
2533 1801 2832 1897 librarius

458 1968 767 2014 versuum
824 1945 1113 2011 ordinem
1158 1944 1486 2010 interdum
1531 1945 1816 2010 turbavit
1862 1951 1927 2009 et
1970 1948 2251 2031 integras
2298 1943 2589 2030 strophas
2634 1951 2834 2010 trans-

461 2056 680 2140 posuit
697 2102 714 2132 ,
761 2050 944 2117 facile
987 2050 1124 2116 fieri
1158 2055 1377 2136 ‘potest
1413 2056 1490 2116 ut
1525 2052 1595 2113 in
1634 2052 1736 2115 his
1776 2072 2026 2136 quoque
2067 2050 2240 2116 fraus
2279 2049 2591 2135 quaedam
2612 2049 2829 2118 lateat.

463 2160 651 2225 Prior
711 2158 968 2244 strophe
987 2206 1003 2236 ‚
1067 2177 1229 2242 quae
1275 2155 1351 2221 de
1396 2154 1459 2221 S.
1509 2154 1813 2242 Sepulcro
1861 2163 1958 2222 est
1976 2205 1993 2234 ‚
2040 2158 2365 2242 transponi
2409 2177 2535 2222 non
2580 2162 2829 2242 potest;

465 2266 541 2331 de
586 2264 787 2331 altera
831 2263 980 2330 vide
1024 2261 1180 2349 quid
1224 2263 1618 2327 coniecerim.
1668 2260 1889 2327 Edidit
1936 2260 2288 2331 Christius:

951 2380 959 2385 '
1093 2373 1272 2466 Ἐπὶ
1319 2399 1565 2479 τριςῷον
1611 2400 1892 2478 παρέλθω

1178 2509 1953 2605 ὄλομαργαραργυρόχρουν

1181 2617 1586 2698 περικαλλέος
1636 2615 1705 2695 γ’
1755 2614 2027 2683 ἔναυλον

1182 2723 1437 2804 Κρανίου
1484 2721 1669 2789 τόπον
1713 2720 2077 2805 προσέρᾰιτνν.
2112 2800 2117 2805 ,

457 2844 628 2911 Leve
675 2848 772 2909 est
817 2843 1090 2909 scribere
1133 2842 1912 2925 ὃλομαρμαραργυρόχρουν
1956 2824 2035 2910 οὗ
2066 2844 2463 2923 περικαλλέος
2505 2846 2563 2909 τ’
2603 2852 2670 2911 et
2708 2844 2835 2912 alia

459 2950 721 3017 fortasse
767 2954 1098 3016 remanent
1143 2951 1536 3038 corrigenda.
1589 2950 1756 3032 Quid
1803 2958 2022 3018 autem
2070 2954 2127 3017 si
2172 2957 2360 3037 poeta
2405 2949 2615 3017 dedit:

1042 3174 1048 3181 α
1089 3060 1512 3179 Λιθοτριςῷον
1558 3084 1884 3168 rapinam?

457 3214 668 3299 Atque
705 3214 812 3277 sic
859 3214 1116 3299 strophe
1162 3217 1232 3279 in
1275 3235 1469 3280 suum
1515 3214 1731 3281 locum
1774 3214 2051 3280 relatum
2097 3215 2439 3301 pertinebit
2484 3214 2563 3280 ad
2604 3236 2830 3281 monu-

457 3322 752 3384 mentum
799 3318 972 3402 quod
1014 3318 1078 3385 S.
1126 3320 1372 3387 Helena
1419 3343 1494 3387 eo
1539 3321 1678 3387 loco
1726 3326 2127 3393 exstruxerat
2144 3369 2162 3400 ‚
2210 3342 2334 3407 quo
2374 3343 2529 3387 crux
2566 3324 2829 3388 inventa

457 3426 683 3490 fuerat.
757 3426 1100 3504 Παρελθεῒν,
1149 3426 1378 3492 itidem
1438 3450 1590 3493 cum
1654 3434 1880 3513 quarto
1928 3448 2079 3493 casu
2126 3430 2525 3513 componitur
2567 3449 2663 3492 vs.
2716 3426 2825 3493 96.

457 3530 831 3597 Tenendum
895 3537 991 3596 est
1050 3536 1268 3597 autem
1328 3533 1395 3598 id
1456 3534 1625 3620 quod
1686 3553 1877 3619 supra
1922 3533 2059 3598 dixi
2104 3539 2169 3597 et
2215 3536 2369 3599 satis
2408 3526 2645 3598 'notum
2692 3540 2791 3599 est
2809 3582 2826 3612 ‚

446 3639 580 3702 ‘tria
623 3635 738 3702 ffla
784 3636 922 3704 loca
958 3638 1150 3701 unius
1197 3638 1607 3725 eiusdemque
1650 3640 1821 3705 aedis
1860 3639 2109 3704 ambitu
2146 3641 2484 3717 contineri3
2512 3640 2827 3727 exig-uum

459 3745 742 3843 spatium
790 3748 887 3807 est
928 3745 1097 3807 inter
1142 3740 1207 3807 S.
1255 3743 1636 3831 Sepulcrum
1680 3750 1745 3811 et
1792 3766 1942 3810 eum
1989 3744 2204 3809 locum
2218 3790 2237 3821 ,
2284 3744 2398 3809 ubi
2436 3743 2612 3811 Iesus
2652 3748 2825 3811 cruci

457 3879 682 3945 affixus
731 3880 926 3945 fuisse
975 3878 1271 3945 traditur.
1319 3880 1456 3945 Iam
1501 3886 1650 3967 post
1696 3880 2027 3968 stropham
2072 3855 2159 3947 E
2240 3904 2247 3910 ·

1086 3994 1266 4086 ’Ex'
1316 4018 1567 4097 α’ναξίου
1614 4021 1679 4087 δὲ
1726 4020 1953 4101 τύμβ
1985 4046 2101 4102 ov,
2152 4022 2279 4088 κτὲ.

456 4132 806 4197 rectissime
853 4132 1180 4216 sequitur:

993 4238 1302 4309 Ὠκεανὸς
1348 4236 1562 4315 βιοτῆς
1611 4239 1709 4304 aa
1755 4237 2008 4317 βιούσης

993 4343 1274 4423 α’τρεκέος
1322 4350 1579 4417 τελετῆς
1628 4344 1921 4428 φωσφόρε
1970 4370 2009 4411 τ·
2027 4346 2062 4412 v'
2077 4371 2128 4425 μ.
2146 4346 2197 4426 β
2212 4372 2243 4413 ε
2261 4396 2277 4425 ,
