3192 5009
538 213 674 280 324
1568 231 1896 280 nonnus.
1913 177 1921 184 ⁸

536 397 829 464 indicabo
872 400 943 463 in
988 399 1225 463 vicinia
1270 419 1323 477 χ
1350 395 1513 461 364:
1565 397 1707 473 βοὸς
1757 395 1810 461 δ’
1861 394 2123 460 ἀπέδυνε
2171 394 2380 473 βοείην
2427 401 2492 461 et
2537 415 2730 481 supra
2781 414 2950 479 quo·

537 525 664 600 que
708 504 828 570 hoo
874 508 1336 616 argumentum
1386 505 1599 589 attigi.

633 721 737 790 01.
794 711 1171 787 Decem-escere
1217 722 1387 809 apud
1432 721 1836 788 Herodotum
1873 726 1970 788 est
2009 724 2426 804 ἑπιτροιφῆναι
2447 770 2465 802 ,
2505 721 2714 788 veluti
2733 719 2826 786 IV
2853 719 2946 786 3:

542 831 611 895 ἐκ
649 829 876 894 τούτων
918 830 991 902 δὴ
1030 825 1103 892 ὦν
1142 837 1257 908 σφι
1301 836 1417 893 τῶν
1455 828 1679 893 δούλων
1717 829 1819 892 καὶ
1863 831 1979 893 τῶν
2018 834 2324 906 γυναικῶν
2349 827 2673 910 ἐπετράφη
2699 829 2944 901 νεότης.

539 935 667 1001 Hie
727 935 989 1021 quidem
1043 934 1321 1001 librariis
1370 933 1657 1020 proclive
1703 935 1830 999 fuit
1877 935 2148 1000 scribere
2197 936 2528 1013 ὑπετράφη
2548 983 2566 1013 ,
2613 935 2724 1000 sed
2772 935 2945 1001 bene

538 1043 783 1108 factum
851 1042 1020 1128 quod
1087 1062 1239 1108 vera
1304 1041 1514 1106 forma
1585 1063 1664 1107 ex
1733 1041 1996 1107 illorum
2065 1042 2364 1107 manibus
2423 1041 2643 1107 illaesa
2702 1043 2942 1108 evasit.

539 1148 813 1235 Legitur
857 1153 1077 1214 autem
1124 1148 1293 1234 apud
1339 1147 1707 1213 Homerum
1755 1170 1790 1210 υ
1815 1146 1984 1213 212:

1884 1253 2015 1320 οὐδὲ
2064 1278 2168 1319 κεν
2213 1253 2426 1327 ἄλλως

811 1360 984 1440 ἀνδρί
1030 1363 1095 1439 γ’
1147 1359 1713 1440 ὖποςαχύοιτο
1761 1359 1920 1439 βοῶν
1969 1362 2147 1438 γένος
2194 1361 2654 1442 εὐρυμετώπων.

538 1466 664 1534 sed
710 1468 1039 1556 analogia,
1088 1470 1189 1533 uti
1235 1467 1502 1558 videtis,
1554 1469 1767 1552 mag-is
1814 1466 1992 1532 ducit
2037 1467 2118 1533 ad
2164 1468 2410 1538 ἔπιε-α
2430 1468 2715 1549 χύοιτο
2762 1487 2944 1532 eam-

539 1596 660 1660 que
724 1574 1066 1640 lectionem
1127 1576 1195 1639 in
1243 1595 1357 1639 suo
1404 1563 1571 1639 libro
1614 1573 1872 1640 videtur
1916 1574 2215 1640 habuisse
2265 1573 2646 1666 Apollonius
2693 1573 2936 1652 Rhod„

542 1680 712 1767 apud
757 1701 951 1765 quem
994 1682 1250 1747 invenio
1300 1689 1325 1744 1
1353 1675 1521 1745 972:

815 1781 937 1850 ἴσον
986 1809 1101 1851 που
1145 1786 1403 1867 κάκείνῳ
1452 1783 1911 1865 &mazoeum
1957 1785 2162 1851 ἴουλοι.

540 1890 751 1972 Quam
813 1913 1045 1978 parum
1106 1894 1338 1960 afuerit
1399 1894 1553 1978 quin
1615 1892 1721 1958 hic
1782 1914 2035 1978 quoque
2094 1915 2326 1960 verum
2388 1892 2934 1980 pessumdaretur,

541 1996 896 2064 Scholiasta
941 2000 1134 2066 dicet.
2671 1997 2696 2034 ⁸

634 2215 770 2284 ΟΠ.
852 2215 1364 2304 Theoelymenus
1402 2216 1604 2284 *mala
1675 2217 1887 2284 multa
1949 2220 2155 2304 procis
2221 2220 2613 2305 imprecatus
2677 2217 2932 2284 dixerat

540 2322 818 2410 figurato
865 2345 1152 2391 sermone
1168 2375 1185 2404 ,
1238 2347 1442 2411 quum
1490 2326 1708 2392 divino
1753 2328 2064 2390 instinctu
2109 2328 2507 2405 incitaretur,
2555 2323 2810 2413 UIyssis
2853 2327 2928 2389 in

542 2428 731 2495 domo
794 2432 1083 2497 tenebras
1140 2433 1275 2496 iam
1342 2435 1560 2497 omnia
1624 2452 1951 2518 oeeupare.
2022 2431 2246 2517 Itaque
2295 2453 2446 2497 eum
2493 2432 2673 2497 iubet
2717 2430 2932 2518 Eury·

540 2536 806 2602 machus
856 2559 889 2599 υ
917 2535 1049 2602 362
1091 2538 1176 2609 εἰς
1225 2539 1425 2617 ἀγορ
1447 2539 1528 2612 ἦν
1579 2535 1901 2619 ἔρχεσθαι,
1941 2537 2125 2603 credo
2162 2543 2240 2602 ut
2278 2537 2479 2604 solem
2517 2544 2932 2606 contueretur

540 2662 733 2727 seque
778 2645 1043 2709 sentiret
1088 2646 1340 2731 nugari.
1382 2643 1457 2709 In
1495 2645 1812 2710 eiusmodi
1853 2647 2168 2711 sententia
2205 2643 2386 2710 locus
2423 2645 2692 2710 indicari
2716 2644 2926 2722 debet,

537 2749 707 2814 unde
775 2770 1251 2836 quoquoversus
1313 2756 1607 2837 aspectus
1667 2757 1915 2836 pateat3
1979 2753 2127 2816 hine
2185 2753 2446 2816 omnino
2506 2749 2774 2816 malim:
2837 2751 2925 2822 εἷς

537 2853 833 2935 ὀροφὴν
880 2851 1193 2937 ἔρχεσθαι,
1241 2858 1435 2922 sicuti
1479 2856 1724 2943 legitur
1766 2880 1819 2936 χ
1843 2855 1975 2922 298
2025 2855 2242 2936 ὑψόθεν
2290 2855 2360 2934 ἐξ
2405 2857 2648 2938 ὀροφῆς.

628 3069 796 3139 ΟΠΙ.
858 3071 1151 3141 Nauekio
1199 3075 1299 3139 ἐπὶ
1350 3080 1724 3161 suspectum
1771 3080 1869 3140 est
1911 3077 1982 3140 in
2029 3075 2203 3140 hisee
2249 3098 2302 3156 χ
2328 3070 2494 3141 427:

796 3259 802 3264 .
1835 3181 1967 3246 οὐδέ
2015 3180 2043 3244 ἑ
2087 3179 2288 3260 μήτηρ

810 3289 1133 3364 σημαίνειν
1173 3287 1419 3353 εἴασκεν
1468 3287 1597 3354 ἐπὶ
1643 3287 1952 3371 δμῳῇσι
2001 3285 2306 3367 γυναιξίν.

538 3388 735 3457 Estne
780 3411 1005 3466 verum
1058 3391 1574 3476 ὕποδμῳῇσιῖ

674 3589 1045 3650 metandam,
1082 3604 1145 3640 m.
1178 3589 1337 3655 April.
1374 3590 1522 3640 1891.
