3192 5009
1096 384 1179 432 Da
1225 382 1535 432 unsrun
1580 380 1903 431 nrmrou.
2541 354 2670 425 257

298 547 693 628 ἀπαλλαγῆν
763 557 879 615 τῶν
947 550 1256 626 πολεμίων
1327 552 1666 630 περιχαρὴς
1731 550 2052 627 γενόμενος
2121 547 2222 613 καὶ
2291 548 2481 618 θύσας
2545 550 2671 615 τοῖς

302 654 452 726 θεοῖς
499 658 907 737 χαριστήρια,
959 659 1097 729 τοὺς
1147 660 1365 736 Φίλους
1417 657 1626 721 εἱστία
1674 663 2009 736 λαμπρῶς,
2053 657 2154 719 καὶ
2198 656 2343 735 πρὸς
2383 653 2496 729 μὲν
2534 652 2670 722 τοὺς

299 761 435 837 περὶ
502 760 799 827 Σέλευκον
861 764 964 828 καὶ
1033 766 1408 843 Λυσίμαχον
1478 762 1583 827 καὶ
1651 755 2036 840 Κάσσανδρον
2086 762 2324 840 ἔγραψε
2374 759 2506 838 περὶ
2557 763 2673 821 τῶν

298 868 755 946 εὐτυχημάτων
818 869 922 933 καὶ
972 870 1104 947 περὶ
1154 874 1259 934 τοῦ
1310 870 1571 943 πλήθους
1622 875 1737 932 τῶν
1786 870 1928 948 πρὸς
1979 868 2164 932 αὑτὸν
2215 865 2672 943 αὐτομολησάν-

297 996 454 1036 των·
524 976 769 1046 αὐτὸς
840 977 949 1054 δὲ,
1024 980 1109 1041 τὸ
1185 978 1560 1054 δεύτερον
1633 974 2196 1052 ἠγωνισμένος
2269 974 2464 1053 ὑπερ
2517 979 2672 1047 ,τῆς

302 1080 732 1157 Αἰγύπτου
798 1084 933 1147 καὶ
998 1082 1342 1158 νομίσας
1394 1083 1865 1161 δορίκτητον
1913 1082 2138 1163 ἔχειν
2187 1083 2326 1154 τὴν
2371 1082 2672 1159 χώραν,

299 1186 639 1261 ἐπανῆλθεν
708 1190 791 1257 εἰς
860 1191 968 1261 τὴν
1030 1189 1568 1269 Ἀλεξάνδρειαν”.
1642 1187 1820 1253 Num
1878 1190 2172 1273 ineptum
2232 1193 2328 1253 est
2389 1184 2671 1261 credere,

296 1296 467 1356 tanti
534 1293 979 1361 Ptolemaeum
1042 1296 1206 1383 Lagi
1264 1296 1473 1361 filium
1532 1296 1694 1361 hanc
1756 1298 2094 1360 victoriam
2155 1296 2372 1360 fecisse
2389 1340 2406 1369 ‚
2471 1296 2547 1355 ut
2609 1296 2674 1356 et

293 1402 369 1463 in
412 1406 741 1486 posterum
789 1406 1125 1487 quotannis
1174 1402 1621 1468 celebrandum
1668 1424 1817 1467 eum
1863 1402 2034 1467 diem
2081 1395 2475 1465 instituerit?

392 1504 630 1571 Verum
674 1516 1013 1594 supersunt
1057 1510 1286 1594 quibus
1332 1517 1503 1575 certo
1544 1512 1780 1575 certius
1819 1514 1885 1574 et
1923 1505 2256 1583 Graetzius
2296 1513 2359 1571 et
2399 1504 2509 1569 alii
2547 1506 2672 1569 viri

296 1612 463 1676 docti
513 1612 752 1679 efficere
799 1615 921 1679 sibi
968 1617 1093 1679 visi
1141 1620 1327 1693 sunt,
1377 1614 1715 1700 epistolam
1763 1637 1889 1680 non
1938 1613 2330 1701 Lagidarum
2377 1613 2675 1697 tempori—

288 1718 417 1783 bus
476 1720 586 1784 sed
647 1719 969 1806 aliquanto
1022 1728 1168 1807 post
1212 1724 1515 1807 scriptam
1563 1743 1718 1787 esse.
1783 1721 2030 1786 Laudat
2072 1719 2408 1785 Eleazarus
2452 1723 2670 1803 (quem

290 1828 458 1890 mire
518 1830 800 1911 peritum
845 1848 1059 1892 rerum
1110 1828 1681 1893 Alexandrinarum
1727 1828 1848 1893 sibi
1895 1827 2082 1891 finxit
2125 1831 2370 1905 auctor)
2411 1844 2633 1911 regem
2653 1872 2668 1901 ‚

292 1931 465 2017 quod
500 1933 636 2002 τοὺς
676 1934 1096 2011 ε’μφανιστάς,
1136 1956 1339 2020 genus
1372 1935 1711 1998 hominum
1733 1937 2066 2019 impurum
2089 1939 2154 1998 et
2186 1930 2668 2005 κακοποιητικδν,

290 2040 721 2125 ignominiosa
766 2046 969 2105 morte
1017 2040 1259 2105 afficere
1308 2040 1538 2106 soleret
1586 2039 1710 2120 (ed.
1762 2038 1974 2104 Schm.
2024 2062 2086 2125 p.
2139 2037 2411 2117 4214).
2465 2035 2668 2113 „Ecca

290 2146 775 2230 ineptissimum
835 2145 1238 2211 mendacium
1256 2196 1273 2224 ,
1340 2169 1463 2231 quo
1527 2153 1593 2211 et
1657 2146 1942 2211 fraudem
2013 2166 2198 2210 suam
2259 2150 2324 2209 et
2367 2140 2670 2229 epistolae

292 2256 573 2316 aetatem
618 2250 1038 2317 stultissimus
1087 2255 1353 2338 scriptor
1400 2256 1606 2338 aperit
1621 2274 1637 2329 ;
1690 2273 1840 2317 nam
1886 2258 1950 2317 et
1985 2272 2086 2316 res
2123 2250 2263 2336 ipsa
2302 2254 2366 2315 et
2403 2248 2676 2314 vocabu-

297 2356 443 2422 lum
504 2359 891 2434 ἐμφανιστοῦ
952 2380 988 2424 a
1036 2359 1428 2446 Lagidarum
1477 2366 1683 2425 aetate
1731 2363 1880 2423 sunt
1925 2358 2161 2435 aliena,
2211 2360 2672 2441 imperatorum

298 2462 737 2527 Romanorum
802 2486 953 2529 vero
1017 2466 1414 2550 temporibus
1475 2466 1758 2530 maxime
1805 2463 2254 2529 conveniunt'’.
2325 2462 2500 2527 Haec
2547 2463 2674 2525 fere

301 2566 635 2635 Graetzius
652 2618 669 2646 ‚
744 2573 854 2654 qui
916 2570 1139 2635 deinde
1204 2571 1579 2635 arctioribus
1643 2573 1838 2635 etiam
1885 2570 2114 2634 finibus
2161 2590 2296 2634 rem
2342 2567 2672 2645 describit3

300 2696 449 2741 cum
498 2677 670 2740 enim
720 2674 923 2741 Cassii
967 2675 1192 2741 Dionis
1232 2678 1597 2742 testimonio
1640 2675 1899 2754 (LXIII.
1927 2675 2041 2755 21)
2078 2680 2322 2740 constet
2361 2694 2398 2738 a
2421 2673 2674 2738 Tiberio

302 2802 427 2845 uno
488 2782 587 2846 die
651 2780 1009 2846 delatorum
1072 2785 1484 2847 notissimum
1548 2803 1865 2867 quemque
1927 2786 2136 2846 morte
2184 2780 2492 2845 multatos
2540 2799 2674 2844 esse
2721 2846 2732 2859 ‚

304 2890 466 2967 (τοὺς
517 2889 577 2952 δὲ
627 2886 1143 2963 ἐπιβοητοτοὶτους
1197 2895 1313 2953 τῶν
1358 2890 1475 2959 τὰς
1524 2890 1896 2966 κατηγορίας
1947 2888 2307 2965 ποιουμένων
2356 2888 2677 2950 ἀποθανεῖν

304 2994 363 3057 ἐν
412 3000 529 3076 μιᾷ
579 2993 777 3077 ἡμέρα
823 2995 1135 3075 ἐκέλευσε)
1181 2994 1353 3060 haud
1402 2995 1673 3059 dubium
1720 2992 2012 3060 Graetzio
2061 2993 2314 3059 videtur
2357 2994 2676 3057 Aristeam

304 3099 380 3165 de
440 3100 559 3164 hoc
603 3098 840 3163 Tiberii
887 3100 1149 3166 consilio
1199 3104 1511 3186 cogitasse
1556 3122 1705 3164 cum
1751 3100 2104 3165 Ptolemaei
2147 3101 2554 3164 severitatem
2601 3098 2678 3162 ab

302 3204 597 3271 Eleazaro
620 3205 869 3271 'faceret
907 3206 1175 3272 laudari.
1216 3206 1413 3271 Mitto
1454 3227 1753 3293 quaerere
1773 3256 1788 3285 ‚
1831 3206 1983 3292 quid
2009 3206 2347 3291 profuisset
2370 3207 2677 3282 Aristeae,

302 3310 720 3377 Alexandriae
784 3313 1043 3398 degenti
1106 3320 1169 3377 et
1233 3314 1565 3390 scribenti,
1631 3316 1828 3376 tantis
1891 3312 2184 3377 laudibus
2229 3314 2682 3395 imperatorem

304 3418 666 3482 Romanum
729 3416 983 3494 tollere;
1048 3420 1159 3484 sed
1220 3419 1340 3483 hoc
1399 3438 1590 3507 rogo:
1640 3440 1844 3484 nonne
1894 3440 2146 3503 prorsus
2193 3418 2398 3482 aliena
2443 3416 2602 3481 foret
2649 3436 2686 3480 a

303 3526 623 3609 scriptoris
662 3522 922 3588 consilio
966 3523 1113 3588 talis
1152 3524 1434 3590 laudatio
1460 3526 1766 3609 principis
1791 3523 2072 3609 aequalis
2099 3527 2236 3601 sui,
2263 3546 2410 3588 cum
2437 3542 2687 3609 semper

305 3628 523 3695 sedulo
587 3629 654 3693 id
719 3629 1002 3694 studeret
1047 3636 1123 3693 ut
1142 3678 1159 3706 ‚
1209 3638 1525 3714 quantum
1570 3638 1784 3715 posset
1803 3680 1819 3707 ‚
1866 3629 2275 3715 Philadelphi
2319 3635 2686 3715 temporum

302 3736 656 3822 imag-inem
702 3737 770 3800 in
817 3736 1121 3820 opusculo
1168 3757 1284 3800 suo
1331 3734 1660 3801 redderet?
1711 3736 1892 3815 Quod
1929 3744 2146 3801 autem
2186 3736 2264 3800 ad
2304 3734 2685 3801 vocabulum

304 3843 694 3921 ἐμφανιστῆν
735 3844 998 3919 attinet,
1041 3863 1167 3906 non
1190 3842 1375 3907 video
1396 3892 1409 3918 ,
1439 3842 1593 3927 quid
1620 3845 1792 3907 viros
1817 3842 2034 3907 doctos
2060 3841 2346 3907 offendat.
2373 3841 2688 3906 Diodorus

304 3945 502 4028 (XIV.
536 3947 643 4027 ll)
680 3947 1075 4013 Alcibiadem
1098 3956 1311 4013 narrat
1334 3946 1614 4012 voluisse
1640 3948 1972 4025 ἕπιβουλὺν
2001 3948 2346 4025 ἐμφανίσαι
2371 3949 2454 4029 τῷ
2480 3949 2685 4025 δὴμςιη

302 4054 525 4119 eodem
565 4074 754 4118 sensu
790 4053 1106 4140 Polybius
1149 4053 1535 4119 vocabulum
1580 4054 1860 4133 ἔμφασιν
1901 4060 2170 4141 usurpat
2191 4054 2490 4119 XXVIII.
2519 4054 2579 4118 4.
2610 4052 2650 4118 8
2667 4074 2684 4131 ;

304 4158 613 4224 delatores
674 4180 826 4224 vero
876 4162 1010 4224 sive
1061 4180 1165 4224 eos
1216 4161 1616 4237 ἐμφανιστὰς
1665 4160 1856 4238 dicis,
1909 4164 2046 4227 sive
2094 4160 2436 4238 ἕνδείκτας,
2486 4182 2688 4247 neque

303 4264 459 4330 alibi
497 4268 563 4328 in
602 4286 833 4351 regum
876 4265 1023 4331 aula
1062 4287 1351 4352 unquam
1400 4266 1771 4344 defuerunt,
1820 4288 2023 4352 neque
2073 4267 2524 4346 Alexandriae,
2573 4268 2686 4333 ubi

304 4371 615 4458 plurimas
656 4392 755 4437 res
792 4374 995 4458 ipsius
1032 4376 1205 4460 regis
1229 4393 1415 4438 curae
1440 4394 1553 4459 per
1575 4372 1823 4438 litteras
1846 4374 2145 4439 mandare
2172 4373 2456 4439 solebant
2481 4377 2650 4441 cives
2670 4424 2686 4453 ‚

304 4478 569 4565 ideoque
610 4482 675 4543 et
714 4478 1099 4544 delatoribus
1141 4478 1489 4544 facillimus
1537 4480 1748 4545 aditus
1795 4486 1931 4545 erat
1979 4480 2058 4545 ad
2101 4484 2472 4567 principem.
2523 4481 2690 4562 Quin
