<?xml version="1.0" encoding="UTF-8"?>
<!DOCTYPE html PUBLIC "-//W3C//DTD XHTML 1.0 Transitional//EN"
    "http://www.w3.org/TR/xhtml1/DTD/xhtml1-transitional.dtd">
<html xmlns="http://www.w3.org/1999/xhtml" xml:lang="en" lang="en">
 <head>
  <title>
</title>
<meta http-equiv="Content-Type" content="text/html;charset=utf-8" />
  <meta name='ocr-system' content='tesseract 3.04.00' />
  <meta name='ocr-capabilities' content='ocr_page ocr_carea ocr_par ocr_line ocrx_word'/>
</head>
<body>
  <div class='ocr_page' id='page_1' title='image "./mnemosyne07servgoog_0219.png"; bbox 0 0 3192 5009; ppageno 0'>
   <div class='ocr_carea' id='block_1_1' title="bbox 1178 246 2582 353">
    <p class='ocr_par' dir='ltr' id='par_1_1' title="bbox 1178 246 2582 353">
     <span class='ocr_line' id='line_1_1' title="bbox 1178 246 2582 353; baseline -0.002 -34"><span class='ocrx_word' id='word_1_1' title='bbox 1178 268 1586 353; x_wconf 49' lang='lat' dir='ltr'>immicus.</span> <span class='ocrx_word' id='word_1_2' title='bbox 2451 246 2582 317; x_wconf 80' lang='lat'>211</span> 
     </span>
    </p>
   </div>
   <div class='ocr_carea' id='block_1_2' title="bbox 225 436 2596 2543">
    <p class='ocr_par' dir='ltr' id='par_1_2' title="bbox 227 436 2388 633">
     <span class='ocr_line' id='line_1_2' title="bbox 562 436 2388 518; baseline -0.002 -15"><span class='ocrx_word' id='word_1_3' title='bbox 562 438 700 503; x_wconf 86' lang='grc' dir='ltr'>καί</span> <span class='ocrx_word' id='word_1_4' title='bbox 744 436 793 518; x_wconf 81' lang='grc' dir='ltr'>ῥ’</span> <span class='ocrx_word' id='word_1_5' title='bbox 850 438 1007 503; x_wconf 70' lang='grc' dir='ltr'><strong><em>ἀπὸ</em></strong></span> <span class='ocrx_word' id='word_1_6' title='bbox 1056 440 1366 512; x_wconf 73' lang='grc' dir='ltr'><strong><em>συνθεσίης</em></strong></span> <span class='ocrx_word' id='word_1_7' title='bbox 1416 437 1665 516; x_wconf 74' lang='grc' dir='ltr'><strong><em>ἔφαγόν</em></strong></span> <span class='ocrx_word' id='word_1_8' title='bbox 1714 461 1862 502; x_wconf 87' lang='grc' dir='ltr'><strong><em>ποτε</em></strong></span> <span class='ocrx_word' id='word_1_9' title='bbox 1917 436 2168 515; x_wconf 68' lang='grc' dir='ltr'><strong><em>Μῃόνιον</em></strong></span> <span class='ocrx_word' id='word_1_10' title='bbox 2214 436 2388 513; x_wconf 79' lang='grc' dir='ltr'><strong><em>βοῦν.</em></strong></span> 
     </span>
     <span class='ocr_line' id='line_1_3' title="bbox 227 545 1193 633; baseline 0 -24"><span class='ocrx_word' id='word_1_11' title='bbox 227 566 325 633; x_wconf 84' lang='lat' dir='ltr'>pro</span> <span class='ocrx_word' id='word_1_12' title='bbox 367 546 655 621; x_wconf 83' lang='grc' dir='ltr'><strong><em>καίπερ</em></strong></span> <span class='ocrx_word' id='word_1_13' title='bbox 703 545 1011 617; x_wconf 75' lang='grc' dir='ltr'><strong><em>συνθεσίης</em></strong></span> <span class='ocrx_word' id='word_1_14' title='bbox 1062 545 1193 610; x_wconf 79' lang='grc' dir='ltr'><strong><em>κτὲ.</em></strong></span> 
     </span>
    </p>

    <p class='ocr_par' dir='ltr' id='par_1_3' title="bbox 225 648 2587 833">
     <span class='ocr_line' id='line_1_4' title="bbox 305 648 2587 739; baseline -0.001 -21"><span class='ocrx_word' id='word_1_15' title='bbox 305 652 561 739; x_wconf 76' lang='lat' dir='ltr'>Reliqua</span> <span class='ocrx_word' id='word_1_16' title='bbox 620 674 748 718; x_wconf 89' lang='lat' dir='ltr'>non</span> <span class='ocrx_word' id='word_1_17' title='bbox 808 658 1004 738; x_wconf 74' lang='lat' dir='ltr'>tango</span> <span class='ocrx_word' id='word_1_18' title='bbox 1024 701 1042 730; x_wconf 95' lang='lat'>,</span> <span class='ocrx_word' id='word_1_19' title='bbox 1106 655 1235 717; x_wconf 77' lang='lat' dir='ltr'>nisi</span> <span class='ocrx_word' id='word_1_20' title='bbox 1297 652 1467 738; x_wconf 91' lang='lat' dir='ltr'>quod</span> <span class='ocrx_word' id='word_1_21' title='bbox 1513 674 1610 717; x_wconf 77' lang='lat' dir='ltr'>ve.</span> <span class='ocrx_word' id='word_1_22' title='bbox 1661 651 1756 715; x_wconf 71' lang='grc' dir='ltr'>4ω</span> <span class='ocrx_word' id='word_1_23' title='bbox 1807 652 1890 715; x_wconf 82' lang='grc' dir='ltr'>ἐσ</span> <span class='ocrx_word' id='word_1_24' title='bbox 1909 674 1945 713; x_wconf 91' lang='grc' dir='ltr'><strong><em>τ</em></strong></span> <span class='ocrx_word' id='word_1_25' title='bbox 1967 650 2001 725; x_wconf 76' lang='grc' dir='ltr'><strong><em>ἦ</em></strong></span> <span class='ocrx_word' id='word_1_26' title='bbox 2020 648 2057 725; x_wconf 77' lang='grc' dir='ltr'><strong><em>ξ</em></strong></span> <span class='ocrx_word' id='word_1_27' title='bbox 2076 674 2118 713; x_wconf 85' lang='grc' dir='ltr'><strong><em>ω</em></strong></span> <span class='ocrx_word' id='word_1_28' title='bbox 2168 653 2423 737; x_wconf 79' lang='lat' dir='ltr'>requiro</span> <span class='ocrx_word' id='word_1_29' title='bbox 2473 671 2587 736; x_wconf 90' lang='lat' dir='ltr'>pro</span> 
     </span>
     <span class='ocr_line' id='line_1_5' title="bbox 225 762 538 833; baseline 0.003 -9"><span class='ocrx_word' id='word_1_30' title='bbox 225 762 538 833; x_wconf 67' lang='grc' dir='ltr'><strong><em>ἑστήκω.</em></strong></span> 
     </span>
    </p>

    <p class='ocr_par' dir='ltr' id='par_1_4' title="bbox 225 864 2595 1990">
     <span class='ocr_line' id='line_1_6' title="bbox 302 864 2588 952; baseline -0 -23"><span class='ocrx_word' id='word_1_31' title='bbox 302 889 357 952; x_wconf 90' lang='lat' dir='ltr'>p.</span> <span class='ocrx_word' id='word_1_32' title='bbox 404 865 554 943; x_wconf 83' lang='grc'><strong>414,</strong></span> <span class='ocrx_word' id='word_1_33' title='bbox 580 866 624 930; x_wconf 89' lang='lat' dir='ltr'>f.</span> <span class='ocrx_word' id='word_1_34' title='bbox 697 864 1019 945; x_wconf 75' lang='grc' dir='ltr'><strong><em>Ἡρόδωρόν</em></strong></span> <span class='ocrx_word' id='word_1_35' title='bbox 1084 866 1666 944; x_wconf 73' lang='grc' dir='ltr'><strong><em>Φησι-γενέσθαι</em></strong></span> <span class='ocrx_word' id='word_1_36' title='bbox 1732 864 1801 929; x_wconf 83' lang='grc' dir='ltr'><strong><em>τὸ</em></strong></span> <span class='ocrx_word' id='word_1_37' title='bbox 1862 865 1975 940; x_wconf 75' lang='grc' dir='ltr'>μὲν</span> <span class='ocrx_word' id='word_1_38' title='bbox 2039 864 2300 941; x_wconf 70' lang='grc' dir='ltr'><strong><em>μέγεθος</em></strong></span> <span class='ocrx_word' id='word_1_39' title='bbox 2367 869 2588 944; x_wconf 82' lang='grc' dir='ltr'><strong><em>πηχῶν</em></strong></span> 
     </span>
     <span class='ocr_line' id='line_1_7' title="bbox 225 967 2592 1050; baseline 0 -17"><span class='ocrx_word' id='word_1_40' title='bbox 225 974 433 1050; x_wconf 76' lang='grc' dir='ltr'><strong><em>τριῶν</em></strong></span> <span class='ocrx_word' id='word_1_41' title='bbox 482 973 584 1035; x_wconf 74' lang='grc' dir='ltr'><strong><em>καὶ</em></strong></span> <span class='ocrx_word' id='word_1_42' title='bbox 639 972 931 1050; x_wconf 75' lang='grc' dir='ltr'><strong><em>ἡμίσους,</em></strong></span> <span class='ocrx_word' id='word_1_43' title='bbox 981 967 1133 1036; x_wconf 83' lang='grc' dir='ltr'><strong><em>εἶναι</em></strong></span> <span class='ocrx_word' id='word_1_44' title='bbox 1184 970 1251 1036; x_wconf 74' lang='grc' dir='ltr'>δὲ</span> <span class='ocrx_word' id='word_1_45' title='bbox 1297 972 1433 1036; x_wconf 74' lang='grc' dir='ltr'><strong><em>καὶ</em></strong></span> <span class='ocrx_word' id='word_1_46' title='bbox 1486 974 1602 1043; x_wconf 73' lang='grc' dir='ltr'>τὰς</span> <span class='ocrx_word' id='word_1_47' title='bbox 1656 973 1932 1049; x_wconf 78' lang='grc' dir='ltr'><strong><em>πλεύρας</em></strong></span> <span class='ocrx_word' id='word_1_48' title='bbox 1982 970 2270 1050; x_wconf 72' lang='grc' dir='ltr'><strong><em>ἰσχυράς.</em></strong></span> <span class='ocrx_word' id='word_1_49' title='bbox 2341 970 2442 1034; x_wconf 81' lang='lat' dir='ltr'>Ex</span> <span class='ocrx_word' id='word_1_50' title='bbox 2488 970 2592 1034; x_wconf 77' lang='lat' dir='ltr'>ad-</span> 
     </span>
     <span class='ocr_line' id='line_1_8' title="bbox 226 1076 2590 1163; baseline -0 -22"><span class='ocrx_word' id='word_1_51' title='bbox 226 1078 340 1141; x_wconf 84' lang='lat' dir='ltr'>dito</span> <span class='ocrx_word' id='word_1_52' title='bbox 402 1080 505 1141; x_wconf 73' lang='grc' dir='ltr'>καὶ</span> <span class='ocrx_word' id='word_1_53' title='bbox 576 1083 843 1163; x_wconf 82' lang='lat' dir='ltr'>apparet</span> <span class='ocrx_word' id='word_1_54' title='bbox 911 1079 1337 1142; x_wconf 71' lang='lat' dir='ltr'>AMARANTUM</span> <span class='ocrx_word' id='word_1_55' title='bbox 1408 1077 1646 1142; x_wconf 80' lang='lat' dir='ltr'>dixisse</span> <span class='ocrx_word' id='word_1_56' title='bbox 1717 1077 2124 1142; x_wconf 88' lang='lat' dir='ltr'>Herodorum</span> <span class='ocrx_word' id='word_1_57' title='bbox 2193 1076 2387 1141; x_wconf 80' lang='lat' dir='ltr'>fuisse</span> <span class='ocrx_word' id='word_1_58' title='bbox 2450 1098 2590 1161; x_wconf 90' lang='lat' dir='ltr'>per-</span> 
     </span>
     <span class='ocr_line' id='line_1_9' title="bbox 226 1180 2588 1269; baseline -0.001 -22"><span class='ocrx_word' id='word_1_59' title='bbox 226 1205 467 1269; x_wconf 76' lang='lat' dir='ltr'>magnae</span> <span class='ocrx_word' id='word_1_60' title='bbox 534 1189 819 1249; x_wconf 81' lang='lat' dir='ltr'>staturae</span> <span class='ocrx_word' id='word_1_61' title='bbox 840 1232 855 1261; x_wconf 92' lang='lat'>,</span> <span class='ocrx_word' id='word_1_62' title='bbox 922 1205 1035 1249; x_wconf 89' lang='grc'><strong>1166</strong></span> <span class='ocrx_word' id='word_1_63' title='bbox 1102 1190 1317 1249; x_wconf 84' lang='lat' dir='ltr'>tamen</span> <span class='ocrx_word' id='word_1_64' title='bbox 1380 1190 1508 1249; x_wconf 82' lang='lat' dir='ltr'>tres</span> <span class='ocrx_word' id='word_1_65' title='bbox 1571 1182 1762 1248; x_wconf 84' lang='lat' dir='ltr'>ulnae</span> <span class='ocrx_word' id='word_1_66' title='bbox 1823 1188 1889 1248; x_wconf 89' lang='lat' dir='ltr'>et</span> <span class='ocrx_word' id='word_1_67' title='bbox 1935 1181 2234 1259; x_wconf 84' lang='lat' dir='ltr'>dimidia,</span> <span class='ocrx_word' id='word_1_68' title='bbox 2283 1184 2330 1246; x_wconf 93' lang='lat' dir='ltr'>i.</span> <span class='ocrx_word' id='word_1_69' title='bbox 2359 1204 2411 1247; x_wconf 92' lang='grc'>6.</span> <span class='ocrx_word' id='word_1_70' title='bbox 2470 1180 2588 1265; x_wconf 65' lang='grc'><strong>511,</strong></span> 
     </span>
     <span class='ocr_line' id='line_1_10' title="bbox 226 1287 2595 1375; baseline -0.001 -22"><span class='ocrx_word' id='word_1_71' title='bbox 226 1290 388 1373; x_wconf 83' lang='lat' dir='ltr'>pedes</span> <span class='ocrx_word' id='word_1_72' title='bbox 406 1338 423 1367; x_wconf 88' lang='lat'>,</span> <span class='ocrx_word' id='word_1_73' title='bbox 470 1291 597 1353; x_wconf 84' lang='lat' dir='ltr'>viri</span> <span class='ocrx_word' id='word_1_74' title='bbox 640 1290 867 1375; x_wconf 78' lang='lat' dir='ltr'>mag-ni</span> <span class='ocrx_word' id='word_1_75' title='bbox 911 1289 1155 1355; x_wconf 85' lang='lat' dir='ltr'>faciunt</span> <span class='ocrx_word' id='word_1_76' title='bbox 1201 1310 1570 1355; x_wconf 80' lang='lat' dir='ltr'>mensuram</span> <span class='ocrx_word' id='word_1_77' title='bbox 1592 1338 1608 1367; x_wconf 92' lang='lat'>,</span> <span class='ocrx_word' id='word_1_78' title='bbox 1661 1288 2096 1375; x_wconf 77' lang='lat' dir='ltr'>appellarique</span> <span class='ocrx_word' id='word_1_79' title='bbox 2141 1287 2344 1353; x_wconf 79' lang='lat' dir='ltr'>solere</span> <span class='ocrx_word' id='word_1_80' title='bbox 2390 1288 2595 1353; x_wconf 91' lang='lat' dir='ltr'>homi-</span> 
     </span>
     <span class='ocr_line' id='line_1_11' title="bbox 226 1392 2593 1481; baseline 0.001 -24"><span class='ocrx_word' id='word_1_81' title='bbox 226 1416 316 1459; x_wconf 81' lang='lat' dir='ltr'>nes</span> <span class='ocrx_word' id='word_1_82' title='bbox 356 1416 639 1480; x_wconf 80' lang='lat' dir='ltr'>proceros</span> <span class='ocrx_word' id='word_1_83' title='bbox 688 1415 725 1459; x_wconf 82' lang='grc'>6</span> <span class='ocrx_word' id='word_1_84' title='bbox 774 1392 1035 1461; x_wconf 82' lang='lat' dir='ltr'>Graecis</span> <span class='ocrx_word' id='word_1_85' title='bbox 1083 1397 1505 1477; x_wconf 80' lang='grc' dir='ltr'><strong><em>τετραπήχεις</em></strong></span> <span class='ocrx_word' id='word_1_86' title='bbox 1554 1398 1624 1460; x_wconf 83' lang='grc'>111</span> <span class='ocrx_word' id='word_1_87' title='bbox 1672 1393 1907 1481; x_wconf 80' lang='lat' dir='ltr'>volgus</span> <span class='ocrx_word' id='word_1_88' title='bbox 1954 1400 2182 1459; x_wconf 91' lang='lat' dir='ltr'>notum</span> <span class='ocrx_word' id='word_1_89' title='bbox 2221 1400 2336 1459; x_wconf 81' lang='lat' dir='ltr'>eet.</span> <span class='ocrx_word' id='word_1_90' title='bbox 2388 1393 2593 1474; x_wconf 81' lang='lat' dir='ltr'><strong>Quare</strong></span> 
     </span>
     <span class='ocr_line' id='line_1_12' title="bbox 227 1501 2591 1587; baseline -0.001 -22"><span class='ocrx_word' id='word_1_91' title='bbox 227 1523 331 1565; x_wconf 90' lang='lat' dir='ltr'>non</span> <span class='ocrx_word' id='word_1_92' title='bbox 366 1501 825 1579; x_wconf 80' lang='lat' dir='ltr'>dubitandum,</span> <span class='ocrx_word' id='word_1_93' title='bbox 870 1504 1025 1585; x_wconf 89' lang='lat' dir='ltr'>quin</span> <span class='ocrx_word' id='word_1_94' title='bbox 1065 1510 1235 1579; x_wconf 81' lang='grc' dir='ltr'><strong><em>τριῶν</em></strong></span> <span class='ocrx_word' id='word_1_95' title='bbox 1270 1501 1519 1566; x_wconf 87' lang='lat' dir='ltr'>librarii</span> <span class='ocrx_word' id='word_1_96' title='bbox 1558 1501 1841 1582; x_wconf 58' lang='lat' dir='ltr'>oppiana</span> <span class='ocrx_word' id='word_1_97' title='bbox 1887 1504 1972 1565; x_wconf 81' lang='lat' dir='ltr'>sit</span> <span class='ocrx_word' id='word_1_98' title='bbox 1995 1522 2108 1587; x_wconf 91' lang='lat' dir='ltr'>pro</span> <span class='ocrx_word' id='word_1_99' title='bbox 2152 1503 2591 1582; x_wconf 75' lang='grc' dir='ltr'><strong><em>τεττάρων,</em></strong></span> 
     </span>
     <span class='ocr_line' id='line_1_13' title="bbox 228 1606 2595 1693; baseline -0 -21"><span class='ocrx_word' id='word_1_100' title='bbox 228 1607 368 1692; x_wconf 88' lang='lat' dir='ltr'>quod</span> <span class='ocrx_word' id='word_1_101' title='bbox 410 1608 487 1672; x_wconf 90' lang='lat' dir='ltr'>de</span> <span class='ocrx_word' id='word_1_102' title='bbox 536 1608 765 1672; x_wconf 89' lang='lat' dir='ltr'>eodem</span> <span class='ocrx_word' id='word_1_103' title='bbox 809 1607 1031 1672; x_wconf 79' lang='lat' dir='ltr'>scribit</span> <span class='ocrx_word' id='word_1_104' title='bbox 1080 1606 1348 1673; x_wconf 77' lang='lat' dir='ltr'>collatus</span> <span class='ocrx_word' id='word_1_105' title='bbox 1395 1608 1471 1672; x_wconf 83' lang='lat' dir='ltr'>ab</span> <span class='ocrx_word' id='word_1_106' title='bbox 1518 1607 1872 1673; x_wconf 78' lang='lat' dir='ltr'>editoribus</span> <span class='ocrx_word' id='word_1_107' title='bbox 1911 1607 2146 1672; x_wconf 82' lang='lat' dir='ltr'>Pollux</span> <span class='ocrx_word' id='word_1_108' title='bbox 2190 1607 2296 1685; x_wconf 87' lang='lat' dir='ltr'>IV,</span> <span class='ocrx_word' id='word_1_109' title='bbox 2327 1606 2438 1685; x_wconf 89' lang='lat'>89,</span> <span class='ocrx_word' id='word_1_110' title='bbox 2482 1610 2595 1693; x_wconf 91' lang='lat' dir='ltr'>qui</span> 
     </span>
     <span class='ocr_line' id='line_1_14' title="bbox 231 1711 2593 1799; baseline 0 -23"><span class='ocrx_word' id='word_1_111' title='bbox 231 1723 418 1778; x_wconf 76' lang='lat' dir='ltr'>tamen</span> <span class='ocrx_word' id='word_1_112' title='bbox 462 1712 753 1799; x_wconf 81' lang='lat' dir='ltr'>neglexit</span> <span class='ocrx_word' id='word_1_113' title='bbox 801 1712 1140 1777; x_wconf 79' lang='lat' dir='ltr'>dimidiam</span> <span class='ocrx_word' id='word_1_114' title='bbox 1184 1711 1369 1777; x_wconf 83' lang='lat' dir='ltr'>illam</span> <span class='ocrx_word' id='word_1_115' title='bbox 1415 1712 1638 1778; x_wconf 84' lang='lat' dir='ltr'>ulnam</span> <span class='ocrx_word' id='word_1_116' title='bbox 1657 1762 1672 1791; x_wconf 90' lang='lat'>,</span> <span class='ocrx_word' id='word_1_117' title='bbox 1715 1734 1875 1799; x_wconf 77' lang='lat' dir='ltr'>quae</span> <span class='ocrx_word' id='word_1_118' title='bbox 1915 1713 2068 1777; x_wconf 81' lang='lat' dir='ltr'>facit</span> <span class='ocrx_word' id='word_1_119' title='bbox 2107 1719 2184 1777; x_wconf 87' lang='lat' dir='ltr'>ut</span> <span class='ocrx_word' id='word_1_120' title='bbox 2222 1713 2593 1778; x_wconf 81' lang='lat' dir='ltr'>Herodorus</span> 
     </span>
     <span class='ocr_line' id='line_1_15' title="bbox 230 1818 2592 1906; baseline 0.001 -25"><span class='ocrx_word' id='word_1_121' title='bbox 230 1818 393 1883; x_wconf 81' lang='lat' dir='ltr'>fuerit</span> <span class='ocrx_word' id='word_1_122' title='bbox 449 1821 518 1883; x_wconf 88' lang='lat' dir='ltr'>in</span> <span class='ocrx_word' id='word_1_123' title='bbox 578 1821 803 1905; x_wconf 82' lang='lat' dir='ltr'>paucis</span> <span class='ocrx_word' id='word_1_124' title='bbox 850 1839 1187 1903; x_wconf 76' lang='lat' dir='ltr'>procerae,</span> <span class='ocrx_word' id='word_1_125' title='bbox 1239 1818 1355 1903; x_wconf 72' lang='lat' dir='ltr'>6³l4</span> <span class='ocrx_word' id='word_1_126' title='bbox 1406 1819 1648 1905; x_wconf 90' lang='lat' dir='ltr'>pedum</span> <span class='ocrx_word' id='word_1_127' title='bbox 1695 1840 2065 1885; x_wconf 79' lang='lat' dir='ltr'>mensuram</span> <span class='ocrx_word' id='word_1_128' title='bbox 2110 1822 2222 1905; x_wconf 92' lang='lat' dir='ltr'>qui</span> <span class='ocrx_word' id='word_1_129' title='bbox 2272 1819 2592 1906; x_wconf 73' lang='lat' dir='ltr'>expleret,</span> 
     </span>
     <span class='ocr_line' id='line_1_16' title="bbox 230 1924 783 1990; baseline 0.002 -2"><span class='ocrx_word' id='word_1_130' title='bbox 230 1930 364 1989; x_wconf 73' lang='lat' dir='ltr'>teste</span> <span class='ocrx_word' id='word_1_131' title='bbox 405 1924 783 1990; x_wconf 83' lang='lat' dir='ltr'>AmarantO.</span> 
     </span>
    </p>

    <p class='ocr_par' dir='ltr' id='par_1_5' title="bbox 232 2030 2596 2543">
     <span class='ocr_line' id='line_1_17' title="bbox 300 2030 2592 2116; baseline 0.001 -22"><span class='ocrx_word' id='word_1_132' title='bbox 300 2054 355 2116; x_wconf 87' lang='lat' dir='ltr'>p.</span> <span class='ocrx_word' id='word_1_133' title='bbox 400 2030 552 2110; x_wconf 87' lang='lat'>438,</span> <span class='ocrx_word' id='word_1_134' title='bbox 578 2032 641 2097; x_wconf 88' lang='grc'>11.</span> <span class='ocrx_word' id='word_1_135' title='bbox 710 2031 815 2094; x_wconf 78' lang='grc' dir='ltr'><strong><em>καὶ</em></strong></span> <span class='ocrx_word' id='word_1_136' title='bbox 864 2031 949 2103; x_wconf 83' lang='grc' dir='ltr'>είς</span> <span class='ocrx_word' id='word_1_137' title='bbox 998 2032 1085 2096; x_wconf 72' lang='grc' dir='ltr'><strong><em>τὰ</em></strong></span> <span class='ocrx_word' id='word_1_138' title='bbox 1134 2032 1286 2096; x_wconf 81' lang='grc' dir='ltr'><strong><em>ἕλεα</em></strong></span> <span class='ocrx_word' id='word_1_139' title='bbox 1333 2032 1396 2096; x_wconf 78' lang='grc' dir='ltr'>δὲ</span> <span class='ocrx_word' id='word_1_140' title='bbox 1446 2034 1548 2096; x_wconf 76' lang='grc' dir='ltr'><strong><em>καὶ</em></strong></span> <span class='ocrx_word' id='word_1_141' title='bbox 1601 2033 1682 2096; x_wconf 80' lang='grc' dir='ltr'><strong><em>τοὶ</em></strong></span> <span class='ocrx_word' id='word_1_142' title='bbox 1733 2030 1901 2106; x_wconf 74' lang='grc' dir='ltr'><strong><em>ἄλση</em></strong></span> <span class='ocrx_word' id='word_1_143' title='bbox 1951 2035 2095 2115; x_wconf 77' lang='lat' dir='ltr'>(sic)</span> <span class='ocrx_word' id='word_1_144' title='bbox 2149 2033 2592 2110; x_wconf 78' lang='grc' dir='ltr'><strong><em>νεμόμενον</em></strong></span> 
     </span>
     <span class='ocr_line' id='line_1_18' title="bbox 232 2136 2593 2227; baseline 0.002 -28"><span class='ocrx_word' id='word_1_145' title='bbox 232 2139 337 2200; x_wconf 78' lang='grc' dir='ltr'><strong><em>κτὲ.</em></strong></span> <span class='ocrx_word' id='word_1_146' title='bbox 378 2138 481 2203; x_wconf 77' lang='lat' dir='ltr'>Sic</span> <span class='ocrx_word' id='word_1_147' title='bbox 521 2138 695 2202; x_wconf 92' lang='lat' dir='ltr'>hunc</span> <span class='ocrx_word' id='word_1_148' title='bbox 733 2136 1050 2203; x_wconf 81' lang='lat' dir='ltr'>Herodoti</span> <span class='ocrx_word' id='word_1_149' title='bbox 1089 2138 1198 2219; x_wconf 91' lang='lat' dir='ltr'>(II,</span> <span class='ocrx_word' id='word_1_150' title='bbox 1232 2137 1385 2218; x_wconf 88' lang='lat'><strong>133)</strong></span> <span class='ocrx_word' id='word_1_151' title='bbox 1427 2139 1504 2203; x_wconf 86' lang='lat' dir='ltr'>de</span> <span class='ocrx_word' id='word_1_152' title='bbox 1528 2137 1896 2225; x_wconf 81' lang='lat' dir='ltr'>MycerinO,</span> <span class='ocrx_word' id='word_1_153' title='bbox 1925 2160 2076 2225; x_wconf 84' lang='lat' dir='ltr'>rege</span> <span class='ocrx_word' id='word_1_154' title='bbox 2099 2141 2593 2227; x_wconf 81' lang='lat' dir='ltr'>Aegyptiorum,</span> 
     </span>
     <span class='ocr_line' id='line_1_19' title="bbox 232 2241 2593 2331; baseline 0.001 -26"><span class='ocrx_word' id='word_1_155' title='bbox 232 2241 413 2307; x_wconf 86' lang='lat' dir='ltr'>locum</span> <span class='ocrx_word' id='word_1_156' title='bbox 471 2248 701 2309; x_wconf 81' lang='lat' dir='ltr'>citasse</span> <span class='ocrx_word' id='word_1_157' title='bbox 766 2244 1044 2309; x_wconf 78' lang='lat' dir='ltr'>traditur</span> <span class='ocrx_word' id='word_1_158' title='bbox 1104 2244 1506 2322; x_wconf 74' lang='lat' dir='ltr'>AthenaeuS,</span> <span class='ocrx_word' id='word_1_159' title='bbox 1569 2245 1680 2309; x_wconf 81' lang='lat' dir='ltr'>sed</span> <span class='ocrx_word' id='word_1_160' title='bbox 1727 2267 1854 2310; x_wconf 90' lang='lat' dir='ltr'>non</span> <span class='ocrx_word' id='word_1_161' title='bbox 1901 2250 2116 2331; x_wconf 89' lang='lat' dir='ltr'>potuit</span> <span class='ocrx_word' id='word_1_162' title='bbox 2160 2249 2218 2311; x_wconf 87' lang='grc'>16</span> <span class='ocrx_word' id='word_1_163' title='bbox 2267 2247 2593 2324; x_wconf 70' lang='grc' dir='ltr'><strong><em>νεμόμενον</em></strong></span> 
     </span>
     <span class='ocr_line' id='line_1_20' title="bbox 234 2349 2594 2437; baseline 0.001 -24"><span class='ocrx_word' id='word_1_164' title='bbox 234 2349 468 2415; x_wconf 80' lang='lat' dir='ltr'>scribere</span> <span class='ocrx_word' id='word_1_165' title='bbox 534 2371 653 2436; x_wconf 92' lang='lat' dir='ltr'>pro</span> <span class='ocrx_word' id='word_1_166' title='bbox 722 2350 916 2415; x_wconf 84' lang='lat' dir='ltr'>verbo</span> <span class='ocrx_word' id='word_1_167' title='bbox 986 2349 1348 2416; x_wconf 86' lang='lat' dir='ltr'>Herodoteo</span> <span class='ocrx_word' id='word_1_168' title='bbox 1421 2352 1843 2429; x_wconf 76' lang='grc' dir='ltr'><strong><em>πλανώμενον,</em></strong></span> <span class='ocrx_word' id='word_1_169' title='bbox 1913 2373 2146 2417; x_wconf 82' lang='lat' dir='ltr'>verum</span> <span class='ocrx_word' id='word_1_170' title='bbox 2217 2354 2594 2437; x_wconf 82' lang='lat' dir='ltr'>quantocius</span> 
     </span>
     <span class='ocr_line' id='line_1_21' title="bbox 234 2454 2596 2543; baseline 0.003 -28"><span class='ocrx_word' id='word_1_171' title='bbox 234 2455 279 2515; x_wconf 83' lang='lat' dir='ltr'>ei</span> <span class='ocrx_word' id='word_1_172' title='bbox 338 2454 632 2520; x_wconf 85' lang='lat' dir='ltr'>reddatur</span> <span class='ocrx_word' id='word_1_173' title='bbox 692 2456 1309 2536; x_wconf 82' lang='grc' dir='ltr'><strong><em>ῥεμ&lt;β&gt;όμενον,</em></strong></span> <span class='ocrx_word' id='word_1_174' title='bbox 1377 2456 1549 2541; x_wconf 89' lang='lat' dir='ltr'>quod</span> <span class='ocrx_word' id='word_1_175' title='bbox 1612 2460 1931 2543; x_wconf 83' lang='lat' dir='ltr'>sequiores</span> <span class='ocrx_word' id='word_1_176' title='bbox 1991 2480 2066 2523; x_wconf 92' lang='lat' dir='ltr'>eo</span> <span class='ocrx_word' id='word_1_177' title='bbox 2126 2478 2317 2523; x_wconf 88' lang='grc'><strong>6611611</strong></span> <span class='ocrx_word' id='word_1_178' title='bbox 2363 2479 2596 2543; x_wconf 83' lang='lat' dir='ltr'>ponere</span> 
     </span>
    </p>
   </div>
   <div class='ocr_carea' id='block_1_3' title="bbox 236 2559 2598 2732">
    <p class='ocr_par' dir='ltr' id='par_1_6' title="bbox 236 2559 2598 2732">
     <span class='ocr_line' id='line_1_22' title="bbox 236 2559 2598 2651; baseline 0.002 -26"><span class='ocrx_word' id='word_1_179' title='bbox 236 2559 489 2625; x_wconf 76' lang='lat' dir='ltr'>assolent.</span> <span class='ocrx_word' id='word_1_180' title='bbox 552 2561 823 2626; x_wconf 79' lang='lat' dir='ltr'>Ratione</span> <span class='ocrx_word' id='word_1_181' title='bbox 881 2564 1135 2627; x_wconf 82' lang='lat' dir='ltr'>inversa</span> <span class='ocrx_word' id='word_1_182' title='bbox 1194 2569 1413 2628; x_wconf 80' lang='lat' dir='ltr'>vetera</span> <span class='ocrx_word' id='word_1_183' title='bbox 1456 2562 1662 2629; x_wconf 78' lang='lat' dir='ltr'>lexica</span> <span class='ocrx_word' id='word_1_184' title='bbox 1709 2563 2050 2645; x_wconf 71' lang='grc' dir='ltr'><strong><em>ῥέμβεσθαι</em></strong></span> <span class='ocrx_word' id='word_1_185' title='bbox 2095 2567 2598 2651; x_wconf 83' lang='lat' dir='ltr'>interpretantur</span> 
     </span>
     <span class='ocr_line' id='line_1_23' title="bbox 237 2669 585 2732; baseline 0.014 -6"><span class='ocrx_word' id='word_1_186' title='bbox 237 2669 585 2732; x_wconf 75' lang='grc' dir='ltr'><strong><em>πλανᾶσθαι.</em></strong></span> 
     </span>
    </p>
   </div>
   <div class='ocr_carea' id='block_1_4' title="bbox 306 2772 1946 2861">
    <p class='ocr_par' dir='ltr' id='par_1_7' title="bbox 306 2772 1946 2861">
     <span class='ocr_line' id='line_1_24' title="bbox 306 2772 1946 2861; baseline 0.002 -25"><span class='ocrx_word' id='word_1_187' title='bbox 306 2795 361 2857; x_wconf 89' lang='lat' dir='ltr'>p.</span> <span class='ocrx_word' id='word_1_188' title='bbox 404 2773 557 2853; x_wconf 83' lang='grc'><strong>463,</strong></span> <span class='ocrx_word' id='word_1_189' title='bbox 584 2796 637 2839; x_wconf 92' lang='grc'>6.</span> <span class='ocrx_word' id='word_1_190' title='bbox 688 2772 765 2837; x_wconf 93' lang='lat' dir='ltr'>In</span> <span class='ocrx_word' id='word_1_191' title='bbox 810 2773 987 2839; x_wconf 79' lang='grc' dir='ltr'>ΙΟΝῙΒ</span> <span class='ocrx_word' id='word_1_192' title='bbox 1036 2772 1184 2841; x_wconf 84' lang='lat' dir='ltr'>Chii</span> <span class='ocrx_word' id='word_1_193' title='bbox 1231 2775 1593 2861; x_wconf 75' lang='lat' dir='ltr'>fragmento</span> <span class='ocrx_word' id='word_1_194' title='bbox 1641 2797 1735 2840; x_wconf 81' lang='lat' dir='ltr'>ve.</span> <span class='ocrx_word' id='word_1_195' title='bbox 1788 2774 1946 2861; x_wconf 79' lang='lat' dir='ltr'>9sq.</span> 
     </span>
    </p>
   </div>
   <div class='ocr_carea' id='block_1_5' title="bbox 238 2876 2600 3902">
    <p class='ocr_par' dir='ltr' id='par_1_8' title="bbox 238 2876 2597 3391">
     <span class='ocr_line' id='line_1_25' title="bbox 563 2876 2072 2967; baseline 0.001 -24"><span class='ocrx_word' id='word_1_196' title='bbox 563 2876 779 2943; x_wconf 77' lang='grc' dir='ltr'><strong><em>οὕνεκα</em></strong></span> <span class='ocrx_word' id='word_1_197' title='bbox 830 2879 883 2943; x_wconf 68' lang='grc' dir='ltr'>δ’</span> <span class='ocrx_word' id='word_1_198' title='bbox 935 2880 1160 2955; x_wconf 71' lang='grc' dir='ltr'><strong><em>εὐειδὴς</em></strong></span> <span class='ocrx_word' id='word_1_199' title='bbox 1214 2881 1428 2957; x_wconf 89' lang='grc' dir='ltr'><strong><em>μίμνει</em></strong></span> <span class='ocrx_word' id='word_1_200' title='bbox 1477 2882 1690 2955; x_wconf 78' lang='grc' dir='ltr'><strong><em>θήλεια</em></strong></span> <span class='ocrx_word' id='word_1_201' title='bbox 1741 2881 2072 2967; x_wconf 75' lang='grc' dir='ltr'><strong><em>πάρευνος,</em></strong></span> 
     </span>
     <span class='ocr_line' id='line_1_26' title="bbox 662 2986 2092 3067; baseline 0.003 -19"><span class='ocrx_word' id='word_1_202' title='bbox 662 2994 851 3058; x_wconf 80' lang='grc' dir='ltr'><strong><em>κεῖνος</em></strong></span> <span class='ocrx_word' id='word_1_203' title='bbox 900 2993 1017 3049; x_wconf 81' lang='grc' dir='ltr'>τῶν</span> <span class='ocrx_word' id='word_1_204' title='bbox 1066 2986 1275 3050; x_wconf 75' lang='grc' dir='ltr'><strong><em>ἄλλων</em></strong></span> <span class='ocrx_word' id='word_1_205' title='bbox 1322 2987 1808 3067; x_wconf 77' lang='grc' dir='ltr'><strong><em>κυδρότερον</em></strong></span> <span class='ocrx_word' id='word_1_206' title='bbox 1858 2992 2092 3052; x_wconf 85' lang='grc' dir='ltr'><strong><em>πίεται.</em></strong></span> 
     </span>
     <span class='ocr_line' id='line_1_27' title="bbox 238 3084 2597 3177; baseline 0.004 -25"><span class='ocrx_word' id='word_1_207' title='bbox 238 3084 417 3175; x_wconf 81' lang='lat' dir='ltr'>Digna</span> <span class='ocrx_word' id='word_1_208' title='bbox 477 3096 648 3156; x_wconf 87' lang='lat' dir='ltr'>certe</span> <span class='ocrx_word' id='word_1_209' title='bbox 709 3091 921 3157; x_wconf 78' lang='lat' dir='ltr'>fuerat</span> <span class='ocrx_word' id='word_1_210' title='bbox 983 3112 1145 3177; x_wconf 80' lang='lat' dir='ltr'>quae</span> <span class='ocrx_word' id='word_1_211' title='bbox 1202 3094 1309 3158; x_wconf 88' lang='lat' dir='ltr'>hic</span> <span class='ocrx_word' id='word_1_212' title='bbox 1358 3093 1435 3157; x_wconf 82' lang='lat' dir='ltr'>ab</span> <span class='ocrx_word' id='word_1_213' title='bbox 1485 3094 1724 3158; x_wconf 88' lang='lat' dir='ltr'>editore</span> <span class='ocrx_word' id='word_1_214' title='bbox 1771 3101 2236 3159; x_wconf 83' lang='lat' dir='ltr'>memoraretur</span> <span class='ocrx_word' id='word_1_215' title='bbox 2283 3094 2597 3161; x_wconf 84' lang='lat' dir='ltr'>Dindorfii</span> 
     </span>
     <span class='ocr_line' id='line_1_28' title="bbox 238 3197 2597 3283; baseline 0.003 -26"><span class='ocrx_word' id='word_1_216' title='bbox 238 3198 562 3262; x_wconf 78' lang='lat' dir='ltr'>coniectura</span> <span class='ocrx_word' id='word_1_217' title='bbox 604 3197 1051 3276; x_wconf 71' lang='grc' dir='ltr'><strong><em>ἁδρότερον.</em></strong></span> <span class='ocrx_word' id='word_1_218' title='bbox 1094 3198 1308 3263; x_wconf 85' lang='grc' dir='ltr'><strong>Ρ66616</strong></span> <span class='ocrx_word' id='word_1_219' title='bbox 1332 3201 1531 3263; x_wconf 83' lang='lat' dir='ltr'>etiam</span> <span class='ocrx_word' id='word_1_220' title='bbox 1556 3199 1633 3263; x_wconf 92' lang='lat' dir='ltr'>de</span> <span class='ocrx_word' id='word_1_221' title='bbox 1660 3199 2015 3283; x_wconf 87' lang='lat' dir='ltr'>reponendo</span> <span class='ocrx_word' id='word_1_222' title='bbox 2057 3200 2597 3282; x_wconf 76' lang='grc' dir='ltr'><strong><em>Φαιδρότερον</em></strong></span> 
     </span>
     <span class='ocr_line' id='line_1_29' title="bbox 242 3304 2098 3391; baseline 0.004 -28"><span class='ocrx_word' id='word_1_223' title='bbox 242 3306 523 3387; x_wconf 72' lang='lat' dir='ltr'>cogitare,</span> <span class='ocrx_word' id='word_1_224' title='bbox 572 3304 682 3369; x_wconf 81' lang='lat' dir='ltr'>sed</span> <span class='ocrx_word' id='word_1_225' title='bbox 730 3304 949 3381; x_wconf 77' lang='grc' dir='ltr'><strong><em>κυδρῶς</em></strong></span> <span class='ocrx_word' id='word_1_226' title='bbox 1001 3305 1193 3368; x_wconf 82' lang='grc' dir='ltr'><strong><em>πίνειν</em></strong></span> <span class='ocrx_word' id='word_1_227' title='bbox 1240 3325 1501 3390; x_wconf 81' lang='lat' dir='ltr'>prorsus</span> <span class='ocrx_word' id='word_1_228' title='bbox 1546 3304 1710 3369; x_wconf 89' lang='lat' dir='ltr'>nihil</span> <span class='ocrx_word' id='word_1_229' title='bbox 1758 3306 2098 3391; x_wconf 75' lang='lat' dir='ltr'>significat.</span> 
     </span>
    </p>

    <p class='ocr_par' dir='ltr' id='par_1_9' title="bbox 245 3408 2600 3902">
     <span class='ocr_line' id='line_1_30' title="bbox 308 3408 2594 3493; baseline 0.004 -22"><span class='ocrx_word' id='word_1_230' title='bbox 308 3429 365 3492; x_wconf 89' lang='lat' dir='ltr'>p.</span> <span class='ocrx_word' id='word_1_231' title='bbox 410 3408 563 3487; x_wconf 83' lang='lat'>463,</span> <span class='ocrx_word' id='word_1_232' title='bbox 590 3411 633 3474; x_wconf 89' lang='lat' dir='ltr'>f.</span> <span class='ocrx_word' id='word_1_233' title='bbox 698 3408 965 3477; x_wconf 74' lang='lat' dir='ltr'>ORI&#39;HAS</span> <span class='ocrx_word' id='word_1_234' title='bbox 1023 3413 1094 3474; x_wconf 91' lang='lat' dir='ltr'>in</span> <span class='ocrx_word' id='word_1_235' title='bbox 1152 3411 1750 3474; x_wconf 78' lang='lat' dir='ltr'>Lacedaemoniorum</span> <span class='ocrx_word' id='word_1_236' title='bbox 1810 3412 2151 3493; x_wconf 73' lang='lat' dir='ltr'>republica:</span> <span class='ocrx_word' id='word_1_237' title='bbox 2215 3416 2244 3476; x_wconf 79' lang='grc' dir='ltr'>ὁ</span> <span class='ocrx_word' id='word_1_238' title='bbox 2294 3415 2407 3489; x_wconf 77' lang='grc' dir='ltr'>μὲν</span> <span class='ocrx_word' id='word_1_239' title='bbox 2457 3422 2594 3487; x_wconf 77' lang='grc' dir='ltr'><strong><em>Χῖος</em></strong></span> 
     </span>
     <span class='ocr_line' id='line_1_31' title="bbox 245 3515 2595 3599; baseline 0.004 -25"><span class='ocrx_word' id='word_1_240' title='bbox 245 3515 325 3574; x_wconf 75' lang='grc' dir='ltr'>καὶ</span> <span class='ocrx_word' id='word_1_241' title='bbox 370 3516 595 3587; x_wconf 66' lang='grc' dir='ltr'><strong><em>Θάσιος</em></strong></span> <span class='ocrx_word' id='word_1_242' title='bbox 646 3518 714 3580; x_wconf 81' lang='grc' dir='ltr'>ἐκ</span> <span class='ocrx_word' id='word_1_243' title='bbox 763 3518 1063 3594; x_wconf 67' lang='grc' dir='ltr'><strong><em>μεγάλων</em></strong></span> <span class='ocrx_word' id='word_1_244' title='bbox 1112 3518 1369 3581; x_wconf 81' lang='grc' dir='ltr'><strong><em>κυλίκων</em></strong></span> <span class='ocrx_word' id='word_1_245' title='bbox 1420 3515 1728 3595; x_wconf 74' lang='grc' dir='ltr'><strong><em>ἐπιδέξια,</em></strong></span> <span class='ocrx_word' id='word_1_246' title='bbox 1769 3517 1797 3581; x_wconf 82' lang='lat'>0‘</span> <span class='ocrx_word' id='word_1_247' title='bbox 1841 3516 1893 3580; x_wconf 78' lang='grc' dir='ltr'>δ’</span> <span class='ocrx_word' id='word_1_248' title='bbox 1934 3518 2219 3591; x_wconf 84' lang='grc' dir='ltr'><strong><em>Ἀττικὸς</em></strong></span> <span class='ocrx_word' id='word_1_249' title='bbox 2266 3521 2334 3583; x_wconf 83' lang='grc' dir='ltr'>ἐκ</span> <span class='ocrx_word' id='word_1_250' title='bbox 2363 3528 2595 3599; x_wconf 82' lang='grc' dir='ltr'><strong><em>,μικρῶν</em></strong></span> 
     </span>
     <span class='ocr_line' id='line_1_32' title="bbox 245 3618 2600 3703; baseline 0.006 -25"><span class='ocrx_word' id='word_1_251' title='bbox 245 3618 523 3699; x_wconf 73' lang='grc' dir='ltr'><strong><em>ἐπιδέξια,</em></strong></span> <span class='ocrx_word' id='word_1_252' title='bbox 591 3622 619 3685; x_wconf 81' lang='grc' dir='ltr'><strong><em>ὁ</em></strong></span> <span class='ocrx_word' id='word_1_253' title='bbox 684 3621 747 3685; x_wconf 77' lang='grc' dir='ltr'>δὲ</span> <span class='ocrx_word' id='word_1_254' title='bbox 813 3624 1343 3689; x_wconf 73' lang='grc' dir='ltr'><strong><em>Θετταλικὸς</em></strong></span> <span class='ocrx_word' id='word_1_255' title='bbox 1412 3623 1764 3699; x_wconf 82' lang='grc' dir='ltr'><strong><em>ἐκπώματα</em></strong></span> <span class='ocrx_word' id='word_1_256' title='bbox 1817 3625 2089 3700; x_wconf 84' lang='grc' dir='ltr'><strong><em>προπίνει</em></strong></span> <span class='ocrx_word' id='word_1_257' title='bbox 2136 3622 2252 3703; x_wconf 76' lang='grc' dir='ltr'><strong><em>ὅτῳ</em></strong></span> <span class='ocrx_word' id='word_1_258' title='bbox 2303 3624 2378 3689; x_wconf 72' lang='grc' dir='ltr'><strong><em>ἂν</em></strong></span> <span class='ocrx_word' id='word_1_259' title='bbox 2426 3626 2600 3703; x_wconf 81' lang='grc' dir='ltr'><strong><em>βού-</em></strong></span> 
     </span>
     <span class='ocr_line' id='line_1_33' title="bbox 246 3727 2600 3809; baseline 0.006 -25"><span class='ocrx_word' id='word_1_260' title='bbox 246 3736 511 3792; x_wconf 81' lang='grc' dir='ltr'><strong><em>λωνται</em></strong></span> <span class='ocrx_word' id='word_1_261' title='bbox 559 3727 849 3805; x_wconf 72' lang='grc' dir='ltr'><strong><em>μεγάλα.</em></strong></span> <span class='ocrx_word' id='word_1_262' title='bbox 898 3728 1105 3793; x_wconf 70' lang='lat' dir='ltr'>ffiror</span> <span class='ocrx_word' id='word_1_263' title='bbox 1149 3728 1233 3793; x_wconf 87' lang='lat' dir='ltr'>K.</span> <span class='ocrx_word' id='word_1_264' title='bbox 1275 3749 1401 3792; x_wconf 89' lang='lat' dir='ltr'>non</span> <span class='ocrx_word' id='word_1_265' title='bbox 1440 3732 1786 3794; x_wconf 79' lang='lat' dir='ltr'>correxisse</span> <span class='ocrx_word' id='word_1_266' title='bbox 1836 3734 2265 3803; x_wconf 80' lang='grc' dir='ltr'><strong><em>Θετταλὸς</em></strong></span> <span class='ocrx_word' id='word_1_267' title='bbox 2316 3737 2382 3796; x_wconf 84' lang='lat' dir='ltr'>et</span> <span class='ocrx_word' id='word_1_268' title='bbox 2427 3732 2600 3809; x_wconf 83' lang='grc' dir='ltr'><strong><em>βού-</em></strong></span> 
     </span>
     <span class='ocr_line' id='line_1_34' title="bbox 246 3842 483 3902; baseline 0.03 -12"><span class='ocrx_word' id='word_1_269' title='bbox 246 3842 483 3902; x_wconf 79' lang='grc' dir='ltr'><strong><em>ληται.</em></strong></span> 
     </span>
    </p>
   </div>
   <div class='ocr_carea' id='block_1_6' title="bbox 250 3936 2597 4122">
    <p class='ocr_par' dir='ltr' id='par_1_10' title="bbox 250 3936 2597 4122">
     <span class='ocr_line' id='line_1_35' title="bbox 318 3936 2597 4105; baseline 0.004 -103"><span class='ocrx_word' id='word_1_270' title='bbox 318 3957 375 4105; x_wconf 54' lang='grc' dir='ltr'>Ρὲ</span> <span class='ocrx_word' id='word_1_271' title='bbox 435 3936 587 4017; x_wconf 83' lang='lat'>784,</span> <span class='ocrx_word' id='word_1_272' title='bbox 613 3960 667 4004; x_wconf 92' lang='grc'>6.</span> <span class='ocrx_word' id='word_1_273' title='bbox 732 3938 923 4005; x_wconf 87' lang='grc' dir='ltr'><strong>Η11116</strong></span> <span class='ocrx_word' id='word_1_274' title='bbox 978 3942 1293 4005; x_wconf 71' lang='lat' dir='ltr'>Amrsnm</span> <span class='ocrx_word' id='word_1_275' title='bbox 1366 3938 1585 4005; x_wconf 92' lang='lat' dir='ltr'>locum</span> <span class='ocrx_word' id='word_1_276' title='bbox 1657 3942 2000 4007; x_wconf 80' lang='lat' dir='ltr'>emendavi</span> <span class='ocrx_word' id='word_1_277' title='bbox 2071 3941 2316 4007; x_wconf 89' lang='lat' dir='ltr'>Mnem.</span> <span class='ocrx_word' id='word_1_278' title='bbox 2393 3942 2597 4024; x_wconf 85' lang='lat'>1890,</span> 
     </span>
     <span class='ocr_line' id='line_1_36' title="bbox 250 4042 483 4122; baseline 0.004 -15"><span class='ocrx_word' id='word_1_279' title='bbox 250 4058 299 4122; x_wconf 82' lang='lat' dir='ltr'>p.</span> <span class='ocrx_word' id='word_1_280' title='bbox 378 4042 483 4109; x_wconf 84' lang='lat'>86.</span> 
     </span>
    </p>
   </div>
   <div class='ocr_carea' id='block_1_7' title="bbox 256 4146 2602 4447">
    <p class='ocr_par' dir='ltr' id='par_1_11' title="bbox 256 4146 2602 4447">
     <span class='ocr_line' id='line_1_37' title="bbox 320 4146 2599 4243; baseline 0.005 -32"><span class='ocrx_word' id='word_1_281' title='bbox 320 4168 375 4231; x_wconf 88' lang='lat' dir='ltr'>p.</span> <span class='ocrx_word' id='word_1_282' title='bbox 425 4146 575 4227; x_wconf 83' lang='lat'>476,</span> <span class='ocrx_word' id='word_1_283' title='bbox 602 4172 658 4215; x_wconf 88' lang='grc'>6.</span> <span class='ocrx_word' id='word_1_284' title='bbox 708 4150 911 4217; x_wconf 84' lang='lat' dir='ltr'>Verba</span> <span class='ocrx_word' id='word_1_285' title='bbox 946 4156 1234 4240; x_wconf 81' lang='lat' dir='ltr'>graviter</span> <span class='ocrx_word' id='word_1_286' title='bbox 1275 4154 1565 4231; x_wconf 85' lang='lat' dir='ltr'>turbata,</span> <span class='ocrx_word' id='word_1_287' title='bbox 1608 4159 1685 4217; x_wconf 93' lang='lat' dir='ltr'>ut</span> <span class='ocrx_word' id='word_1_288' title='bbox 1723 4154 1892 4218; x_wconf 81' lang='lat' dir='ltr'>vidit</span> <span class='ocrx_word' id='word_1_289' title='bbox 1931 4154 2154 4233; x_wconf 87' lang='lat' dir='ltr'>editor,</span> <span class='ocrx_word' id='word_1_290' title='bbox 2199 4158 2289 4221; x_wconf 82' lang='lat' dir='ltr'>sic</span> <span class='ocrx_word' id='word_1_291' title='bbox 2313 4163 2599 4243; x_wconf 84' lang='lat' dir='ltr'>tempto:</span> 
     </span>
     <span class='ocr_line' id='line_1_38' title="bbox 256 4245 2600 4342; baseline 0.007 -30"><span class='ocrx_word' id='word_1_292' title='bbox 256 4245 325 4313; x_wconf 68' lang='grc' dir='ltr'>ὅτι</span> <span class='ocrx_word' id='word_1_293' title='bbox 380 4252 441 4318; x_wconf 74' lang='grc' dir='ltr'>δὲ</span> <span class='ocrx_word' id='word_1_294' title='bbox 497 4266 621 4328; x_wconf 76' lang='grc' dir='ltr'><strong><em>τοῖς</em></strong></span> <span class='ocrx_word' id='word_1_295' title='bbox 681 4256 920 4337; x_wconf 80' lang='grc' dir='ltr'><strong><em>κέρασιν</em></strong></span> <span class='ocrx_word' id='word_1_296' title='bbox 964 4259 1181 4337; x_wconf 82' lang='grc' dir='ltr'><strong><em>ἔπινον,</em></strong></span> <span class='ocrx_word' id='word_1_297' title='bbox 1229 4262 1407 4331; x_wconf 75' lang='grc' dir='ltr'><strong><em>δῆλον</em></strong></span> <span class='ocrx_word' id='word_1_298' title='bbox 1458 4259 1526 4322; x_wconf 81' lang='grc' dir='ltr'>ἐκ</span> <span class='ocrx_word' id='word_1_299' title='bbox 1572 4265 1679 4323; x_wconf 86' lang='grc' dir='ltr'>τοῦ</span> <span class='ocrx_word' id='word_1_300' title='bbox 1728 4260 1831 4323; x_wconf 81' lang='grc' dir='ltr'><strong><em>καὶ</em></strong></span> <span class='ocrx_word' id='word_1_301' title='bbox 1880 4260 2070 4340; x_wconf 81' lang='grc' dir='ltr'><strong><em>μέχρι</em></strong></span> <span class='ocrx_word' id='word_1_302' title='bbox 2118 4266 2218 4326; x_wconf 81' lang='grc' dir='ltr'>νῦν</span> <span class='ocrx_word' id='word_1_303' title='bbox 2267 4261 2600 4342; x_wconf 69' lang='grc' dir='ltr'><strong><em>λέγεσθαι,</em></strong></span> 
     </span>
     <span class='ocr_line' id='line_1_39' title="bbox 256 4350 2602 4447; baseline 0.006 -29"><span class='ocrx_word' id='word_1_304' title='bbox 256 4350 377 4421; x_wconf 72' lang='grc' dir='ltr'><strong><em>ὅταν</em></strong></span> <span class='ocrx_word' id='word_1_305' title='bbox 434 4362 863 4441; x_wconf 63' lang='grc' dir='ltr'><strong><em>συμμίσγουσιν</em></strong></span> <span class='ocrx_word' id='word_1_306' title='bbox 928 4367 1013 4447; x_wconf 73' lang='grc' dir='ltr'><strong><em>τῷ</em></strong></span> <span class='ocrx_word' id='word_1_307' title='bbox 1077 4364 1205 4447; x_wconf 79' lang='grc' dir='ltr'><strong><em>οἴνῳ</em></strong></span> <span class='ocrx_word' id='word_1_308' title='bbox 1270 4370 1340 4431; x_wconf 82' lang='grc' dir='ltr'><strong><em>τὸ</em></strong></span> <span class='ocrx_word' id='word_1_309' title='bbox 1404 4363 1588 4446; x_wconf 74' lang='grc' dir='ltr'><strong><em>ὕδωρ,</em></strong></span> <span class='ocrx_word' id='word_1_310' title='bbox 1642 4366 1898 4446; x_wconf 70' lang='grc' dir='ltr'><strong><em>κεράσαι</em></strong></span> <span class='ocrx_word' id='word_1_311' title='bbox 1949 4367 2087 4440; x_wconf 84' lang='grc' dir='ltr'><strong><em>τοὺς</em></strong></span> <span class='ocrx_word' id='word_1_312' title='bbox 2134 4369 2602 4447; x_wconf 74' lang='grc' dir='ltr'><strong><em>μίσγοντας</em></strong></span> 
     </span>
    </p>
   </div>
  </div>
 </body>
</html>
