3192 5009
1210 267 1558 317 11οΜ1111108.
2445 242 2570 311 137

315 432 397 498 Ex
459 431 565 498 illo
634 439 925 520 tempore
996 434 1349 500 verendum
1415 455 1542 499 non
1603 437 1702 498 est
1763 454 1842 498 ne
1902 433 2288 498 reviviscant
2334 450 2576 495 errores

248 537 638 624 Spitzneriani.
691 541 922 606 Potuit
966 541 1176 606 adhuc
1212 543 1575 626 poteritque
1615 538 1928 625 disputari
1968 538 2044 603 de
2069 541 2318 623 optima
2339 535 2578 602 Home-

242 667 358 710 rum
398 645 607 711 edendi
656 650 899 712 ratione
917 697 934 725 ,
985 669 1135 712 cum
1183 648 1515 733 digamma
1557 645 1845 711 litteram
1883 647 2068 731 signo
2109 644 2572 731 typographico

240 755 293 816 in
330 758 491 818 textu
538 753 945 818 indicandam
989 775 1127 820 esse
1172 755 1242 818 hi
1288 754 1669 818 contendant
1714 751 1814 816 illi
1859 757 2096 838 negent
2113 800 2130 828 ,
2172 749 2282 815 alii
2321 752 2574 835 parcius
2685 803 2688 806 .

245 857 331 922 alii
365 858 624 946 largiore
673 882 873 925 manu
920 861 1167 926 allitam
1214 859 1449 938 velint;
1495 859 1622 925 loci
1659 859 1890 945 quibus
1929 857 2210 923 violatur
2247 857 2578 944 digamma

244 967 411 1030 sintne
452 966 827 1031 emendandi
876 988 1097 1032 01111188
1115 1016 1132 1044 ,
1184 966 1350 1052 quod
1397 966 1665 1052 putabat
1711 965 2041 1030 Bentleius
2087 984 2302 1029 amore
2347 966 2450 1028 sui
2482 965 2580 1027 in-

246 1074 385 1136 venti
442 1071 748 1157 pellectus
766 1122 784 1151 ,
856 1094 937 1137 an
999 1073 1262 1158 quidam
1281 1122 1298 1151 ,
1362 1093 1441 1137 an
1513 1071 1711 1149 nulli,
1775 1072 1893 1137 hac
1957 1070 2034 1136 de
2097 1092 2164 1136 re
2210 1073 2279 1134 in
2326 1069 2577 1135 diversa

246 1181 557 1243 etiamnunc
626 1178 960 1244 discedunt
1022 1178 1502 1266 philolog-orum
1564 1181 1948 1256 sententiae;
2001 1177 2113 1242 sed
2158 1197 2362 1262 neque
2409 1178 2579 1261 quis-

248 1305 433 1368 quam,
482 1287 605 1350 nisi
654 1286 817 1351 forte
862 1284 1103 1350 delirus
1149 1286 1344 1351 homo
1364 1336 1380 1363 ,
1428 1285 1616 1350 hodie
1662 1287 1731 1349 111
1779 1287 2070 1349 animum
2112 1282 2412 1348 inducere
2457 1282 2580 1347 sibi

248 1395 416 1474 potest
449 1391 702 1456 nullum
741 1392 935 1457 huius
976 1401 1283 1457 consonae
1321 1394 1681 1478 vestigium
1711 1392 1780 1455 in
1804 1391 2193 1456 carminibus
2216 1390 2579 1455 Homericis

251 1517 555 1582 superesse,
617 1520 831 1584 neque
882 1503 1147 1584 possunt
1208 1498 1415 1563 adhuc
1478 1500 1748 1563 existere
1813 1499 1925 1583 qui
1968 1497 2222 1562 litterae
2267 1495 2540 1561 aeolicae
2559 1544 2576 1573 ‚

250 1616 504 1688 tanquam
558 1604 949 1670 multiformi
1008 1604 1202 1670 alicui
1261 1606 1493 1671 Proteo
1514 1654 1531 1683 ‚
1587 1605 1944 1670 attribuant
1989 1602 2294 1690 quicquid
2337 1600 2582 1666 insoliti

250 1708 399 1773 habet
438 1713 913 1776 vetustissimae
959 1714 1328 1798 graecitatis
1375 1710 1569 1776 dictio
1619 1709 1727 1775 vel
1771 1731 1872 1775 ars
1919 1711 2206 1775 metrica.
2267 1707 2365 1772 Ex
2415 1707 2584 1771 subi-

253 1817 413 1878 taneis
468 1819 845 1881 commentis
913 1823 978 1882 et
1037 1819 1491 1902 imperitorum
1552 1816 2016 1882 tentaminibus
2079 1817 2362 1881 excrevit
2418 1833 2587 1880 nova

250 1923 501 1999 scientia,
565 1943 726 2008 quae
788 1923 911 1988 coli
973 1927 1197 2010 augeri
1257 1925 1493 2010 corrigi
1542 1924 1806 2010 posthac
1854 1924 2127 2008 poterit,
2176 1942 2304 1986 non
2351 1921 2588 2006 poterit

254 2027 498 2092 convelli.
548 2027 835 2094 Tandem
882 2028 1176 2094 surculus
1222 2031 1507 2095 excrevit
1551 2032 1620 2093 in
1665 2029 1974 2094 arborem.

322 2133 569 2200 Bekkeri
632 2135 970 2200 consilium
1031 2135 1217 2200 claris
1265 2136 1475 2201 verbis
1518 2134 1812 2200 laudavit
1860 2132 2076 2200 Coum·
2095 2183 2112 2212 ‚
2163 2139 2419 2198 secutus
2465 2133 2590 2217 pri-

252 2261 365 2305 mus
405 2249 495 2306 est
542 2239 786 2308 Cmus'r
831 2245 899 2306 in
946 2245 1307 2307 recensione
1346 2241 1576 2304 Iliadis
1623 2240 1816 2306 1884.
1881 2241 2046 2306 Flex
2090 2241 2334 2323 (odyss.
2391 2236 2587 2314 1883,

254 2345 404 2410 Iliad.
452 2347 647 2428 1886)
705 2349 1037 2435 digamma
1095 2351 1163 2412 in
1208 2351 1290 2413 iis
1339 2353 1603 2412 tantum
1650 2347 1868 2412 Iliadis
1917 2353 1981 2412 et
2029 2345 2348 2432 Odysseae
2397 2345 2590 2431 parti-

254 2451 343 2516 bus
404 2457 681 2541 scripsit,
756 2475 913 2541 quas
984 2475 1021 2520 a
1090 2457 1298 2540 poetis
1364 2452 1639 2520 Aeolicis
1701 2457 2084 2539 compositas
2143 2474 2277 2518 esse
2339 2455 2588 2528 censet,

252 2555 455 2624 Ionicae
499 2559 767 2626 dialecto
813 2560 995 2625 illam
1044 2581 1379 2626 consonam
1433 2560 1834 2638 abiudicans;
1896 2580 2023 2645 qua
2068 2559 2145 2624 de
2183 2580 2252 2624 re
2299 2577 2460 2643 quae
2506 2558 2592 2621 sit

252 2671 427 2730 nostra
484 2669 693 2752 opinio
712 2716 729 2744 ‚
790 2666 958 2732 infra
1020 2688 1432 2753 exponemus.
1494 2665 1627 2730 Alii
1676 2665 1947 2732 editores
1965 2715 1981 2744 ‚
2030 2687 2065 2730 e
2113 2665 2345 2751 quibus
2392 2665 2593 2728 nomi-

253 2773 419 2834 natim
472 2772 732 2838 indicati
792 2777 983 2837 sunto
1045 2771 1145 2836 LA
1191 2773 1417 2837 Roofln
1482 2777 1547 2836 et
1611 2769 1670 2834 N
1674 2785 1846 2836 mox
1862 2819 1878 2848 ‚
1947 2773 2143 2835 variis
2193 2770 2592 2856 argumentis

257 2875 513 2942 deterreri
564 2898 631 2943 se
678 2881 850 2963 passi
898 2884 1049 2943 sunt
1096 2882 1443 2964 quominus
1488 2880 1557 2941 in
1605 2883 1861 2942 textum
1909 2878 2283 2942 inveherent
2328 2879 2593 2962 signum

256 2981 577 3060 insolitum,
636 2983 788 3049 licet
831 2987 972 3049 vim
1020 2984 1337 3070 dig-ammi
1383 2984 1579 3069 probe
1627 2989 2024 3069 perspectam
2068 2983 2370 3048 haberent
2417 2987 2482 3046 et
2524 2983 2593 3045 in

258 3091 419 3171 epicis
459 3112 707 3176 quoque
752 3091 1141 3159 carminibus
1188 3096 1620 3177 agnoscerent.
1675 3089 2089 3167 „Nimirum”
2136 3125 2221 3137 —
2263 3094 2339 3152 ut
2376 3086 2596 3154 Christ

257 3215 355 3258 non
409 3198 535 3261 sine
578 3218 769 3262 causa
812 3196 1175 3282 expostulat
1222 3202 1288 3262 et
1333 3199 1626 3283 queritur
1652 3202 1701 3278 ¹)
1753 3233 1838 3244 -—-
1891 3217 2058 3281 „qua
2105 3201 2257 3260 sunt
2301 3195 2593 3260 homines

264 3321 558 3384 „perversa
606 3304 958 3369 timiditate
1006 3310 1072 3369 et
1118 3304 1541 3369 obstinatione
1568 3352 1584 3381 ,
1635 3302 2105 3390 prolixissimos
2150 3301 2346 3367 libros
2391 3300 2467 3366 de
2506 3300 2597 3364 di-

266 3427 527 3492 „gammo
585 3410 1226 3496 orthographicisque
1284 3409 1471 3474 rebus
1535 3409 1862 3496 perlegere
1923 3431 2048 3474 non
2110 3413 2435 3484 recusant,
2486 3406 2597 3471 sed

264 3515 339 3586 „si
392 3518 525 3599 quis
542 3564 558 3592 ,
621 3524 696 3580 ut
741 3517 987 3582 fructus
1034 3515 1267 3602 aliquis
1316 3514 1655 3580 subtilium
1698 3518 2147 3601 quaestionum
2193 3515 2273 3580 ad
2319 3517 2597 3578 nitorem

267 3623 625 3692 „carminum
678 3622 1151 3687 restituendum
1196 3621 1301 3687 vel
1348 3622 1809 3708 impedimenta
1857 3621 2168 3686 scribendi
2215 3619 2597 3686 removenda

267 3725 573 3796 „redundet
590 3777 607 3806 ‚
653 3727 887 3793 tradita
933 3729 1127 3794 verba
1174 3734 1426 3793 mutare
1475 3748 1668 3793 ausus
1715 3733 1810 3793 est
1827 3777 1844 3806 ,
1891 3737 2148 3792 omnem
2195 3727 2598 3811 antiquitatis

268 3837 688 3904 „reverentiam
733 3838 883 3900 exui
928 3833 1326 3900 clamitant.''

336 4135 448 4204 Sed
490 4142 567 4206 ad
610 4143 817 4227 ipsam
864 4163 1001 4207 rem
1047 4144 1182 4206 iam
1225 4143 1580 4207 veniamus.
1653 4138 1728 4204 In
1773 4138 2001 4225 lingua
2017 4188 2034 4216 ‚
2085 4159 2211 4223 qua
2256 4137 2602 4204 utebantur

321 4382 367 4448 1)
392 4384 568 4438 cnm
600 4389 855 4454 Procyon.
892 4384 1043 4441 [aad.
1078 4404 1126 4453 p.
1164 4360 1301 4438 1⁵0(
