3192 5009
571 335 709 402 262
1339 347 1425 400 1111
1467 349 1781 402 ints-mm
1826 351 2151 402 ans-rom.

571 519 780 585 dicem
815 517 1194 584 lectionibus
1231 522 1647 605 antiquarum
1676 521 2025 586 editionem
2044 523 2139 586 ita
2160 520 2391 598 favere,
2416 526 2493 584 ut
2514 517 2959 584 Schmidtium

571 629 812 692 maiore
879 645 1072 711 quam
1140 625 1406 691 debebat
1473 625 1779 714 religione
1852 627 2052 692 codici
2122 628 2412 692 Parisino
2482 627 2959 710 obtemperasse

570 740 887 818 appareat.
935 731 1325 819 Magnopere
1371 738 1591 797 autem
1639 733 1800 798 hanc
1846 736 2271 818 suspicionem
2312 739 2511 820 auget
2551 731 2717 798 alius
2757 730 2955 796 codex

569 860 606 904 a
665 838 1020 903 Lumbroso
1084 837 1348 903 Parisiis
1409 837 1701 904 collatus.
1764 838 2187 904 Doctissimus
2248 843 2425 905 enim
2482 837 2685 904 Italus
2707 887 2723 915 ,
2790 857 2955 901 anno

567 953 712 1030 post
751 965 944 1028 quam
992 942 1388 1017 Schmidtius
1435 945 1781 1010 editionem
1830 965 2013 1010 suam
2061 953 2393 1031 paraverat
2409 994 2425 1022 ,
2476 944 2741 1010 Parisiis
2788 942 2957 1006 forte

568 1073 718 1117 cum
778 1051 1070 1136 degeret,
1133 1051 1500 1115 Parisinum
1559 1051 1840 1116 codicem
1912 1051 2060 1116 bibl.
2133 1054 2289 1136 imp.
2358 1049 2489 1116 128
2556 1049 2803 1130 (Schm.
2870 1049 2955 1124 A)

565 1179 760 1244 quem
776 1206 793 1235 ‚
833 1158 983 1242 quia
1027 1159 1096 1221 in
1141 1154 1554 1222 Germaniam
1591 1160 1769 1222 mitti
1808 1156 2227 1222 bibliothecae
2262 1157 2443 1244 leges
2481 1157 2789 1221 vetabant
2804 1202 2822 1231 ,
2862 1156 2957 1216 in-

565 1266 806 1350 spicere
849 1265 987 1348 ipse
1033 1261 1428 1328 Schmidtius
1473 1284 1601 1327 non
1644 1271 1941 1348 potuerat
1959 1313 1974 1338 ,
2015 1263 2233 1330 sedulo
2272 1263 2691 1349 perlustravit
2706 1311 2723 1338 ,
2768 1263 2955 1324 cuius

569 1369 802 1435 codicis
845 1368 1148 1434 lectiones
1191 1367 1393 1434 edidit
1436 1369 1830 1434 Lumbrosus
1876 1373 1945 1433 in
1991 1372 2169 1434 Actis
2210 1369 2569 1434 academiae
2606 1367 2959 1432 Tam-inen—

569 1479 656 1542 sis
707 1474 1061 1541 1868—69
1107 1497 1170 1561 p.
1221 1474 1347 1540 521
1399 1475 1644 1540 adiecto
1692 1483 1985 1541 accurato
2030 1477 2237 1541 indice
2285 1476 2791 1562 discrepantium
2834 1471 2959 1537 lec-

561 1584 816 1647 tionum
875 1581 1110 1647 codicis
1171 1580 1516 1646 Burneiani
1573 1579 1682 1658 34,
1747 1602 1941 1667 quem
2002 1584 2071 1646 in
2134 1603 2357 1647 museo
2401 1581 2771 1646 Britannico
2816 1581 2957 1664 ipse

564 1708 816 1774 quoque
878 1687 1250 1752 contulerat.
1317 1684 1486 1753 Cum
1546 1706 1698 1752 vero
1758 1687 1953 1753 codex
2012 1686 2123 1753 ille
2162 1687 2313 1752 bibl.
2352 1690 2513 1772 imp.
2562 1685 2712 1763 128,
2754 1706 2957 1770 quem

563 1793 960 1858 Lumbrosus
998 1795 1293 1857 omnium
1315 1841 1333 1869 ‚
1374 1798 1688 1878 quotquot
1731 1797 2031 1858 novimus
2048 1842 2066 1871 ‚
2116 1793 2405 1858 Aristeae
2450 1791 2747 1858 codicum
2794 1794 2961 1856 anti·

562 1902 952 1986 quissimum
999 1899 1154 1964 dicit
1171 1947 1187 1974 ‚
1237 1898 1315 1962 ab
1363 1898 1562 1963 altero
1602 1898 1893 1964 Parisino
1931 1898 1986 1963 B
2025 1919 2219 1984 quem
2256 1898 2653 1964 Schmidtius
2690 1905 2959 1964 secutus

561 2013 689 2082 est,
739 2006 1108 2089 saepissime
1154 2003 1466 2088 discrepet
1483 2052 1499 2080 ,
1549 2002 1747 2068 simul
1795 2006 2159 2090 conspirans
2198 2026 2349 2070 cum
2384 2004 2711 2070 Marciano
2731 2053 2747 2082 ,
2792 2002 2961 2068 Bur-

565 2113 789 2176 neiano
806 2160 822 2188 ,
888 2109 1193 2175 Vaticano
1245 2117 1310 2174 et
1373 2131 1524 2174 cum
1585 2109 1859 2198 vulgata
1920 2115 2216 2196 antiquae
2278 2111 2576 2176 editionis
2636 2108 2921 2175 lectione
2940 2158 2957 2186 ‚

561 2224 829 2302 apparet
868 2215 1192 2302 aliquanto
1237 2218 1518 2280 nimium
1565 2216 1765 2281 codici
1803 2237 1918 2281 suo
1962 2218 2260 2282 tribuisse
2294 2215 2749 2293 Schmidtium,
2799 2236 2959 2280 cum

567 2325 978 2408 antiquarum
1041 2321 1398 2386 editionum
1416 2369 1432 2398 ,
1496 2319 1918 2387 Schardianae
1982 2329 2047 2387 et
2097 2318 2501 2388 Fabricianae
2548 2327 2725 2401 (nam
2774 2319 2962 2386 81161-

560 2429 901 2494 donianam
960 2429 1194 2492 merito
1257 2429 1667 2512 contempsit)
1727 2427 2107 2494 lectionibus
2167 2428 2485 2493 damnatis
2502 2476 2519 2504 ‚
2568 2426 2849 2491 Parisini
2898 2426 2957 2490 B

559 2536 934 2600 auctoritate
1005 2539 1222 2597 motus
1241 2581 1256 2610 ‚
1328 2554 1442 2618 pro
1510 2531 1718 2618 planis
1789 2539 1852 2598 et
1924 2533 2097 2597 haud
2156 2537 2350 2598 nimis
2412 2533 2695 2598 obscuris
2756 2553 2956 2618 saepe

555 2647 890 2726 reponeret
935 2660 1094 2725 quae
1140 2642 1253 2704 vix
1289 2638 1584 2726 intellegi
1627 2646 1901 2724 possent.
1951 2639 2196 2720 Quibus
2233 2639 2389 2706 locis
2430 2642 2486 2703 si
2524 2640 2699 2704 favet
2714 2687 2731 2716 ,
2772 2640 2955 2725 quod

556 2767 740 2833 saepe
777 2747 884 2824 fit,
923 2749 1333 2832 antiquarum
1369 2746 1729 2812 editionum
1752 2748 2099 2832 scripturae
2126 2746 2323 2812 codex
2347 2749 2423 2824 A,
2448 2749 2583 2811 iam
2605 2747 2957 2810 restituen-

555 2855 715 2919 dum
761 2861 856 2919 est
902 2852 1072 2938 quod
1117 2853 1274 2918 olim
1319 2851 1621 2938 legebant
1666 2853 1937 2918 editores
1956 2903 1973 2930 ,
2020 2875 2181 2938 quos
2228 2853 2362 2917 dixi
2380 2873 2396 2930 ;
2468 2873 2673 2939 neque
2718 2873 2955 2917 omnes

553 2982 660 3026 eos
719 2960 891 3025 locos
953 2980 1119 3024 nunc
1182 2980 1304 3044 ego
1365 2959 1656 3025 indicabo
1676 3008 1692 3037 ‚
1742 2980 1895 3024 nam
1942 2981 2482 3044 supervacaneum
2528 2965 2645 3025 est.
2693 2957 2953 3026 Verum

554 3070 705 3153 quia
751 3065 1148 3131 Schmidtius
1167 3113 1183 3142 ‚
1231 3066 1298 3130 id
1345 3086 1540 3152 agens
1559 3115 1575 3143 ,
1628 3073 1701 3130 ut
1748 3073 2062 3152 quantum
2110 3073 2323 3151 posset
2362 3066 2593 3132 codicis
2632 3066 2686 3131 B
2723 3066 2959 3132 lectio-

555 3196 706 3240 nem
765 3179 1080 3250 servaret,
1131 3174 1522 3237 coniecturas
1571 3175 1706 3237 sive
1756 3194 1903 3238 suas
1948 3176 2084 3237 sive
2135 3172 2409 3238 aliorum
2456 3194 2581 3237 non
2631 3175 2756 3236 nisi
2803 3194 2957 3258 per-

553 3301 696 3346 raro
756 3281 992 3364 recepit
1051 3281 1119 3342 in
1181 3285 1433 3343 textum
1449 3327 1466 3356 ,
1531 3284 1873 3364 supersunt
1918 3278 2129 3344 multa
2176 3287 2309 3344 tam
2354 3280 2697 3344 verborum
2744 3299 2953 3364 quam

551 3385 1080 3470 interpunctionis
1139 3386 1300 3448 vitia
1316 3431 1334 3461 ,
1400 3405 1674 3469 quorum
1722 3383 2033 3469 quaedam
2078 3383 2355 3450 indicare
2404 3391 2467 3450 et
2490 3433 2507 3462 ,
2556 3387 2611 3448 si
2658 3387 2911 3469 possim
2930 3435 2950 3462 ,

555 3492 776 3558 tollere
826 3490 1115 3556 conabor.

645 3597 718 3662 In
766 3594 1069 3682 epistolae
1117 3616 1267 3661 suae
1306 3594 1562 3660 exordio
1605 3595 1881 3660 ornando
1922 3603 1987 3660 et
2024 3595 2402 3661 illustrando
2426 3598 2699 3682 scriptor
2720 3602 2949 3662 noster

551 3724 910 3791 anonymus
978 3703 1136 3766 dum
1206 3702 1510 3789 dignitati
1577 3702 1829 3778 studet,
1900 3704 2037 3787 ipse
2096 3703 2220 3767 sibi
2281 3702 2491 3767 fraudi
2556 3703 2719 3768 fuit:
2784 3723 2949 3769 nam

552 3831 702 3877 cum
761 3809 988 3895 longas
1051 3812 1392 3874 sententias
1455 3807 1673 3873 ordine
1737 3808 2077 3873 verborum
2138 3811 2392 3874 inverso
2456 3829 2686 3895 graves
2732 3815 2797 3874 et
2842 3831 2951 3876 so-

550 3938 735 3983 noras
794 3914 1052 3980 reddere
1117 3913 1346 3992 vellet,
1411 3914 1651 3990 effecit,
1700 3921 1777 3978 ut
1822 3935 1899 3980 ne
1944 3913 2189 3979 librarii
2235 3915 2496 4000 quidem
2540 3918 2695 3981 satis
2712 3964 2729 3993 ,
2780 3917 2947 4001 quid

551 4023 676 4089 sibi
745 4021 1086 4087 verborum
1155 4017 1268 4085 ille
1336 4021 1641 4105 strepitus
1709 4018 1907 4085 vellet
1922 4067 1939 4098 ,
2006 4019 2473 4107 intellegerent.
2534 4020 2658 4088 Sed
2720 4027 2945 4090 totum

548 4133 814 4198 initium
866 4127 1262 4192 describam:

639 4233 837 4315 (Edit.
886 4232 1181 4297 Schmidt
1227 4253 1290 4318 p.
1348 4231 1452 4296 13.
1486 4231 1549 4311 1)
1620 4229 1984 4308 ’Λξιολὸγου
2052 4232 2384 4308 διηγήσεως
2450 4229 2492 4298 ὦ
2559 4233 2947 4314 Φιλόκρατες

547 4341 681 4421 περὶ
744 4346 854 4412 τῆς
913 4339 1262 4415 γενηθείσης
1331 4338 1474 4414 ἡμῖν
1527 4337 1818 4416 ἐντυχίας
1870 4339 2011 4418 πρὸς
2062 4339 2433 4420 Ἐλεάζαρον
2479 4339 2581 4404 τὸν
2630 4347 2745 4404 τῶν
2790 4339 2951 4407 Ἰου-
3074 4399 3089 4410 .

549 4447 732 4514 δαίων
779 4446 1076 4526 ἀρχιερέα
1122 4443 1576 4522 συνεσταμένης
1600 4489 1617 4522 ‚
1668 4443 1769 4508 διὰ
1819 4445 1888 4508 τὸ
1937 4445 2009 4509 σὲ
2056 4447 2186 4525 περὶ
2240 4452 2471 4512 πολλοῦ
2522 4447 2895 4520 πεποιῆσθαι
2920 4499 2939 4530 ,
