3192 5009
1020 378 1107 427 An
1152 378 1503 428 merosum
1546 377 1881 427 8011810111.
2511 356 2640 423 211

239 546 519 612 Scilicet
577 552 822 612 veteres
884 545 1050 611 male
1097 544 1554 633 intellegebant
1597 544 1769 610 hunc
1809 542 2026 609 locum
2074 542 2494 607 Homericum
2512 588 2528 618 ,
2575 538 2644 605 id

242 652 436 739 quod
498 674 649 717 cum
707 650 963 718 aliunde
1022 657 1248 717 notum
1309 658 1406 718 est
1426 700 1442 730 ,
1492 654 1732 717 scimus
1778 652 1950 716 enim
1998 646 2316 715 Achillem
2362 644 2644 713 Patrocli
2755 736 2760 740 ν

246 766 619 825 amatorem
678 759 899 825 fecisse
960 757 1353 847 Aeschylum
1374 811 1391 841 ,
1441 765 1585 823 tum
1635 778 1713 824 ex
1761 756 2014 824 scholiis
2059 754 2420 822 luculenter
2462 774 2648 841 appa-

244 874 399 931 ret:
452 864 633 941 γενέη
679 866 1023 949 ὑπέρτεροι]
1072 868 1136 931 οὐ
1186 868 1359 942 λέγει
1410 860 1498 928 ὅτι
1548 876 1625 945 τῇ
1674 866 1911 942 γενέσει
1960 868 2068 927 σοῦ
2111 865 2272 927 ἔστιν
2313 861 2644 939 ὑπερέχων,

246 970 341 1037 ’ἶν’
410 968 445 1053 ᾗ
509 972 953 1050 πρεσβύτερος,
1017 969 1107 1041 ὥς
1173 995 1394 1041 τινες
1444 978 1590 1035 τῶν
1639 978 2046 1051 τραγικῶν
2097 972 2486 1046 ἥκουσαν,

248 1080 445 1142 ἀλλὰ
492 1079 699 1154 γένους
750 1076 920 1160 ἀξίᾳ.
970 1076 1192 1163 Itaque
1232 1077 1521 1152 ὁμηρικῶς
1564 1076 1744 1163 loqui
1783 1078 1905 1142 sibi
1943 1076 2281 1142 videbatur
2303 1071 2646 1160 Sophocles

246 1206 418 1251 cum
478 1183 609 1250 illis
668 1185 880 1250 verbis
898 1234 914 1262 ,
979 1205 1138 1271 quae
1184 1183 1566 1249 Plutarchus
1614 1183 1794 1250 affert
1810 1232 1826 1262 ,
1877 1182 2264 1271 significaret
2309 1188 2466 1246 natu
2513 1181 2648 1266 qui-

248 1293 415 1358 dem
474 1294 784 1357 maiorem
844 1313 910 1357 80
958 1312 1124 1369 0880,
1172 1291 1424 1356 Niciam
1470 1312 1621 1356 vero
1669 1293 2045 1356 auctoritate
2075 1288 2146 1370 l).
2211 1290 2299 1354 At
2344 1289 2646 1374 quoniam

246 1395 514 1463 Pericle
583 1400 921 1483 superstite
993 1404 1056 1462 01
1116 1396 1393 1484 collega,
1456 1395 1672 1462 Nicias
1737 1418 1860 1461 non
1923 1402 2170 1482 poterat
2234 1394 2360 1459 dici
2407 1400 2647 1459 ceteros

248 1509 589 1590 praetores
630 1506 1007 1569 auctoritate
1046 1506 1297 1569 vincere
1320 1552 1335 1580 ,
1380 1511 1642 1589 apparet
1681 1502 2012 1568 Plutarchi
2051 1504 2480 1567 narrationem
2521 1520 2646 1563 non

248 1612 582 1696 pertinere
650 1609 728 1674 ad
792 1616 1081 1695 tempora
1142 1608 1291 1675 belli
1354 1608 1654 1689 8811111’).
1720 1608 1894 1694 Ergo
1958 1609 2034 1674 de
2095 1629 2259 1673 anno
2305 1604 2517 1692 aliquo
2567 1625 2646 1671 ex

248 1713 422 1781 belli
482 1714 1000 1801 Peloponnesiaci
1062 1721 1242 1801 parte
1287 1718 1532 1801 priore,
1583 1736 1733 1781 cum
1781 1713 2055 1781 Pericles
2101 1722 2399 1780 mortuus
2444 1720 2644 1788 08801,

250 1820 651 1887 Plutarchus
712 1820 829 1886 1.1.
879 1820 1196 1908 loquitur3
1246 1824 1409 1887 infra
1457 1828 1712 1908 tempus
1759 1825 2118 1889 accuratius
2163 1820 2422 1887 definire
2469 1839 2647 1885 cona-

254 1930 507 1994 bimur.

356 2146 497 2212 Iam
546 2146 621 2213 de
669 2146 883 2213 fabula
924 2144 1255 2236 Antigona
1298 2150 1651 2215 videamus.
1693 2151 2172 2238 Argumentum
2212 2148 2438 2213 refert:
2481 2146 2641 2223 Φασὶ

254 2256 371 2318 τὸν
440 2257 766 2330 Σοφοκλέα
830 2254 1112 2331 ἦξιῶσθκι
1178 2263 1287 2326 τῆς
1352 2258 1412 2319 ἐν
1464 2257 1660 2335 zaim
1709 2258 2091 2333 στρατηγίας
2143 2256 2643 2325 εὐδοκιμήσαντα

256 2363 324 2423 ἐν
379 2370 457 2440 τῇ
507 2362 880 2445 διδασκαΛίᾳ
930 2370 1037 2433 τῆς
1087 2364 1466 2440 Ἀντιγόνης.
1516 2366 1809 2427 λέλεκται
1851 2362 1915 2428 δὲ
1955 2364 2022 2428 τὸ
2064 2362 2273 2438 δρᾶμα
2315 2348 2641 2436 τοῦτό-λῇ.

358 2464 668 2531 Videmus
714 2471 1245 2553 grammaticum,
1297 2472 1407 2555 qui
1453 2469 1608 2534 haec
1654 2470 1908 2547 scribit,
1954 2468 2183 2535 referre
2231 2490 2369 2534 rem
2408 2467 2484 2535 de
2520 2488 2646 2553 qua

254 2572 389 2637 sibi
459 2575 725 2637 minime
794 2580 1055 2639 constet.
1129 2572 1270 2639 Non
1333 2581 1580 2661 poterat
1641 2577 1849 2661 igitur
1908 2575 2174 2661 probare
2219 2594 2438 2639 veram
2487 2595 2642 2639 esse.

254 2678 389 2745 Sed
452 2700 655 2765 neque
718 2678 941 2745 falsam
1001 2703 1133 2747 esse
1195 2683 1460 2768 probare
1522 2686 1758 2768 potuit.
1831 2681 1998 2747 Nam
2055 2684 2110 2747 si
2157 2702 2234 2747 ex
2281 2688 2644 2767 temporum

254 2787 509 2851 ratione
576 2788 1005 2871 apparuisset,
1074 2798 1331 2874 poetam
1391 2809 1517 2853 non
1577 2792 1860 2874 potuisse
1921 2797 2279 2873 praetorem
2341 2788 2644 2852 adversus

254 2890 515 2957 Samios
578 2895 777 2956 creari
841 2893 918 2958 ob
970 2896 1357 2981 Antigonam
1405 2894 1691 2960 fabulam
1733 2914 1966 2981 magno
2012 2893 2234 2980 populi
2280 2895 2493 2959 favore
2543 2915 2645 2959 ex-

256 3006 553 3083 ceptam,
616 3002 1025 3083 grammatici
1068 3000 1519 3077 Alexandrini,
1567 3004 1679 3087 qui
1727 3000 1945 3066 sedulo
1992 3006 2299 3065 caverunt
2346 3022 2424 3066 ne
2471 3000 2645 3065 chro—

256 3102 524 3190 nologia
570 3108 812 3170 scenica
858 3126 1091 3191 susque
1133 3107 1331 3192 deque
1372 3107 1713 3172 haberetur
1750 3105 2263 3187 (Eratosthenem
2302 3112 2494 3193 puta,
2535 3103 2643 3171 vel

258 3212 796 3299 Aristophanem,
867 3214 1050 3278 cuius
1116 3235 1344 3279 nomen
1414 3214 1664 3279 fabulae
1736 3222 2116 3301 argumento
2178 3217 2642 3300 praescriptum

258 3325 411 3397 est),
476 3339 753 3383 errorem
816 3320 1093 3405 profecto
1157 3326 1335 3385 erant
1394 3321 1756 3386 indicaturi.
1807 3320 2027 3407 Itaque
2075 3319 2517 3396 ineluctabile,
2566 3327 2644 3385 ut

260 3424 431 3490 mihi
476 3424 735 3511 quidem
782 3425 1058 3504 videtur,
1108 3427 1415 3493 dilemma
1462 3428 1735 3494 obtinet:

356 3538 471 3596 aut
537 3530 949 3597 Alexandrini
1014 3535 1391 3620 ignorarunt
1457 3555 1697 3600 annum
1761 3554 1884 3620 quo
1946 3539 2087 3599 acta
2151 3538 2248 3599 est
2309 3530 2642 3618 Sophoclis

260 3637 623 3725 Antigona,

357 3750 470 3807 aut
530 3743 711 3808 brevi
775 3748 919 3809 ante
966 3743 1209 3810 bellum
1256 3744 1551 3811 Samium
1597 3752 1739 3811 acta
1785 3750 1881 3811 081
1931 3744 2086 3809 11800
2131 3742 2380 3821 fabula,
2428 3740 2521 3808 ita
2569 3747 2644 3807 ut

262 3847 437 3913 fama
496 3846 574 3914 de
635 3848 941 3935 Sophocle
1003 3851 1081 3915 ob
1146 3851 1451 3917 dramatis
1504 3853 1958 3937 praestantiam
2003 3855 2371 3936 praeturam
2415 3846 2644 3935 adepto

266 3974 382 4039 per
426 3962 791 4042 temporum
839 3962 1007 4022 certe
1053 3960 1327 4023 rationes
1370 3978 1521 4023 vera
1567 3979 1704 4024 esse
1750 3960 2055 4043 potuerit.

356 4060 540 4127 Prior
600 4070 815 4128 autem
878 4066 1229 4148 suppositio
1276 4066 1413 4129 veri
1458 4062 1792 4129 dissimilis
1838 4062 2113 4128 videtur.
2183 4060 2338 4127 Fuit
2384 4062 2645 4147 quidem

338 4308 387 4369 1)
418 4310 639 4359 &terum
674 4308 734 4359 cl.
772 4316 813 4359 Δ
832 4310 912 4361 ⁶0.

335 4388 391 4455 2)
426 4392 593 4442 Aliena
626 4392 779 4457 igitur
811 4394 924 4441 01181
958 4407 987 4441 a
1020 4390 1218 4441 00881110
1252 4393 1445 4450 nostro,
1490 4406 1612 4455 quae
1649 4390 1774 4456 apud
1809 4388 2123 4440 Plutarchum
2159 4404 2206 4453 p.
2242 4387 2368 4439 5941>
2401 4387 2644 4453 leguntur,

271 4472 390 4523 88110
425 4476 467 4523 N
474 4475 615 4525 iciam
653 4490 747 4523 8118
779 4490 889 4525 cum
924 4474 1107 4525 Pericle
1142 4474 1397 4539 aliquando
1432 4480 1659 4539 praetura
1692 4474 1911 4523 functum
1945 4488 2044 4523 0800
2078 4472 2295 4523 efficitur.
