3192 5009
475 264 605 331 150
1452 286 1863 334 sunnam-m.

557 449 632 514 In
676 448 749 517 Ο.
801 449 841 515 5
888 450 1211 517 Lucienus
1259 450 1412 517 dicit
1457 450 1591 515 εἰπέ
1641 474 1778 529 μοι,
1816 446 1859 515 ὦ
1898 448 2170 532 Κράτων,
2209 450 2418 534 [ταυτὶ
2460 449 2523 515 δὲ
2559 450 2662 514 καὶ
2701 448 2846 528 περὶ

465 557 768 638 ὀρχήσεως
834 558 938 621 καὶ
985 565 1101 621 τῶν
1148 558 1207 621 ἐν
1253 558 1336 639 τῷ
1381 556 1610 636 θεάτρῳ
1657 556 2032 641 γινομένων,]
2079 557 2214 623 ἰδὼν
2261 558 2564 629 πολλάκις
2613 556 2797 628 αὐτός
2823 606 2842 633 ,

467 663 799 749 ἐπιτιμᾷς,
862 666 896 739 ἢ
958 664 1291 741 άπείρατος
1355 664 1430 728 ὧν
1491 668 1600 728 τοῦ
1659 663 1971 740 θεάματος
2018 658 2178 739 ὅμως
2226 663 2482 744 αἰσχρὸν
2530 664 2683 730 αὐτὸ
2729 662 2839 727 καὶ

466 772 942 849 κατάπτυστον,
1007 771 1081 841 ὥς
1148 770 1307 849 Φῆς,
1374 767 1670 848 νομίζεις;
1738 773 1807 834 in
1873 770 2102 855 quibus
2164 770 2356 837 verba
2403 770 2588 835 ταυτὶ
2639 816 2842 835 .....

466 876 794 956 γινομένων
856 875 1050 942 sciolo
1112 876 1324 942 deberi
1384 874 1567 941 facile
1635 876 1798 940 mibi
1861 875 2134 941 dabitur.
2181 874 2634 963 Magistellmn
2677 896 2850 941 arro-

462 991 693 1076 ganter
751 984 1178 1071 explicantem
1244 982 1463 1049 audire
1528 983 1693 1048 mihi
1737 984 1990 1049 videor:
2039 986 2250 1069 Atque
2297 985 2367 1049 id
2414 984 2675 1069 quidem
2719 983 2848 1049 Lu-

462 1097 682 1160 cianus
742 1113 869 1158 non
916 1089 1127 1155 solum
1173 1089 1247 1155 de
1295 1093 1435 1175 ipsa
1479 1088 1813 1155 saltatione
1861 1096 2047 1177 rog-at
2091 1091 2202 1156 sed
2250 1094 2450 1157 etiam
2495 1091 2572 1157 de
2618 1092 2844 1159 ceteris

463 1220 625 1287 quae
668 1201 735 1263 in
782 1198 1031 1263 theatro
1080 1194 1219 1260 fieri
1264 1194 1487 1260 solent.

550 1305 628 1370 In
690 1302 762 1372 O.
812 1301 852 1368 9
918 1300 1183 1372 πολλοὺς
1245 1300 1309 1366 δὲ
1373 1301 1475 1365 καὶ
1544 1298 1773 1372 ἄλλους
1839 1308 1957 1367 τῶν
2022 1302 2214 1378 ἥρω’ων
2261 1304 2453 1370 εἰπεῖν
2505 1300 2666 1383 ἔχων
2711 1310 2836 1369 τοῖς

463 1412 673 1481 αὐτοῖς
749 1405 1385 1487 ἐγγεγυμνασμένους
1459 1406 1565 1471 καὶ
1636 1406 1863 1485 τέχνην
1926 1408 1994 1473 τὸ
2059 1411 2335 1486 πρᾶγμα
2397 1406 2838 1485 πεποιημένους

464 1515 670 1583 ίκανὸν
718 1518 994 1594 ἠγοῦμαι
1032 1514 1134 1578 τὸν
1178 1512 1633 1590 Νεοπτόλεμον,
1676 1511 2025 1595 Ἀχιλλέως
2064 1514 2177 1591 μὲν
2217 1515 2420 1580 παῖδα
2459 1514 2630 1593 ὄντα,
2673 1516 2840 1579 πάνυ

464 1624 529 1689 δὲ
598 1622 1033 1701 διαπρέψαντα
1104 1617 1165 1681 ἔν
1225 1627 1301 1698 τῇ
1368 1620 1700 1698 ὄρχηστικῦ
1765 1620 1869 1683 καὶ
1935 1616 2088 1691 εἶδος
2154 1624 2223 1683 τὸ
2293 1621 2629 1685 κάλλιστον
2675 1622 2836 1701 αὐτῇ

472 1726 983 1809 προστεθεικότα,
1054 1726 1401 1806 [Πυρρίχιον
1452 1727 1563 1787 άπ·
1612 1725 1802 1789 αὑτοῦ
1851 1726 2269 1809 κεκλημένον]
2331 1726 2601 1812 Expelle
2645 1730 2850 1793 mani-

471 1835 716 1901 festum
760 1834 1423 1915 interpretamentum.

552 1940 628 2006 In
673 1937 743 2007 G.
798 1936 882 2003 18
927 1937 978 2001 εί
1028 1939 1115 2011 μη
1164 1932 1441 2014 πρότερον
1492 1936 1826 2014 ὀρχήσαιτο
1877 1936 1980 2001 καὶ
2023 1938 2107 2019 τῷ
2145 1940 2438 2018 σχήματι
2483 1942 2842 2013 ἀπειλήσειε
2881 1940 2886 1945 ’

471 2048 574 2113 καὶ
641 2042 1127 2123 προεκφοβήσειε
1189 2044 1291 2123 [τῇ
1361 2042 1652 2125 ὀρχήσει]
1702 2041 1803 2105 τὸν
1851 2044 2159 2120 πολέμιον.
2213 2043 2418 2110 Verba
2463 2056 2540 2127 τῇ
2590 2046 2840 2127 δρχῆσει

468 2156 625 2241 quin
670 2151 951 2217 insiticia
995 2151 1123 2212 sint
1166 2167 1355 2212 nemo
1402 2148 1740 2213 dubitabit.

551 2259 628 2324 In
674 2255 744 2324 Ο.
795 2254 883 2319 20
930 2244 997 2325 ἣν
1045 2252 1095 2316 οί
1140 2252 1574 2328 εὐγενέστατοι
1623 2254 1825 2317 αὐτῶν
1871 2256 1954 2333 τῷ
2005 2256 2494 2338 πολεμικωτάτῳ
2539 2263 2657 2321 τῶν
2697 2258 2842 2323 θεῶν

457 2368 637 2449 ’Λρει
698 2364 750 2428 ol
812 2359 1027 2424 Σάλιοι
1079 2359 1443 2433 καλούμενοι
1494 2396 1577 2406 -
1625 2358 1967 2440 [ἱερωσύνης
2018 2361 2080 2425 δὲ
2127 2366 2306 2427 τοῦτο
2353 2361 2544 2440 ὄνομα
2595 2368 2712 2447 -]
2757 2364 2848 2443 θρ-

464 2476 725 2555 χοῦνται
776 2463 1161 2540 σεμνοτάτην
1206 2486 1274 2527 τε
1324 2460 1467 2537 ἅμα
1514 2464 1618 2528 καὶ
1668 2464 2020 2543 ἱερωτάτην.
2081 2465 2338 2553 Optime
2387 2473 2848 2556 interpretatur

472 2580 583 2664 qui
627 2572 963 2657 adscripsit
980 2618 998 2647 ,
1048 2568 1155 2635 sed
1200 2571 1267 2632 in
1316 2571 1606 2655 margine
1652 2578 1787 2634 erat
1831 2570 2342 2657 relinquendum.

550 2682 627 2747 In
674 2676 745 2746 G.
795 2674 881 2743 25
930 2675 959 2741 ὃ
1008 2674 1337 2752 Σωκράτης
1388 2722 1403 2737 .
1432 2722 1447 2738 .
1477 2722 1491 2737 .
1522 2722 1537 2737 .
1589 2675 1734 2753 παρ’
1787 2676 2032 2758 ἑταίρας
2082 2680 2367 2756 γυναικὸς
2417 2682 2525 2745 οὐκ
2571 2679 2838 2757 ἀπηξίου

461 2783 786 2853 σπουδαῖόν
832 2807 891 2846 τι
939 2779 1177 2846 άκούειν
1225 2782 1363 2863 [τῆς
1416 2777 1828 2865 Ἀσπασίας]
1879 2782 2216 2852 Emblema
2260 2792 2337 2852 ut
2375 2808 2562 2874 saepe
2610 2791 2848 2853 vitiosa

462 2894 808 2961 verborum
855 2887 1309 2972 compositione
1356 2884 1429 2949 fit
1474 2886 1908 2969 manifestum.

549 2997 625 3063 In
685 2993 755 3063 G.
806 2991 891 3059 34
956 2992 1087 3057 οὐδὲ
1151 2990 1277 3068 γὰρ
1341 2992 1523 3054 έκεῖνο
1587 2993 1656 3055 τὸ
1723 2994 1978 3069 Φρύγιον
2041 3006 2151 3068 τῆς
2197 2998 2506 3078 ὀρχήσεως
2556 2996 2720 3071 εἶδος
2772 3001 2842 3066 τὸ

462 3106 758 3185 παροίνιον
830 3097 932 3163 καὶ
1003 3095 1377 3172 συμποτικὸν
1438 3098 1634 3178 [μετὰ
1698 3098 1882 3172 μέθης
1939 3102 2351 3187 γιγνόμενον]
2419 3105 2647 3172 Nescio
2696 3110 2841 3193 quis

459 3212 655 3277 verba
698 3227 859 3294 quae
904 3202 1255 3289 ableganda
1300 3204 1519 3267 notavi
1567 3202 1726 3268 olim
1772 3211 2214 3293 superscripsit
2259 3210 2338 3275 ad
2387 3211 2838 3298 explicandum

461 3315 615 3404 quid
662 3318 827 3379 esset
874 3310 1179 3391 ὀρχήσεως
1232 3303 1383 3377 εἶδος
1436 3309 1832 3382 συμποτικόν.

550 3420 625 3485 In
670 3418 891 3485 eodem
938 3412 1160 3499 Capite
1206 3411 1450 3498 legitur
1496 3415 1595 3476 καὶ
1649 3413 1775 3492 γὰρ
1821 3415 1849 3477 ὁ
1900 3417 2162 3482 Πλάτων
2211 3421 2270 3484 ἐν
2311 3430 2435 3493 τοῖς
2479 3424 2712 3501 Νόμοις
2752 3426 2840 3491 τά

463 3526 575 3607 μέν
624 3549 760 3589 τινα
810 3520 937 3593 εἷδη
987 3521 1231 3584 ἐπαινεῖ
1272 3518 1502 3589 ταύτης
1526 3566 1541 3593 ,
1584 3518 1698 3583 ubi
1746 3540 2010 3587 manum
2058 3524 2332 3592 alienam
2379 3531 2573 3595 verba
2615 3532 2676 3595 ἐν
2719 3540 2847 3603 τοῖς

464 3634 692 3709 Νόμοις
754 3628 1095 3693 inseruisse
1141 3628 1316 3707 puto.
1364 3620 1425 3685 N
1428 3642 1507 3685 on
1554 3630 1650 3687 est
1695 3623 2084 3694 Lucianeum
2131 3634 2448 3701 eiusmodi
2494 3640 2702 3723 operis
2751 3642 2850 3703 in-

466 3739 729 3804 dicium.

553 3844 630 3909 In
691 3838 761 3908 G.
812 3834 896 3903 3¹7
959 3832 1235 3899 Τιτάνων
1284 3830 1527 3913 μάχην,
1579 3834 1720 3904 Διὸς
1768 3838 2064 3917 γέννησιν,
2113 3842 2286 3912 Ῥέας
2337 3846 2614 3928 ἀπάτην,
2671 3852 2842 3916 λίθου

466 3946 795 4027 ὑποβολήν,
841 3940 1052 4019 Κρόνου
1092 3936 1331 4011 δεσμά,
1375 3935 1476 3999 τὸν
1524 3938 1641 4001 τῶν
1687 3946 1856 4014 τριῶν
1904 3942 2191 4024 ἀδελφῶν
2240 3958 2479 4025 κλῆρον.
2529 3953 2690 4022 Vide
2739 3977 2850 4023 an-

465 4078 588 4124 non
644 4056 773 4118 sint
818 4048 982 4113 λίθου
1034 4040 1343 4117 ὑποβολήν
1392 4040 1734 4107 verborum
1780 4048 1952 4117 Ῥέας
2000 4052 2251 4128 ἀπάτην
2309 4059 2844 4147 interpretamen-

466 4170 611 4229 tum
654 4168 844 4243 atque
894 4172 965 4217 eo
1014 4144 1325 4213 reicienda
1372 4146 1537 4211 unde
1586 4146 1812 4232 pedem
1855 4153 2228 4223 intulerunt.

554 4266 631 4331 In
683 4261 753 4331 O.
806 4257 891 4324 63
940 4254 1265 4334 ὠρχήσατο
1318 4252 1425 4323 τὺν
1472 4250 1832 4330 ’ΛΦΡθδῖτης
1879 4260 1982 4321 καὶ
2017 4264 2232 4341 ’Λρεος
2275 4271 2590 4350 μοιχείαν,
2625 4274 2848 4341 Ἥλιον

465 4372 772 4453 μηνύοντα
834 4364 938 4429 καὶ
997 4358 1348 4437 ’Ἥφαιστον
1396 4356 1872 4433 έπιβουλεύοντα
1921 4367 2022 4429 καὶ
2073 4379 2198 4442 τοῖς
2245 4374 2490 4453 δεσμοῖς
2546 4380 2850 4463 dumont-
