3192 5009
616 907 730 997 IN
787 906 1459 998 CALLIMACHI
1527 906 2001 997 HYMNUM
2059 907 2203 997 IV.

1275 1112 1524 1155 sempsn·

1105 1216 1715 1332 K.KU1PER

1189 1570 1590 1606 ψ-

333 1830 624 1918 Hymnus
686 1830 1065 1899 Callimachi
1123 1831 1191 1895 in
1260 1827 1497 1895 Delum
1516 1877 1532 1906 ,
1583 1831 1696 1915 qui
1738 1831 1807 1893 in
1854 1828 2431 1897 Callimacheorum
2479 1852 2607 1897 car-

261 1940 485 2002 minum
528 1938 746 2005 ordine
791 1938 1048 2003 turbato
1095 1957 1263 2000 nuno
1312 1944 1614 2020 quartum
1655 1936 1899 2001 obtinet
1934 1935 2150 2003 locum
2167 1987 2184 2015 ‚
2222 1957 2371 2003 cum
2411 1936 2609 2003 'Pheo-

261 2046 382 2108 criti
439 2048 722 2111 encomio
785 2050 864 2125 (c.
913 2040 1122 2123 XVII)
1185 2044 1279 2106 ita
1345 2044 1645 2107 convenit
1663 2091 1679 2120 ‚
1737 2048 1815 2106 ut
1858 2042 2023 2107 nulli
2068 2043 2291 2109 lectori
2338 2044 2606 2109 dubium

259 2149 542 2227 videatur,
598 2154 752 2236 quin
813 2148 1092 2215 alterum
1135 2155 1392 2233 poetam
1439 2148 1602 2213 alter
1647 2151 1733 2212 sit
1774 2152 2089 2215 imitatus.
2141 2150 2337 2215 Locos
2383 2150 2611 2216 descri-

261 2255 383 2321 bere
419 2257 646 2343 quibus
683 2257 790 2321 hic
825 2254 925 2320 illi
961 2253 1253 2341 exemplo
1293 2254 1488 2319 fuerit
1527 2256 1798 2319 minime
1840 2277 1999 2341 opus
2038 2261 2169 2333 est,
2212 2277 2363 2321 nam
2386 2277 2609 2322 01111188

260 2367 483 2425 norunt.
523 2360 896 2427 Theocritus
934 2366 1012 2425 ut
1050 2359 1391 2426 celebraret
1429 2362 1704 2447 patriam
1744 2359 2151 2446 Philadelphi
2190 2360 2377 2427 finxit
2401 2361 2609 2430 Coum

260 2466 598 2535 Ptolemaeo
644 2490 860 2535 recens
907 2475 1056 2533 nato
1101 2467 1594 2554 applaudentem
1614 2515 1630 2545 ,
1680 2474 1745 2532 et
1788 2466 2136 2553 puerulum
2159 2469 2317 2533 dum
2342 2469 2611 2557 amplec-

263 2577 400 2640 titur
441 2576 544 2641 1118
593 2576 806 2641 verbis
851 2573 1239 2639 salutantem
1285 2578 1402 2653 (vs.
1456 2571 1570 2652 66)

504 2682 720 2761 »ὄλβιε
771 2685 942 2757 κοῦρε
990 2684 1220 2751 γένοιο·
1271 2683 1421 2749 τίσις
1471 2678 1532 2743 δέ
1584 2703 1667 2755 με
1717 2678 1952 2757 τόσσον,
2002 2675 2133 2745 ὅσον
2182 2705 2293 2763 περ

503 2792 710 2852 Δᾶλον
763 2788 1057 2861 {vlumus
1105 2785 1531 2864 κυανάμπυκα
1582 2783 1802 2862 Φοῖβος
1854 2787 2178 2849 Ἀπόλλων
2226 2786 2411 2851 κτλ.”

262 2890 458 2959 deinde
522 2900 741 2959 autem
811 2914 936 2959 vss.
989 2890 1254 2958 76—94
1303 2893 1554 2978 copiose
1603 2890 1858 2956 disserit
1901 2891 1979 2955 de
2023 2894 2296 2977 imperio
2345 2892 2611 2980 Lagida-

259 3018 415 3077 rum,
485 3005 686 3065 terras
748 3004 1083 3065 enumerat
1100 3046 1116 3075 ‚
1165 2998 1551 3081 urbiumque
1600 2998 1721 3060 tria
1767 2995 1955 3061 milia
2001 3003 2315 3063 trecentas
2364 3005 2493 3064 tres
2544 3006 2610 3065 et

261 3105 502 3189 triginta
548 3111 795 3183 cantat,
845 3125 1006 3190 quae
1053 3106 1114 3169 ei
1161 3107 1293 3167 sint
1339 3103 1506 3167 dicto
1555 3102 1905 3169 audientes.

335 3206 753 3277 Callimachus
799 3231 984 3288 ver0,
1034 3212 1179 3295 qui,
1229 3210 1524 3295 quamvis
1573 3210 1690 3279 τὰς
1734 3208 2033 3285 μεγάλας
2078 3208 2341 3288 βίβλους
2384 3211 2609 3290 oderit,

261 3314 316 3377 in
371 3316 628 3403 hymnis
691 3319 962 3382 minime
1032 3316 1338 3381 brevitati
1405 3314 1656 3391 studet,
1728 3316 1797 3377 in
1858 3316 2137 3379 carmine
2200 3336 2314 3381 suo
2332 3365 2348 3395 ,
2412 3324 2488 3382 ut
2547 3323 2613 3383 et

263 3420 548 3507 Apollinis
593 3423 919 3489 maiestati
957 3427 1022 3487 et
1058 3423 1369 3510 gravitati
1405 3422 1802 3508 hymnorum
1844 3422 2218 3500 satisfaciat,
2245 3424 2451 3489 fusius
2473 3446 2611 3491 rem

267 3532 498 3595 tractat:
549 3528 860 3595 Latonam
904 3527 1057 3593 facit
1103 3530 1503 3593 oberrantem
1550 3549 1665 3613 per
1704 3524 2042 3593 Graeciam
2060 3577 2077 3605 ‚
2126 3534 2191 3593 81
2239 3532 2436 3595 tantis
2482 3552 2613 3597 am-

265 3628 508 3719 bagibus
554 3632 856 3701 Graeciae
879 3636 1168 3720 regiones
1193 3639 1652 3720 pervagantem
1672 3639 1748 3697 ut
1770 3636 2023 3699 mireris
2045 3634 2173 3699 fere
2199 3634 2367 3701 docti
2390 3643 2611 3721 poetae

265 3738 318 3799 in
349 3742 736 3829 geographia
770 3739 1264 3827 neglegentiam.
1308 3738 1478 3804 Tum
1501 3760 1615 3825 per
1635 3739 1876 3828 Aegaei
1899 3742 2095 3804 maris
2118 3740 2359 3806 insulas
2380 3751 2615 3829 vagata

266 3863 392 3909 cum
454 3846 714 3912 tandem
783 3844 1120 3931 aliquando
1191 3845 1308 3911 dea
1375 3864 1731 3931 praegnans
1801 3844 1880 3910 ad
1949 3866 2129 3910 oram
2190 3843 2304 3912 Coi
2366 3848 2613 3916 insulae

266 3951 552 4037 appellere
614 3956 684 4017 111
750 3955 964 4017 animo
1028 3952 1253 4030 habet,
1315 3950 1489 4017 filius
1536 3954 1605 4016 in
1649 3954 1877 4016 matris
1924 3958 2106 4017 utero
2158 3952 2612 4030 ,,ὑποκόλπιος”

265 4060 616 4124 vaticinatus
634 4107 650 4137 ,
700 4057 1071 4143 obloquitur
1115 4057 1270 4123 haec
1318 4058 1566 4123 dicens:

1447 4164 1578 4241 »μή
1624 4162 1701 4227 σύ
1748 4187 1827 4241 7⁸
1872 4170 2069 4245 μῆτερ

776 4284 852 4359 τῇ
899 4295 982 4349 με
1029 4270 1222 4343 τέκοις
1231 4316 2035 4335 ........
2042 4268 2081 4295 ”

273 4375 356 4449 »ei
392 4380 559 4445 enim
601 4376 852 4445 insulae
895 4377 1060 4441 alius
1105 4398 1186 4443 ex
1229 4376 1378 4443 fatis
1427 4378 1574 4441 deus
1622 4374 1959 4442 debetur’'.
