3192 5009
1206 329 1290 375 nr.
1337 329 1605 377 wmarus
1651 329 1947 378 nomme.
2630 307 2759 376 377

389 489 542 555 finis
604 494 878 556 exterior
941 495 1076 558 eius
1133 492 1256 558 loci
1302 493 1426 558 alio
1473 494 1659 560 modo
1706 499 2009 560 constitui
2056 500 2120 560 et
2167 497 2541 580 conspicuus
2588 493 2764 558 reddi

385 595 666 678 solebat,
737 617 896 683 quae
956 619 1056 663 res
1115 601 1255 684 ipsa
1313 599 1462 664 huic
1509 598 1646 665 loco
1694 605 1947 688 propria
1994 607 2058 666 et
2104 622 2141 666 a
2186 601 2452 686 reliquis
2498 599 2759 684 templis

387 701 602 768 aliena
639 711 773 769 erat
789 753 805 782 ,
853 705 950 786 ibi,
990 708 1163 769 enim
1209 711 1493 770 aratrum
1537 708 2132 773 circumducebatur
2179 713 2244 772 et
2289 707 2504 772 sulcus
2548 693 2761 772 fiebat.

383 807 790 876 Caerimonia
875 812 1068 876 aratri
1145 812 1661 878 circumducendi
1738 814 1865 879 fere
1929 814 2099 880 idem
2161 812 2416 880 valebat
2475 815 2545 877 in
2606 813 2761 904 urbe

383 915 744 992 condenda,
811 916 978 1002 quod
1038 920 1107 981 in
1171 918 1434 1003 reliquis
1498 919 1785 985 locorum
1846 920 2443 1007 inaugurationibus
2509 918 2763 984 valebat

383 1025 772 1089 caerimonia
818 1023 1047 1109 templi
1091 1027 1358 1090 minoris
1406 1025 1695 1090 faciendi.

483 1127 556 1193 V.
606 1127 714 1194 De
761 1128 942 1194 loco
990 1130 1345 1194 effand0.

485 1234 702 1300 Minus
763 1237 960 1300 etiam
1021 1256 1212 1321 quam
1276 1237 1350 1302 de
1417 1240 1866 1304 terminatione
1883 1287 1900 1317 ,
1950 1239 2025 1303 de
2092 1240 2475 1304 caerimonia
2536 1235 2762 1302 effandi

384 1342 474 1407 ab
538 1342 899 1407 auctoribus
962 1342 1274 1408 traditum
1319 1350 1432 1408 est.
1481 1345 1780 1410 Primum
1827 1353 2085 1431 apparet
2106 1395 2121 1422 ,
2171 1345 2341 1430 quod
2386 1342 2629 1429 templa
2673 1343 2763 1406 di-

380 1454 612 1514 cantur
672 1449 880 1534 effari,
945 1448 1012 1513 id
1070 1470 1196 1513 non
1263 1453 1512 1536 proprie
1573 1451 1654 1516 ad
1713 1455 1853 1536 ipsa
1920 1451 2159 1537 templa
2177 1501 2193 1529 ,
2259 1450 2365 1516 sed
2413 1451 2492 1516 ad
2540 1470 2761 1514 eorum

381 1555 544 1620 fines
591 1559 846 1619 tantum
893 1557 1238 1641 pertinere,
1288 1576 1438 1620 cum
1483 1577 1579 1620 res
1626 1577 1663 1620 a
1710 1563 1888 1642 parte
1926 1557 2005 1622 ad
2045 1563 2255 1623 totum
2293 1555 2599 1622 translata
2635 1557 2755 1619 sit:

478 1660 655 1727 Varr.
703 1661 816 1728 1.1.
869 1659 930 1726 6.
959 1659 1079 1726 53:
1133 1661 1350 1739 „effari
1389 1661 1629 1748 templa
1674 1661 1972 1729 dicuntur
2018 1664 2095 1728 ab
2144 1663 2530 1750 auguribus,
2579 1660 2760 1726 effan-

377 1775 496 1832 tur
541 1770 651 1853 qui
696 1769 764 1831 in
809 1768 910 1832 his
955 1767 1109 1833 fines
1155 1769 1371 1832 sunt''.

477 1872 716 1938 Deinde
785 1872 937 1958 quid
984 1873 1731 1960 significetyocabulum
1771 1875 1982 1960 effari,
2024 1875 2301 1941 ostendit
2338 1873 2565 1940 Festus
2607 1893 2754 1960 pag.

379 1975 517 2044 157
578 1978 734 2064 (vid.
797 2000 968 2064 supr.
1035 2001 1182 2066 pag.
1235 1977 1428 2064 375),
1494 1983 1606 2065 qui
1664 1983 1725 2044 ei
1787 1979 2091 2046 vocabulo
2138 1981 2476 2046 substituit
2522 1980 2758 2044 formu-

373 2087 518 2152 lam
579 2087 773 2151 hanc:
841 2089 1072 2163 „certis
1133 2087 1343 2152 verbis
1406 2087 1729 2151 definire''.
1796 2125 1879 2134 —
1943 2085 2229 2172 Denique
2295 2085 2585 2152 nonnulli
2631 2084 2754 2150 loci

377 2193 499 2257 ubi
546 2191 622 2257 de
671 2192 793 2255 loco
829 2193 984 2254 muri
1022 2213 1228 2257 sermo
1270 2198 1399 2270 est,
1442 2193 1696 2270 docent,
1736 2197 1803 2258 in
1840 2193 2135 2259 formulis
2177 2194 2409 2278 quibus
2446 2194 2565 2258 hoc
2600 2199 2756 2257 tem-

377 2297 570 2386 plum
617 2297 878 2363 effatum
923 2303 1086 2362 esset
1131 2319 1252 2362 non
1305 2297 1515 2362 solum
1562 2301 1954 2364 mentionem
2002 2299 2233 2364 factam
2282 2321 2417 2365 esse
2458 2299 2533 2364 de
2570 2296 2757 2362 lineis

377 2403 706 2490 templum
776 2405 1298 2482 terminantibus,
1363 2404 1469 2469 sed
1532 2407 1729 2469 etiam
1787 2405 1861 2470 de
1920 2405 2075 2471 locis
2136 2404 2519 2490 quibusdam
2577 2409 2755 2469 extra

381 2509 706 2595 templum
769 2512 930 2574 sitis.
998 2509 1171 2576 Haec
1231 2509 1398 2586 loca,
1464 2515 1777 2594 quatenus
1840 2533 2047 2576 sermo
2095 2519 2189 2576 est
2236 2510 2311 2576 de
2357 2512 2493 2577 1000
2543 2513 2715 2574 1111111
2736 2558 2752 2586 ,

378 2622 563 2681 erant
607 2616 684 2680 ab
731 2618 1033 2680 interiore
1081 2622 1259 2702 parte
1309 2615 1590 2682 aedificia
1637 2618 1877 2682 urbana
1896 2667 1911 2694 ,
1955 2619 2032 2683 ab
2074 2621 2382 2683 exteriore
2421 2637 2571 2682 vero
2614 2617 2755 2701 agri

377 2720 759 2787 adiacentes.
804 2720 1223 2786 Manifestum
1270 2729 1487 2787 autem
1535 2729 1632 2786 est
1650 2772 1666 2800 ,
1718 2727 1773 2788 si
1822 2726 1963 2808 quis
2010 2724 2358 2789 describere
2397 2721 2559 2788 velit
2598 2721 2753 2786 fines

377 2826 656 2892 alicuius
717 2827 873 2902 loci,
939 2835 1002 2892 et
1064 2828 1141 2892 ob
1205 2849 1346 2892 eam
1407 2849 1665 2893 causam
1712 2829 1909 2894 simul
1956 2833 2194 2915 partim
2241 2829 2551 2895 describat
2600 2828 2753 2892 fines

375 2932 666 2998 locorum
715 2931 1140 2998 adiacentium
1159 2981 1176 3010 ,
1224 2934 1378 3000 haec
1419 2955 1667 3020 quoque
1708 2937 1893 3020 effata
1934 2936 2059 3000 dici
2096 2957 2280 3022 posse
2298 2985 2314 3013 ,
2356 2935 2574 3000 eodem
2614 2937 2753 2998 11110

379 3061 509 3125 quo
569 3043 708 3127 ipsa
773 3039 1030 3125 templa.
1095 3039 1170 3103 In
1230 3040 1368 3106 loco
1431 3044 1603 3106 muri
1670 3041 1907 3106 effando
1954 3051 2170 3108 autem
2218 3045 2359 3128 agri
2404 3041 2756 3106 adiacentes

378 3153 696 3232 quantum
757 3146 893 3211 fieri
952 3152 1198 3233 poterat
1256 3148 1603 3211 nominatim
1649 3155 1723 3213 ut
1768 3147 2024 3214 videtur
2074 3149 2598 3235 percensebantur
2616 3196 2631 3224 ,
2680 3159 2755 3210 ut

381 3273 456 3317 eo
517 3252 765 3318 facilius
812 3259 1294 3340 cognosceretur
1341 3259 1579 3318 tractus
1626 3254 1854 3319 finium
1899 3254 2021 3320 loci
2066 3258 2438 3341 inaugurati
2483 3260 2548 3319 et
2593 3256 2755 3317 situs

379 3361 839 3423 terminorum:

473 3463 650 3528 Varr.
699 3463 811 3529 1.1.
841 3464 900 3529 6.
931 3464 1050 3529 53:
1103 3486 1420 3551 „augures
1469 3465 1662 3530 finem
1709 3471 2141 3553 auspiciorum
2191 3467 2535 3533 caelestum
2574 3471 2753 3532 extra

380 3569 607 3636 urbem
665 3573 735 3654 (i.
799 3592 852 3636 e.
918 3571 1111 3635 finem
1158 3575 1540 3638 exteriorem
1587 3576 1889 3658 pomerii)
1959 3577 2195 3659 agris
2259 3581 2453 3638 sunt
2500 3572 2752 3637 effati

380 3677 495 3741 ubi
542 3678 766 3742 esset''.

473 3781 644 3847 Hinc
705 3786 844 3870 agri
906 3783 1042 3848 loco
1090 3787 1261 3848 muri
1309 3785 1580 3850 confines
1630 3785 1785 3850 dicti
1836 3790 1985 3850 sunt
2032 3787 2167 3866 aqri
2214 3787 2419 3870 effati,
2470 3789 2535 3850 et
2579 3783 2753 3849 locus

377 3893 557 3954 muri
606 3895 777 3954 totus
827 3894 923 3954 est
967 3890 1134 3954 intra
1179 3914 1384 3972 ayrum
1432 3892 1715 3977 effatum:

471 3994 650 4061 Serv.
700 3997 856 4061 Aen.
910 3993 1161 4062 6.197:
1211 4000 1462 4084 proprie
1512 3999 1698 4082 effata
1744 4005 1893 4062 sunt
1932 4018 2255 4084 augurum
2296 4019 2541 4084 preces;
2585 3997 2750 4062 unde

376 4124 532 4189 ager
593 4109 736 4188 post
795 4105 1077 4188 pomeria
1137 4105 1481 4168 vocabatur
1542 4103 1765 4169 effatus
1786 4153 1801 4182 ,
1863 4105 1974 4169 ubi
2021 4105 2435 4189 captabantur
2482 4106 2753 4190 auguria

375 4208 543 4291 (scil.
585 4229 621 4272 3
659 4209 1143 4295 magistratibus
1186 4215 1364 4274 extra
1402 4211 1631 4275 urbem
1668 4211 2161 4295 auspicantibus,
2203 4211 2515 4276 MnemOS.
2556 4207 2749 4274 1890.

383 4315 467 4382 18
515 4335 660 4401 pag.
711 4315 839 4379 241
891 4315 1030 4380 adn.
1083 4315 1216 4394 2)”.

472 4419 636 4489 Gen.
693 4419 795 4486 13.
829 4421 996 4486 14.1
1039 4429 1100 4503 (0
1138 4421 1488 4504 Messall.):
1531 4425 1936 4510 „pomerium
1975 4431 2070 4490 est
2111 4423 2286 4489 locus
2327 4427 2497 4489 intra
2519 4443 2749 4510 agrum
