3192 5009
485 180 571 249 10
1471 182 1885 256 sermome.

1116 374 1255 466 ‘'Iv'
1304 400 1633 477 α’γαλλιῶν
1678 402 1739 466 δὲ
1788 400 1979 483 τέχνη

1204 512 1652 594 κεκαρανμένν
1698 518 1980 594 reamque

1203 616 1404 696 σέβας
1452 617 1629 683 εἰκόνι
1678 621 2003 701 προσοίσω,

1206 722 1454 801 γόνατα
1502 723 1793 805 δραμοιμι
1841 724 2134 807 κάμψαι,

481 850 643 917 quae
690 835 909 917 aperta
953 833 1106 895 sunt
1155 834 1221 893 et
1268 828 1481 895 facilia
1526 828 1876 896 intellectu.

574 952 734 1018 Post
779 952 1110 1038 stropham
1155 928 1270 1031 A,
1317 955 1424 1019 cui
1467 974 1664 1019 suum
1698 951 1914 1019 locum
1952 952 2141 1020 modo
2176 952 2567 1019 reddidimus
2587 1002 2603 1031 ‚
2646 955 2853 1039 se‘qui-

485 1070 594 1129 tur
637 1063 810 1150 apud
853 1062 1302 1151 Matrangam:

1123 1162 1342 1256 Μετὰ
1391 1185 1635 1266 καρδίης
1686 1184 1749 1250 δὲ
1797 1184 2059 1265 πλήρους

1207 1297 1597 1376 κατανύξεως
1644 1300 1907 1364 ἀνελθὼν

1206 1400 1486 1485 ὑπερώιον
1532 1407 1759 1482 θεῶμαι

1203 1510 1493 1589 κάλαμον
1538 1512 1820 1590 σπόγγον
1867 1534 1938 1576 τε
1983 1511 2252 1592 λόγχην.

481 1616 601 1683 Est
644 1616 943 1684 videlicet
984 1616 1150 1683 illud
1197 1619 1454 1698 ὑπερῷον
1507 1618 1567 1683 ἐν
1612 1620 1696 1698 τῷ
1742 1615 2115 1698 manas-4542.
2171 1615 2476 1684 Ceterum
2520 1617 2858 1707 vulgatam

481 1723 790 1791 ferremus
808 1772 826 1803 ,
879 1725 936 1790 si
980 1726 1074 1791 ita
1118 1726 1188 1789 in
1235 1722 1464 1791 Codice
1509 1724 1835 1812 legeretur
1847 1745 1866 1804 3
1914 1745 2145 1790 verum
2188 1727 2258 1789 in
2302 1745 2377 1790 eo
2423 1729 2558 1791 est:

1203 1830 1430 1896 ἄνόλθω
1483 1868 1570 1880 -
1622 1833 1873 1910 θεοῦμαι

1116 1934 1405 2014 κάλαμος
1455 1937 1739 2016 σπόγγος
1789 1962 1860 2003 τε
1903 1937 2141 2018 λόγχη.

488 2042 856 2109 Necessario
902 2046 970 2109 in
1010 2043 1243 2109 ultimo
1280 2066 1473 2110 versu
1510 2046 1984 2110 nominativum
2021 2063 2242 2109 casum
2280 2064 2529 2110 servare
2552 2042 2855 2110 debemus

487 2156 552 2215 et
601 2151 852 2228 θεοῦμαι
900 2172 1027 2216 non
1072 2150 1249 2215 ducit
1296 2151 1374 2216 ad
1418 2154 1687 2229 θεῶμαι,
1736 2170 1887 2215 nam
1934 2172 2122 2215 nemo
2168 2170 2480 2235 umquam
2518 2152 2608 2215 sic
2645 2152 2858 2236 potuit

484 2276 708 2321 errare.
757 2256 816 2319 A
861 2254 1164 2322 facilitate
1212 2260 1613 2323 correctionis
1660 2256 2089 2323 commendari
2134 2258 2402 2342 poterit:

1106 2353 1326 2447 Μετὰ
1374 2377 1619 2458 καρδίης
1667 2378 1730 2444 δὲ
1778 2379 2042 2459 πλήρους

1205 2489 1594 2567 κατανύξεως
1642 2490 1873 2556 α’νὲλθω

1205 2596 1484 2676 ὑπερῷον,
1533 2591 1618 2661 οὗ
1664 2596 1935 2673 θέαμα

1203 2701 1492 2779 κάλαμος
1538 2702 1823 2780 σπόγγος
1869 2727 1942 2768 τε
1993 2703 2229 2781 λόγχη.

485 2804 730 2872 Ultimo
767 2827 957 2872 versu
995 2809 1233 2873 vitium
1271 2811 1615 2874 metricum
1656 2813 1754 2874 est
1770 2858 1786 2887 ,
1828 2809 1996 2894 quod
2033 2812 2221 2894 poeta
2254 2811 2367 2873 vix
2389 2812 2597 2876 vitare
2620 2811 2855 2896 potuit,

483 2914 553 2976 in
597 2912 904 2979 vocabulo
953 2913 1236 2991 σπόγγος
1256 2937 1272 2952 ·
1323 2920 1548 2999 quarta
1596 2917 1772 2980 enim
1817 2913 2064 3002 syllaba
2111 2918 2179 2981 in
2224 2916 2697 2981 Anacreonticis
2742 2935 2858 3001 per

484 3019 799 3085 anaclasin
865 3025 1172 3105 perpetuo
1246 3023 1608 3106 corripitur,
1682 3019 1850 3085 unde
1912 3024 1980 3085 in
2042 3021 2146 3086 his
2206 3020 2539 3086 versiculis
2586 3043 2713 3086 non
2758 3025 2857 3087 est

485 3122 664 3188 locus
746 3126 950 3190 tribus
1016 3125 1226 3212 longis
1297 3124 1562 3213 syllabis
1634 3148 1768 3193 sese
1838 3130 2317 3213 excipientibus.
2406 3126 2723 3193 Similiter
2788 3130 2859 3191 in

481 3232 773 3314 proxima
837 3231 1097 3319 stropha
1155 3230 1398 3317 aliquid
1457 3238 1643 3319 poeta
1703 3233 1826 3297 sibi
1886 3231 2075 3299 licere
2138 3234 2394 3319 putavit
2437 3236 2507 3298 in
2553 3232 2858 3301 vocabulo

482 3336 836 3414 βασιλικὴν,
900 3357 1024 3421 quo
1073 3341 1282 3402 tamen
1331 3341 1399 3404 in
1446 3338 1566 3404 hoc
1612 3343 1993 3426 argumento
2040 3339 2355 3404 abstinere
2404 3360 2528 3404 non
2572 3345 2857 3425 poterat,

484 3446 739 3508 etiamsi
776 3446 1059 3508 metrum
1095 3464 1221 3508 non
1259 3444 1453 3509 ferret
1490 3448 1693 3509 trium
1716 3445 2013 3509 brevium
2036 3442 2433 3530 syllabarum
2454 3465 2855 3511 concursum.

483 3549 770 3615 Eandem
831 3550 911 3615 ob
971 3570 1230 3614 causam
1247 3598 1264 3627 ‚
1327 3556 1403 3615 ut
1465 3550 1743 3628 videtur,
1802 3550 2032 3616 offendi
2078 3571 2207 3615 non
2255 3550 2559 3616 debemus
2602 3573 2699 3619 vs.
2746 3550 2855 3629 81,

481 3660 664 3722 cuius
708 3655 1105 3742 dactylicum
1150 3661 1434 3721 metrum
1482 3662 1615 3721 est:

1109 3763 1624 3842 προβατικῆς
1674 3763 1869 3840 οὶγίας
1920 3760 2100 3828 ἔνδοθι
2149 3763 2383 3842 βαίνω,

486 3890 877 3955 quamquam
921 3868 1060 3934 fieri
1106 3873 1349 3954 potest,
1397 3874 1475 3935 ut
1510 3869 1604 3934 ibi
1640 3874 1860 3956 parata
1892 3871 2082 3935 venia
2118 3872 2203 3934 sit
2220 3917 2238 3948 ‚
2280 3872 2335 3933 si
2375 3869 2634 3955 quidem
2672 3876 2862 3957 poeta

485 3978 620 4041 sine
667 3974 860 4041 dubio
906 3978 1392 4062 pronunciavit:
1441 3998 1489 4039 π
1508 3998 1538 4055 ρ
1556 3998 1584 4040 ο
1603 4000 1636 4040 υ
1655 3999 1697 4038 α
1716 3999 1753 4039 τ
1771 3999 1789 4039 ι
1808 4002 1844 4041 κ
1862 3984 1897 4051 ἥ
1916 4001 1970 4048 ς.

575 4096 654 4162 In
699 4099 957 4184 stropha
1000 4072 1070 4166 Ξ
1116 4097 1392 4163 offendor
1434 4103 1662 4183 quarto
1709 4119 1934 4164 versu:
1985 4094 2228 4175 κατέβη
2269 4099 2447 4178 χαρὰ
2485 4099 2631 4163 θεοῖο
2649 4146 2666 4176 ,
2706 4119 2859 4164 nam

485 4231 612 4275 non
671 4208 858 4274 video
920 4212 1032 4294 qui
1093 4208 1372 4295 Spiritus
1438 4215 1693 4274 sanctus
1754 4233 1866 4292 χα
1885 4234 1914 4289 ρ
1933 4210 1975 4274 ὰ
2040 4211 2188 4274 θεοῖο
2254 4208 2381 4275 dici
2425 4212 2658 4295 possit3
2710 4231 2863 4276 vera

485 4334 798 4417 scriptura
833 4329 1090 4396 videtur
1134 4354 1186 4410 χ
1201 4330 1246 4395 οὶ
1264 4354 1330 4410 pt
1353 4355 1382 4401 ς
1429 4333 1597 4395 θεοῖο.
1648 4328 1724 4394 In
1764 4331 2024 4417 stropha
2068 4306 2161 4397 Π
2212 4353 2336 4397 non
2375 4330 2669 4417 intelligo
2708 4331 2864 4417 quid
