3192 5009
587 261 719 327 308
1619 278 1938 328 nonnitus.

859 445 963 510 καὶ
1011 445 1255 528 ξίφεσιν
1302 447 1644 524 μεγάλοισι
1692 446 1796 510 καὶ
1850 447 2109 526 ἔγχεσιν
2156 446 2591 527 άμΦιγύνοισι.

856 551 1071 616 πολλὰ
1118 552 1180 616 δὲ
1226 553 1547 634 φάσγανα
1594 552 1767 618 καλά
1816 553 2175 630 μελάνδετα
2225 555 2552 628 κωπήεντα

859 657 1034 724 ἄλλα
1073 662 1187 738 μὲν
1230 660 1299 724 ἐκ
1338 667 1554 740 χειρῶν
1593 659 1882 740 χαμάδις
1925 660 2132 740 πέσον,
2173 659 2348 725 ἄλλα
2398 661 2448 725 δ’
2489 660 2622 725 oe'ae'
2665 659 2886 737 ὤμων

862 765 1083 845 άνδρῶν
1132 764 1557 845 μαρναμένων.

585 873 885 937 Primum
928 879 1005 936 ut
1054 872 1181 937 tela
1228 895 1356 938 non
1402 873 1610 960 gladii
1654 876 1724 937 in
1769 881 2006 940 terram
2054 873 2338 939 decidere
2381 873 2692 950 dicantur,
2737 893 2976 957 expun-

585 1001 739 1066 gere
800 1001 1052 1045 necesse
1118 985 1215 1045 est
1263 1000 1525 1045 versum
1575 980 1790 1044 πολλά
1838 981 1899 1045 δὲ
1952 980 2271 1060 Φάσγανα
2318 979 2450 1044 κτὲ.
2499 979 2701 1044 Poeta
2741 980 2976 1044 verosi-

586 1085 829 1150 militer
868 1086 986 1150 hoc
1024 1085 1230 1150 dicere
1270 1085 1512 1164 voluit,
1556 1086 1774 1150 hastas
1794 1134 1812 1164 ,
1853 1083 2064 1165 ἔγχεα
2104 1086 2438 1167 άμφὶγυα,
2477 1087 2716 1170 partim
2739 1083 2976 1148 frustra

588 1194 852 1256 emissas
915 1191 1145 1269 fuisse,
1194 1193 1433 1276 partim
1477 1191 1765 1256 hostium
1809 1191 2176 1276 corpu-ibus
2223 1192 2521 1256 haesisse.
2571 1190 2715 1256 Hoc
2761 1195 2864 1256 est
2907 1187 2975 1252 il-

586 1296 703 1361 lud
747 1297 917 1382 quod
966 1296 1346 1362 describitur
1395 1308 1454 1362 A
1484 1295 1655 1364 572:

861 1400 1036 1466 άλλα
1086 1402 1199 1480 μὲν
1246 1404 1304 1467 ἐν
1355 1403 1540 1468 σάκεϊ
1582 1403 1854 1483 μεγάλῳ
1905 1404 2116 1482 πάγεν
2161 1401 2387 1484 ὄρμενα
2435 1399 2711 1481 πρόσσω,

863 1509 1075 1572 πολλὰ
1124 1508 1185 1572 δὲ
1234 1509 1335 1572 καὶ
1384 1509 1716 1588 μεσσηγὺ,
1766 1510 1956 1588 καρὸς
2005 1508 2170 1588 χρόα
2219 1509 2435 1574 λευκὸν
2483 1511 2768 1587 ἐπαυρεῖν

864 1614 922 1677 ἐν
970 1615 1127 1694 γαίῃ
1174 1613 1385 1684 ἵςαντο
1435 1615 1806 1692 λιλαιόμενα
1854 1616 2028 1697 χροὸς
2080 1609 2252 1680 άσαι.

589 1719 759 1783 Hinc
806 1715 1214 1786 commendo:
1264 1718 1438 1786 ἄλλα
1489 1722 1539 1787 δ
1588 1721 1937 1801 ἑπηῢρον
1985 1758 2072 1768 -
2121 1718 2342 1801 άνδρῶν
2380 1719 2807 1844 μαρναμένων.
2877 1716 2975 1782 Sic

592 1825 757 1890 λίθου
806 1827 1091 1906 ἕπαυρειν
1139 1833 1237 1892 est
1285 1836 1344 1890 Ψ
1372 1827 1526 1892 340.

683 2045 910 2112 XLIV.
976 2045 1377 2134 Quicumque
1424 2050 1648 2134 ignem
1691 2049 1894 2113 ferens
1943 2046 2021 2111 ad
2067 2065 2260 2111 naves
2307 2046 2672 2124 accedebat,
2727 2055 2783 2110 Ο
2814 2042 2970 2111 ’745;

865 2153 967 2218 τὸν
1016 2153 1069 2218 δ
1116 2154 1274 2227 Αἴας
1326 2154 1591 2220 οὔτασκε
1643 2153 2003 2231 δεδεγμένος
2053 2151 2245 2233 ἔγχει
2287 2157 2537 2234 μακρῷ·

868 2260 1100 2324 δώδεκα
1150 2261 1209 2326 δὲ
1257 2263 1620 2341 προπάροιθε
1671 2268 1809 2326 νεῶν
1856 2260 2242 2340 αὐτοσχεδὸν
2289 2256 2504 2325 οὖτα.

594 2365 656 2431 Ν
658 2387 739 2431 on
788 2369 941 2431 satis
987 2368 1107 2432 hoc
1145 2374 1276 2446 est,
1325 2367 1663 2433 duodecim
1711 2370 1885 2432 enim
1932 2368 2148 2432 hostes
2195 2366 2549 2444 interfecit,
2601 2365 2631 2429 ἔ
2647 2391 2686 2430 κ
2704 2389 2825 2430 τα.
2883 2362 2971 2431 Cf.

602 2484 653 2538 Σ
700 2473 853 2538 230.

692 2675 886 2743 XLV.
936 2677 1031 2742 De
1071 2677 1264 2744 Peleo
1304 2684 1369 2744 et
1406 2677 1730 2744 Menoetio
1771 2685 1920 2743 sunt
1957 2675 2228 2742 Achillis
2265 2675 2346 2742 ad
2383 2673 2762 2741 Patroclum
2796 2674 2978 2741 verba

600 2794 655 2848 Π
687 2783 801 2849 16;
876 2787 995 2848 τῶν
1040 2810 1109 2848 κε
1156 2784 1317 2861 μάλ’
1366 2785 1852 2865 άμφοτέρων
1901 2784 2302 2864 ἀκαχοίμεθα
2349 2783 2714 2860 τεθνηώτων,

598 2890 769 2975 quod
828 2893 923 2955 ita
972 2889 1218 2956 dictum
1266 2897 1364 2956 est
1414 2894 1596 2977 quasi
1639 2893 1708 2954 in
1755 2889 1905 2954 fatis
1953 2895 2119 2956 esset
2138 2938 2154 2967 ‚
2205 2895 2283 2953 ut
2327 2890 2514 2954 ambo
2561 2910 2745 2954 senes
2792 2883 2976 2954 simul

599 3003 1014 3074 morerentur,
1086 2997 1241 3062 adeo
1311 3002 1387 3061 ut
1456 2996 1722 3061 alterius
1792 3017 1964 3061 mors
2033 3003 2309 3061 mortem
2345 2995 2642 3070 =alterius
2715 3003 2857 3082 post
2915 3012 2976 3073 sc

599 3105 898 3168 traheret.
974 3102 1098 3168 Sed
1142 3103 1424 3170 Achilles
1468 3105 1758 3190 graviter
1803 3103 2054 3168 laturus
2104 3108 2200 3168 est
2245 3107 2525 3168 mortem
2570 3101 2882 3169 Menoetii
2921 3105 2979 3164 et

597 3210 931 3276 Patroclus
978 3209 1187 3288 Pelei,
1238 3210 1405 3296 quod
1456 3210 1886 3276 obtinebimus
1931 3211 2050 3274 hoc
2097 3209 2322 3274 modo:

878 3323 995 3381 τῶν
1043 3341 1111 3380 κε
1158 3317 1318 3394 μάλ’
1368 3318 1411 3380 ά
1428 3317 1806 3399 μφοτέρω
1855 3316 2256 3395 ἀκαχοίμεθα
2301 3316 2660 3392 τεθνηώτων.

697 3533 924 3600 XLVI.
988 3533 1223 3601 Omnes
1267 3535 1709 3621 improbamus
1755 3533 1996 3613 οὐρανὸν
2045 3529 2509 3610 εἰσανιδών,
2559 3530 2729 3616 quod
2776 3524 2980 3595 11232

605 3643 934 3706 invenitur
998 3649 1063 3707 et
1130 3651 1199 3706 Ω
1228 3640 1380 3719 307,
1430 3663 1545 3707 nec
1592 3641 1880 3705 multum
1926 3638 2161 3704 arridet
2205 3637 2654 3702 Bentleianum
2703 3637 2978 3716 εἰσορόων.

608 3747 928 3834 Equidem
975 3751 1368 3833 scripserim:
1421 3749 1660 3826 οὐρανὸν
1711 3744 1918 3809 ἄντα
1969 3743 2102 3809 Ξδώ
2126 3769 2172 3808 ν.
2225 3741 2750 3816 Confertemodo
2789 3753 2830 3807 Ρ
2860 3735 2978 3806 526

608 3855 761 3920 ἀλλ’
810 3847 837 3918 ὃ
886 3857 998 3932 μὲν
1046 3855 1212 3920 ἄντα
1253 3855 1386 3920 ἰδὼν
1430 3853 1698 3930 ἠλεύατο
1738 3853 2016 3932 χάλκεον
2054 3849 2285 3930 ἔγχος,
2329 3861 2372 3914 Ρ
2407 3849 2538 3914 334
2576 3847 2734 3926 ἔγνω
2762 3848 2980 3913 ἐσάντα

610 3961 765 4038 ιδών,
837 3959 1026 4027 ε217
1093 3963 1177 4033 εις
1243 3959 1406 4026 ἄντα
1471 3960 1738 4037 ιδέσθαι,
1805 3957 1979 4022 alibi.
2045 3957 2260 4020 Possis
2319 3975 2572 4040 quoque
2623 3954 2864 4032 αιθέρ“
2909 3951 2978 4020 ἐς

612 4065 654 4129 ά
674 4090 702 4128 ν
722 4090 819 4130 τα
878 4066 1009 4132 ἰδώ
1028 4092 1077 4130 ν.
1146 4065 1385 4131 Utrum
1432 4066 1696 4151 probem
1742 4083 1972 4148 anceps
2017 4063 2279 4138 haere0‚
2329 4059 2442 4126 sed
2485 4059 2718 4126 videtis
2763 4075 2984 4176 correc-

611 4174 807 4236 tlonis
854 4172 1250 4238 facilitatem.

704 4374 965 4441 XLVII.
1014 4378 1311 4443 Advertit
1355 4399 1459 4444 me
1508 4389 1561 4444 Π
1592 4376 1725 4444 310
1771 4377 1942 4460 ῥῆξεν
1980 4375 2033 4442 δ’
2060 4373 2224 4448 δςεθν
2274 4374 2567 4457 ἔγχος,
2615 4389 2766 4442 nam
2801 4364 2981 4440 modo
