3192 5009
557 283 688 349 334
1484 301 1996 350 rnnornnasrrs.

553 467 860 544 βούλεταί
921 492 991 533 τε
1055 470 1157 532 καὶ
1225 468 1521 535 ἐπίςαται
1587 467 1851 539 νομίσειε
1914 467 2277 545 δηλοῦσθαι,
2320 466 2358 534 δ’
2397 493 2466 532 τε
2515 466 2754 548 ἄπειρος
2800 468 2961 536 §ew

551 571 596 637 ἃ
639 575 742 638 καὶ
783 573 1257 654 πλεοναζεσθαι,
1299 574 1400 638 διὰ
1441 573 1677 663 φθόνον,
1718 572 1777 638 εί
1812 597 1872 636 τι
1915 574 2060 649 ὑπὲρ
2102 575 2211 650 τὴν
2246 578 2467 642 ἑαυτοῦ
2492 575 2682 653 Φύσιν
2705 573 2961 639 ἀκούοι.

641 679 803 745 Ibid.
830 681 1192 757 γράμματα
1221 717 1308 728 --
1335 680 1603 756 λέγοντα
1633 680 2082 757 παραγίνεσθαι
2124 705 2165 742 α
2188 681 2221 744 ῦ
2240 682 2370 744 τὸν
2410 683 2493 752 είς
2520 682 2955 746 Μακεδονίαν.

547 783 823 872 Supple:
876 789 944 867 (ὦ
969 794 1025 866 ς)
1077 788 1347 852 αὐτόν.

639 891 802 958 Ibid.
863 895 966 957 καὶ
1034 900 1231 957 ποσῶν
1301 894 1433 958 καθ’
1489 892 1816 969 ἑξακοσίας
1866 892 1967 956 καὶ
2014 892 2185 956 κατὰ
2233 897 2399 969 μνᾶν
2446 894 2551 957 καὶ
2602 895 2955 974 προστιθεὶς

549 1000 808 1068 πιθανῶς
876 999 1114 1069 ἓκοέςοις
1177 999 1402 1064 τούτων
1465 998 1741 1072 ὀνόματα
1810 1006 2059 1071 ποιῆσαι
2108 998 2241 1062 καὶ
2289 997 2441 1062 δέκα
2494 999 2808 1064 τάλαντα.
2860 999 2957 1064 In

549 1109 832 1170 numeris
895 1107 998 1172 hic
1060 1105 1303 1191 aliquid
1349 1106 1685 1170 turbatum
1725 1104 1850 1168 fuit
1898 1110 1963 1168 et
2010 1124 2243 1190 parum
2286 1105 2544 1190 prodest
2592 1127 2743 1171 cum
2786 1106 2957 1172 Rib—

549 1211 774 1277 beckio
815 1216 1164 1299 corrigere:
1208 1212 1309 1275 καὶ
1351 1219 1548 1275 ποσῶν
1587 1209 1917 1284 ἑξακοσίας
1962 1210 2133 1275 κατὰ
2174 1214 2335 1288 μνᾶν
2365 1249 2453 1260 -
2482 1211 2739 1281 ἑκάς-αις
2778 1212 2951 1288 πετὲ,

551 1339 703 1382 nam
769 1322 914 1404 quis
980 1321 1143 1385 serio
1215 1318 1428 1382 credat
1488 1320 1558 1382 in
1620 1337 1695 1381 ea
1757 1320 2235 1402 computatione
2282 1324 2613 1384 sexcentos
2660 1317 2951 1384 calculos

553 1424 750 1489 fuisse
811 1425 1126 1489 adhibitos
1187 1430 1252 1489 et
1297 1423 1569 1489 totidem
1618 1425 1879 1488 nomina
1925 1425 2181 1509 propria
2226 1423 2374 1488 ficta
2420 1445 2459 1490 a
2503 1423 2782 1510 glorioso
2829 1425 2953 1488 ho-

553 1533 728 1596 mine
797 1531 994 1596 fuisse
1063 1528 1352 1616 prolata?
1439 1528 1611 1594 Satis
1680 1536 1897 1593 tamen
1966 1534 2213 1594 constat
2282 1529 2735 1617 corrigendum
2802 1551 2951 1595 esse

553 1644 806 1708 ποιῆσαι
853 1639 894 1699 ὦ
915 1663 942 1706 ς
995 1635 1142 1700 δέκα
1189 1637 1482 1698 τάλαντα
1504 1683 1518 1711 ,
1569 1656 1683 1700 nec
1729 1637 2091 1700 coniunctio
2130 1655 2280 1700 cum
2321 1633 2694 1702 Gasaubono
2736 1635 2951 1703 elimi-

552 1741 758 1806 nanda
803 1748 920 1807 est.

645 1845 798 1933 Cap.
849 1847 959 1912 24.
1011 1847 1458 1927 ὑπερηφανίας.

646 1953 750 2016 καὶ
801 1950 868 2018 εὖ
913 1953 1172 2024 ποιήσας
1217 1954 1683 2030 μεμνῆσθαι
1732 1952 2021 2031 mazeum.
2070 1951 2210 2018 Imo
2262 1954 2867 2030 μεμνήσεσθαι.

643 2058 804 2124 Ibid.
867 2061 1090 2134 ἀμέλει
1155 2059 1218 2124 δὲ
1282 2060 1385 2123 καὶ
1453 2058 1844 2139 λογιζόμενος
1898 2059 2039 2138 πρός
2089 2083 2228 2124 τινα
2274 2062 2357 2138 τῷ
2408 2059 2585 2124 παιδὶ
2634 2059 2951 2137 συντάξαι

553 2167 669 2232 τὰς
733 2168 980 2246 ψήφους
1045 2166 1360 2230 διωθεῖν
1409 2167 1510 2230 καὶ
1562 2165 1912 2243 κεφάλαιον
1960 2169 2281 2239 ποιήσαντι
2330 2167 2581 2245 γράψαι
2632 2168 2803 2246 αὐτῷ
2860 2168 2951 2235 εἷς

555 2273 760 2349 λόγον.
833 2271 1000 2352 Quid
1069 2279 1166 2338 est
1236 2270 1502 2336 διωθεῒνὶ)
1575 2273 1812 2338 Ussinx
1881 2273 2248 2358 respondet:
2318 2275 2653 2350 „traiicere
2668 2293 2685 2349 ;
2764 2272 2949 2337 abaci

555 2382 727 2444 enim
747 2427 762 2454 ,
793 2380 862 2442 in
901 2379 1132 2463 quibus
1172 2376 1446 2444 calculos
1485 2379 1801 2444 ducebant
1841 2381 2122 2464 antiqui,
2167 2377 2359 2444 sulcis
2400 2380 2701 2443 instructi
2726 2385 2949 2456 erant,

551 2506 666 2571 per
734 2506 893 2569 quos
964 2483 1190 2549 calculi
1253 2484 1740 2550 movebant-ur”.
1812 2485 1955 2550 Non
2014 2485 2179 2550 mihi
2242 2483 2589 2570 persuadeo
2660 2483 2950 2548 traiicere

553 2590 659 2656 vel
723 2592 1041 2654 subducere
1109 2612 1420 2676 umquam
1487 2611 1524 2656 a
1594 2613 1917 2677 quoquam
1980 2594 2204 2656 διωθεῖν
2266 2593 2549 2677 potuisse
2616 2590 2775 2667 dici,
2824 2611 2949 2656 nec

551 2700 766 2784 magis
811 2698 1045 2762 arridet
1086 2698 1428 2762 Astianum
1467 2699 1709 2776 διαθεῖν,
1750 2701 1855 2763 cui
1884 2698 2284 2780 percurrendi
2325 2698 2555 2762 tribuit
2578 2699 2943 2762 notionem.

551 2803 716 2868 Rem
779 2804 959 2868 nobis
1019 2824 1330 2888 ponamus
1389 2811 1536 2868 ante
1585 2803 1817 2869 oculos.
1870 2803 1987 2868 Est
2034 2824 2191 2890 puer
2239 2824 2433 2888 quem
2480 2801 2947 2868 calculatorem

551 2913 684 2976 sive
749 2931 786 2974 a
843 2911 1194 2974 rationibus
1256 2909 1526 2975 Romani
1587 2910 2021 2995 appellabant,
2091 2907 2318 2976 Graeci
2380 2910 2795 2988 διαψηφιςήν,
2862 2911 2947 2974 cf.

555 3013 829 3082 Coraeus
891 3037 950 3101 p.
1005 3015 1156 3080 302.
1221 3014 1346 3079 Hic
1407 3036 1567 3101 puer
1627 3016 1887 3080 iubetur
1934 3015 2207 3081 calculos
2254 3017 2569 3099 disponere
2615 3021 2947 3099 (opzemn)

549 3124 618 3185 in
664 3121 854 3186 abaco
872 3170 889 3196 ‚
939 3119 1194 3204 qualem
1243 3119 1721 3206 Marquardfius
1772 3121 2103 3206 descripsit
2152 3143 2226 3186 eo
2272 3120 2409 3186 loco
2458 3143 2653 3206 quem
2698 3121 2945 3186 Ussinx

551 3229 838 3312 apposite
883 3225 1192 3290 laudavit.
1242 3225 1385 3291 Non
1432 3227 1743 3292 dissimile
1790 3233 1886 3292 est
1933 3227 2101 3312 quod
2151 3227 2318 3312 apud
2352 3226 2725 3293 Iuvenalem
2762 3230 2947 3292 inve-

551 3337 728 3397 nitur
775 3331 866 3396 IX
918 3332 1042 3396 40:
1094 3339 1365 3414 ponatur
1425 3332 1709 3398 calculus
1728 3381 1744 3411 ,
1808 3333 2017 3398 adsint
2080 3353 2231 3397 cum
2292 3332 2511 3398 tabula
2556 3335 2738 3418 pueri
2758 3381 2774 3409 ,
2824 3355 2947 3398 nu-

553 3460 730 3504 mera
787 3441 1077 3504 sestertia
1137 3440 1435 3524 quinque.
1501 3439 1640 3504 Iam
1703 3437 1869 3503 illud
1932 3439 2263 3524 disponere
2327 3438 2645 3524 quomodo
2694 3435 2943 3504 Graece

552 3541 840 3610 dicetur?
888 3543 1088 3612 Credo
1136 3543 1443 3608 διαθεῖν
1465 3569 1580 3622 αι,
1631 3548 1821 3610 sicuti
1868 3548 1935 3608 in
1982 3548 2217 3610 vicinia
2264 3567 2318 3609 c.
2370 3543 2457 3609 23
2503 3544 2731 3610 itidem
2778 3543 2943 3632 legi-

549 3659 690 3716 tur:
743 3657 1035 3715 κελεῦσαι
1077 3655 1262 3715 θεῖναι
1304 3651 1418 3720 τὰς
1459 3655 1731 3728 ψήφους.
1781 3650 2176 3716 Admirabile
2214 3656 2312 3716 est
2344 3650 2670 3716 tantulum
2694 3653 2937 3718 vitium

549 3779 662 3843 per
707 3761 804 3822 tot
849 3755 1100 3822 saecula
1145 3779 1271 3822 non
1299 3759 1601 3841 'potuisse
1651 3759 1904 3843 corrigi.

641 3861 796 3947 Gap.
846 3860 954 3928 27.
1003 3862 1362 3940 ὀψιμαθίας.

645 3967 757 4032 κᾶν
845 3991 959 4030 που
1031 3969 1220 4047 κληθῇ
1281 3968 1368 4040 εἷς
1423 3973 1816 4047 “Ηρακλεῒον,
1896 3970 2080 4046 ῥίψας
2146 3969 2213 4031 τὸ
2288 3967 2535 4044 ἱμάτιον
2605 3968 2709 4032 τὸν
2779 3969 2933 4046 βοῦν

549 4077 965 4155 αἱρεῖσθαι
1031 4073 1126 4138 ἵνα
1191 4075 1564 4152 τραχηλίσῃ.
1632 4073 1759 4140 Hic
1804 4074 2021 4140 haeret
2070 4073 2341 4138 Ussinx:
2391 4073 2540 4150 βοῦν
2590 4076 2930 4150 αἱρεῖσθαι·

545 4167 1043 4268 interpretantur
1089 4179 1329 4246 scilicet
1373 4182 1566 4244 bovem
1614 4203 1915 4262 capessere
1934 4233 1949 4264 ,
2001 4181 2134 4244 bovi
2180 4203 2415 4243 manum
2470 4180 2721 4244 iniicere
2738 4229 2755 4258 ‚
2822 4183 2931 4246 sed

548 4292 901 4355 rectissime
961 4285 1218 4353 offendit
1281 4308 1430 4352 eum
1491 4287 1669 4353 verbi
1731 4287 1944 4352 media
2008 4287 2231 4352 forma.
2282 4285 2611 4352 Perfacilis
2658 4294 2757 4354 est
2804 4307 2935 4354 cor-

549 4399 780 4461 rectio:
832 4393 1276 4457 αἰτεῖσθαι.
