3192 5009
1262 291 1620 338 muamus,
2503 271 2634 337 283

301 479 431 526 nam
468 455 762 522 desiderat
807 477 1069 521 cursum
1120 459 1369 522 certum
1417 456 1494 521 ab
1541 454 1731 521 Italia
1777 451 2114 521 Graeciam
2158 475 2400 521 versus.
2448 455 2641 541 Apud

302 562 616 650 Vergilium
663 583 913 648 quoque
960 561 1099 628 loco
1147 583 1340 647 quem
1391 561 1868 627 consideramus
1913 567 2157 627 torrens
2196 561 2273 626 de
2310 562 2639 627 montibus

302 676 444 734 certo
496 671 702 756 agitur
760 668 1032 734 decursu
1094 689 1167 733 eo
1236 671 1417 754 quasi
1463 667 1729 734 consilio
1777 673 1852 732 ut
1899 668 2122 734 eodem
2171 673 2382 734 tractu
2427 671 2641 735 omnia

302 797 485 841 secum
524 778 745 861 rapiat.

372 881 563 946 Etiam
605 879 846 947 Tibulli
894 880 1021 946 duo
1068 879 1196 946 loci
1242 879 1585 946 discrimen
1635 885 1852 965 aperte
1899 879 2262 946 ostendunt.

298 985 389 1065 IV,
436 988 486 1066 1,
514 985 592 1054 72
669 989 860 1070 Quum
904 987 1149 1051 canibus
1196 987 1442 1050 rabidae
1487 985 1650 1050 inter
1676 987 1865 1071 freta
1913 987 2172 1051 sorberet
2217 987 2413 1050 undae

2226 1089 2639 1179 (Charybdis)

294 1197 399 1263 Sed
436 1197 663 1264 ibidem
718 1197 884 1264 193:

651 1305 776 1368 Pro
821 1312 879 1368 te
925 1305 1023 1369 vel
1069 1305 1326 1386 rapidus
1372 1303 1564 1368 ausim
1611 1302 1796 1367 marie
1845 1303 1938 1367 ire
1972 1325 2092 1386 per
2135 1305 2349 1367 undas.

364 1411 551 1496 Atque
592 1411 697 1476 hic
744 1409 1003 1475 Horatii
1048 1409 1229 1476 locus
1276 1413 1476 1476 ctiam
1523 1409 1918 1476 adjectivum
1960 1409 2215 1494 rapidus
2253 1411 2434 1476 nobis
2473 1431 2640 1476 com-

286 1515 509 1581 mendat
550 1514 583 1580 1
626 1514 761 1581 Sat.
819 1515 923 1593 10,
978 1514 1064 1580 62

1986 1623 2234 1686 Etrusci

703 1727 896 1810 Quale
922 1727 1075 1813 fuit
1129 1727 1298 1792 Casei
1342 1726 1641 1810 rapido
1668 1728 2026 1813 sementim
2069 1728 2233 1792 amm'

702 1833 1040 1914 Inqenium.

274 1937 427 2004 Nam
460 1942 513 2004 si
547 1939 795 2003 rabidae
830 1960 1110 2024 usquam
1148 1937 1401 2004 flumini
1440 1939 1709 2026 adiungi
1745 1945 1977 2026 posset,
2019 1941 2125 2006 hic
2163 1947 2331 2006 certe
2371 1945 2430 2007 ei
2459 1941 2638 2009 locus

278 2045 497 2111 fuisset.
558 2044 685 2111 Sed
747 2051 935 2132 poeta
982 2045 1232 2113 sobrius
1279 2048 1346 2108 et
1392 2065 1583 2110 sanus
1629 2066 1757 2110 non
1803 2046 2062 2111 inflatus
2109 2053 2174 2111 et
2221 2046 2524 2134 turgidus
2568 2048 2639 2114 id

272 2173 385 2216 non
426 2153 706 2237 jfecisset.
768 2151 1186 2218 Adiectivum
1248 2152 1504 2234 rapidus
1558 2158 1623 2217 et
1669 2152 1942 2217 verbum
1987 2175 2202 2235 rapere
2246 2156 2403 2218 satis
2449 2154 2638 2221 fortia

268 2263 422 2322 eunt.
461 2257 645 2338 Quod
694 2258 765 2322 hi
807 2256 934 2323 loci
980 2259 1136 2322 satis
1182 2278 1499 2343 superque
1545 2256 1899 2322 declarant:
1942 2255 2073 2324 Cic.
2113 2257 2284 2323 Phil.
2325 2258 2504 2338 XIII,
2552 2259 2635 2325 18

278 2361 429 2426 Unde
474 2387 537 2427 se
581 2386 697 2448 quo
726 2365 959 2448 furore
1006 2364 1281 2445 rapiebat
1301 2412 1317 2440 ,
1368 2363 1437 2426 in
1480 2363 1713 2440 urbem,
1764 2362 1965 2429 Tacit.
2015 2363 2188 2428 Hist.
2245 2363 2303 2443 l,
2335 2363 2415 2429 13
2464 2365 2636 2448 Spem

264 2468 446 2532 aerim
494 2469 563 2534 ios
608 2469 740 2533 dies
784 2469 1061 2551 rapiebat
1080 2517 1095 2546 ,
1160 2470 1217 2547 l,
1248 2466 1335 2535 27
1381 2469 1810 2552 Imperatorem
1854 2470 2083 2534 strictis
2125 2471 2496 2535 mucronibus
2539 2495 2636 2536 ra-

252 2574 423 2656 piunt
464 2581 708 2656 (secum
754 2578 821 2639 in
868 2576 1143 2656 urbem).
1192 2573 1523 2661 Imprimis
1570 2575 1808 2640 Iustini
1852 2574 2030 2641 locus
2079 2575 2448 2656 XXXXIV,
2500 2578 2560 2658 l,
2591 2575 2630 2646 ’7

259 2681 331 2744 In
392 2683 503 2745 hac
568 2680 935 2767 (Hispania)
1006 2703 1211 2745 curem
1272 2681 1532 2745 mnium
1593 2704 1713 2745 non
1795 2689 2083 2746 torrentes
2166 2683 2490 2768 rapidique
2563 2693 2634 2750 ut

260 2795 490 2852 noceant
506 2837 523 2866 ,
584 2789 693 2851 sed
752 2787 912 2852 lenes
972 2795 1030 2851 et
1090 2787 1283 2850 vineis
1344 2789 1684 2873 campisque
1747 2787 1972 2869 irriyui
1989 2837 2008 2865 ,
2070 2787 2212 2853 luce
2258 2788 2491 2854 clarius
2539 2811 2633 2855 os-

254 2894 497 2960 tendere
566 2893 826 2960 videtur
887 2897 1275 2979 quantopere
1338 2897 1655 2981 scriptura
1718 2894 1974 2975 rapidus
2035 2893 2208 2979 apud
2267 2893 2631 2982 Vergilium

255 3003 329 3064 eit
385 2999 811 3086 praeferenda.
878 2999 1005 3065 Hic
1070 2998 1342 3084 denique
1402 2999 1623 3065 Plauti
1682 2998 1862 3064 locus
1926 2998 2163 3065 clamat
2208 3003 2390 3085 quasi
2435 3022 2629 3086 quam

252 3113 407 3172 arcte
456 3106 711 3188 rapiam
755 3111 821 3170 et
850 3106 1087 3188 fluvius
1132 3105 1507 3171 cohaereant
1523 3154 1540 3183 ,
1588 3103 1854 3170 Mercat.
1902 3105 2072 3170 Prol.
2124 3105 2208 3171 63
2257 3112 2322 3172 et
2368 3106 2488 3172 64:

601 3213 913 3293 qureesus
942 3211 1207 3295 fluvium
1252 3213 1535 3294 rapidum
1582 3213 1656 3274 ab
1705 3213 1848 3275 urbe
1892 3213 2060 3276 hmud
2103 3212 2342 3294 lonqulc

598 3316 883 3400 Rapidus
928 3317 1165 3401 raptori
1200 3317 1388 3400 pueri
1434 3317 1719 3382 eubduoeit
1750 3319 1960 3400 pedes.

246 3423 447 3510 Atque
508 3443 585 3490 ea
629 3423 891 3509 quidem
908 3473 925 3502 ,
972 3429 1048 3488 ut
1096 3443 1278 3510 spero
1301 3473 1317 3502 ,
1368 3426 1523 3488 satis
1578 3424 1933 3490 tuebuntur
1975 3423 2316 3513 vulgatam
2361 3428 2625 3512 scriptu-

248 3550 369 3596 ram
412 3530 673 3613 rapidus
722 3578 736 3594 .
766 3578 780 3594 .
814 3577 829 3595 .
880 3537 1129 3594 torrem.

360 3711 567 3778 volpino
600 3727 759 3762 menne
796 3711 843 3762 N
846 3711 1028 3762 ovemb.
1072 3711 1220 3762 1890.
