3192 5009
1070 249 1155 298 An
1203 249 1549 298 merorum
1593 247 1927 297 scemam.
2555 228 2686 294 215

280 414 441 480 fide
485 413 833 479 Plutarchi.
897 415 1027 491 „At
1072 416 1307 479 erravit
1350 412 1802 491 Plutarchus”,
1851 413 2083 478 dixerit
2129 411 2360 498 aliquis
2378 460 2394 490 ,
2445 418 2553 489 „et
2599 433 2690 477 er-

228 514 233 517 ’
284 522 521 599 „roris
578 520 821 585 fontem
882 520 1255 607 Lessing-ius
1314 526 1459 585 ante
1520 526 1781 585 centum
1843 524 1909 586 et
1969 520 2210 607 viginti
2270 539 2462 584 annos
2530 518 2689 583 indi-

287 628 552 705 „cavit
623 625 869 711 Nempe
929 625 1271 712 Sophocles
1330 629 1387 692 is
1408 676 1423 705 ,
1489 647 1681 712 quem
1742 624 1801 690 N
1804 628 1954 691 icias
1999 628 2067 690 in
2113 633 2411 711 praetura
2457 623 2688 690 habuit

282 732 676 821 „collegam
692 782 709 811 ,
781 754 907 797 non
974 740 1156 819 poeta
1223 740 1358 799 erat
1426 736 1711 820 tragicus
1783 731 1893 798 sed
1960 731 2123 797 alius
2196 731 2457 817 quidam
2527 733 2686 796 civis

284 839 797 918 ‚,Atheniensis‚
848 838 1234 906 Sostratidae
1280 839 1451 905 filius
1470 888 1487 919 ,
1538 846 1611 905 ut
1656 838 2061 926 Thucydides
2107 838 2202 903 III
2253 837 2378 903 115
2423 837 2684 903 tradit”.

394 945 695 1033 Speciosa
756 949 1229 1034 argumentatio
1250 996 1267 1025 ,
1332 967 1533 1033 neque
1599 966 1745 1011 sane
1803 943 2164 1031 Thucydidi
2183 994 2202 1023 ,
2249 947 2398 1010 testi
2444 946 2689 1031 gravis-

280 1054 514 1129 simo,
576 1051 731 1117 fides
793 1058 893 1118 est
939 1052 1317 1140 deroganda.
1367 1053 1455 1117 At
1500 1052 1666 1117 alter
1711 1054 1892 1118 testis
1941 1052 2151 1129 adest,
2199 1054 2255 1115 is
2300 1070 2553 1136 quoque
2597 1047 2689 1114 lo-

280 1156 525 1245 cuples
544 1207 560 1234 ‚
603 1179 682 1223 ex
718 1161 901 1224 cuius
940 1162 1306 1225 testimonio
1347 1161 1736 1224 contrarium
1775 1158 1936 1224 effici
1973 1179 2155 1244 posse
2194 1157 2396 1223 credo.
2445 1159 2688 1222 Aristo·

279 1265 585 1351 phanem
648 1264 786 1329 dico
834 1267 1171 1330 comicum.
1236 1266 1425 1330 Prius
1474 1271 1689 1331 tamen
1733 1286 1929 1350 quam
1974 1265 2167 1330 verba
2212 1266 2474 1342 comici,
2522 1283 2683 1349 quae

279 1372 435 1436 huc
496 1370 770 1449 faciunt,
832 1371 1297 1457 perpendamus
1316 1420 1332 1448 ,
1381 1393 1458 1436 ex
1503 1369 1877 1458 Thucydide
1923 1378 2074 1435 sunt
2120 1369 2476 1459 colligenda
2524 1390 2683 1455 quae

283 1477 377 1543 de
432 1474 742 1562 Sophocle
785 1476 897 1542 illo
946 1476 1331 1543 Sostratidae
1376 1477 1508 1543 filio
1555 1480 1811 1565 cognita
1855 1477 2183 1542 habemus.

390 1581 524 1648 Hic
584 1586 789 1670 igitur
850 1582 1187 1670 Sophocles
1244 1605 1393 1649 vere
1458 1587 1608 1649 anni
1672 1582 1800 1649 425
1850 1582 1974 1663 (01.
2025 1582 2133 1661 88,
2163 1582 2250 1663 3),
2314 1582 2466 1648 belli
2513 1603 2672 1647 anno

282 1694 487 1755 sexto
506 1738 521 1767 ‚
562 1710 691 1754 una
729 1711 878 1754 cum
915 1690 1395 1777 Eurymedonte
1437 1698 1687 1776 praetor
1726 1691 2014 1755 mittitur
2051 1692 2119 1754 in
2141 1688 2427 1754 Siciliam
2453 1687 2677 1768 (Thuc.

284 1794 400 1861 III
455 1793 644 1877 115);
708 1798 885 1881 prius
947 1802 1166 1861 autem
1232 1817 1381 1861 cum
1444 1795 1640 1861 classe
1704 1793 2050 1882 Corcyram
2104 1795 2374 1859 tendunt
2419 1794 2532 1877 (IV
2582 1794 2671 1872 3),

280 1902 373 1969 ab
427 1903 655 1967 itinere
717 1923 866 1967 vero
926 1904 1207 1966 revocati
1260 1907 1337 1980 (c.
1389 1900 1430 1966 8
1479 1909 1543 1967 et
1592 1900 1702 1981 13)
1747 1903 2066 1966 intersunt
2111 1909 2236 1969 τοῖς
2289 1900 2420 1979 περὶ
2475 1900 2677 1964 Πύλον

286 2010 645 2085 γενομένοις
667 2056 683 2085 ,
767 2014 831 2072 et
913 2014 1097 2093 capta
1166 2007 1427 2073 demum
1498 2006 1866 2093 Sphacteria
1935 2004 2283 2093 Corcyram
2343 2006 2673 2092 appellunt

290 2120 383 2195 (c.
431 2113 564 2195 46),
609 2114 723 2179 ubi
765 2116 1105 2200 optimates
1154 2135 1190 2178 a
1236 2113 1564 2199 plebecula
1609 2113 1913 2177 trucidari
1952 2116 2172 2177 sinunt
2209 2118 2287 2192 (c.
2327 2110 2434 2189 47,
2463 2110 2574 2191 48)
2603 2109 2674 2191 1).

284 2220 545 2286 Deinde
587 2223 653 2285 in
704 2219 990 2285 Siciliam
1031 2220 1297 2297 abeunt,
1338 2220 1504 2286 unde
1543 2226 1727 2305 pacto
1769 2241 1916 2285 cum
1957 2218 2190 2284 Siculis
2229 2219 2475 2285 foedere
2514 2238 2675 2282 anno

288 2330 593 2413 sequenti
654 2338 767 2391 aut
827 2330 1012 2392 initio
1062 2326 1463 2414 Olympiadis
1511 2324 1597 2391 89
1646 2328 1929 2392 Athenas
1977 2327 2236 2391 reduces
2282 2324 2478 2390 simul
2524 2345 2674 2389 cum

291 2431 676 2519 Pythodoro
720 2436 791 2497 in
834 2436 937 2497 ius
981 2440 1308 2510 vocantur,
1356 2436 1658 2519 quoniam
1696 2434 2111 2498 Athenienses
2152 2432 2462 2518 putabant
2499 2450 2672 2517 prae-

285 2545 466 2605 tores
535 2560 573 2604 a
634 2538 865 2604 Siculis
928 2546 1257 2625 corruptos
1318 2560 1541 2625 pacem
1601 2540 1859 2620 fecisse,
1923 2538 2180 2603 licuisse
2245 2540 2417 2602 enim
2465 2543 2671 2601 totam

282 2644 579 2711 insulam
621 2648 688 2709 in
736 2666 921 2710 suam
966 2651 1351 2731 potestatem
1394 2645 1700 2733 redIgere.
1761 2644 2227 2730 Eurymedonti
2263 2643 2475 2709 -multa
2521 2643 2671 2707 dici-

282 2758 422 2828 tur,
484 2750 890 2837 Pythodorus
954 2759 1020 2817 et
1084 2749 1422 2837 Sophocles
1482 2753 1549 2815 in
1613 2750 1882 2815 exilium
1929 2750 2294 2836 pelluntur;
2341 2752 2669 2814 immerito

284 2864 513 2922 autem
559 2856 887 2923 damnatos
931 2858 1127 2923 fuisse
1178 2878 1570 2944 quamquam
1617 2856 2022 2943 Thucydides
2071 2877 2196 2921 non
2243 2856 2474 2921 diserte
2514 2854 2670 2920 dicit

285 2964 452 3027 dum
520 2964 795 3029 breviter
854 2985 993 3029 rem
1054 2964 1279 3046 refert,
1342 2966 1496 3029 satis
1561 2968 1777 3028 tamen
1842 2968 2052 3048 aperte
2098 2965 2311 3027 innuit
2357 2960 2469 3041 (IV
2517 2958 2664 3041 65):

288 3067 581 3139 ἐλθόντας
650 3068 710 3133 δὲ
768 3072 905 3140 τοὺς
968 3070 1355 3149 στρατηγοὺς
1420 3070 1471 3134 οἱ
1536 3071 1597 3133 ἐν
1660 3080 1734 3151 τῇ
1786 3069 1962 3134 πόλει
2013 3072 2316 3143 Ἀθηναῖοι
2364 3067 2503 3136 τοὺς
2553 3068 2665 3143 μὲν

285 3183 473 3256 Φυγῇ
542 3174 886 3257 ἐζημίωσαν
947 3175 1282 3255 Πυθόδωρον
1330 3176 1432 3239 καὶ
1488 3175 1850 3255 Σοφοκλέα,
1899 3178 2002 3239 ’τὸν
2047 3174 2111 3240 δὲ
2157 3174 2351 3253 τρίτον
2401 3174 2668 3249 Εὐρυμέ-

285 3281 470 3346 δοντα
532 3282 841 3361 χρήματα
906 3281 1283 3361 &magua-o,
1349 3285 1424 3353 ὥς
1477 3280 1606 3353 ἐξὸν
1658 3284 1864 3353 αὐτοῖς
1918 3282 2003 3346 τὰ
2054 3282 2114 3345 ἐν
2166 3282 2423 3363 Σικελίᾳ
2471 3304 2668 3343 κατα-

287 3389 675 3465 στρέψασθαι
717 3388 910 3467 δώροις
954 3388 1297 3460 πεισθέντες
1345 3390 1849 3468 ἑποχωρήσειαν·
1893 3384 2040 3453 οὕῶω
2083 3389 2355 3469 παρούσῃ
2398 3387 2666 3469 εὐτυχίᾳ

291 3499 590 3574 χρώμενοι
638 3493 834 3571 ἠξίουν
881 3496 1061 3574 σφίσι
1110 3495 1297 3572 μηδὲν
1347 3496 1779 3560 ἐναντιοῦσθαι.

385 3601 472 3665 At
532 3606 850 3686 praetores
908 3604 977 3666 in
1025 3601 1216 3667 exilio
1279 3623 1403 3667 non
1466 3603 1578 3666 diu
1639 3607 2142 3687 permanserunt.
2192 3602 2346 3667 Post
2388 3607 2665 3666 mortem

293 3708 466 3771 enim
512 3704 764 3773 Cleonis
810 3711 1009 3773 crevit
1054 3729 1273 3773 rursus
1319 3708 1539 3774 Niciae
1580 3730 1967 3795 suorumque
2004 3715 2284 3794 potestas
2308 3758 2324 3785 ‚
2365 3712 2475 3795 qui
2514 3729 2664 3773 cum

290 3832 513 3897 pacem
571 3819 939 3899 appeterent
956 3862 973 3891 ,
1040 3836 1165 3879 non
1225 3822 1574 3900 potuerunt
1634 3837 1760 3880 non
1806 3816 2014 3881 favere
2062 3819 2218 3881 viris
2266 3816 2581 3881 damnatis
2628 3836 2665 3879 a

294 3918 526 4005 populo
543 3968 560 3995 ‚
644 3922 758 4005 qui
821 3922 1042 3985 insana
1109 3921 1477 3987 dominandi
1542 3943 1651 4007 spe
1717 3928 1962 3987 erectus
2025 3922 2344 4008 quaelibet
2414 3922 2664 3987 foedera

358 4206 413 4271 1)
460 4206 567 4255 Hoc
610 4206 819 4267 facinus,
864 4210 1008 4274 turpe
1042 4224 1153 4258 sane
1188 4210 1267 4259 sed
1302 4213 1462 4260 umen
1495 4212 1797 4277 aliquatenus
1831 4214 2171 4273 excusandum,
2211 4217 2265 4263 nt
2302 4229 2359 4262 ex
2393 4213 2662 4279 aequalium

295 4293 447 4339 mente
490 4288 805 4349 ᾱίιιᾶἱοοωιιι,
854 4289 1103 4353 legendum
1147 4296 1221 4341 est
1268 4292 1527 4351 Herodoti,
1579 4310 1721 4359 quem
1767 4296 2022 4365 Sophocles
2055 4300 2194 4367 poeta
2229 4294 2397 4351 habuit
2428 4297 2660 4359 amicum,

294 4370 348 4428 de
378 4372 749 4440 Corcyraeorum
784 4373 874 4435 fldss
909 4373 1140 4433 indicium
1174 4374 1385 4437 (Herod.
1424 4376 1529 4427 vu
1566 4378 1699 4445 168).
