3192 5009
1154 373 1653 425 numentanus.
2469 353 2599 426 279

191 553 428 613 maret
471 549 756 632 pretium
773 594 791 623 ‚
853 546 909 609 si
955 543 1215 628 quidem
1261 543 1519 607 maioris
1566 543 1879 606 momenti
1924 541 2202 605 admissa
2246 563 2373 606 non
2417 541 2599 607 facile

189 657 361 719 sine
425 652 895 738 praedicatione
919 698 936 727 ‚
1007 651 1052 713 i.
1080 670 1134 713 e.
1200 650 1324 713 nisi
1385 647 1740 712 manifestis
1789 651 1853 711 et
1898 646 2203 733 gravibus
2247 648 2459 713 verbis
2505 669 2609 714 ex-

189 779 436 846 pressa
461 755 534 838 ¹),
592 757 928 833 donentur,
977 753 1215 819 nedum
1261 774 1340 818 ne
1385 753 1745 818 indicentur
1798 753 2078 837 quidem.
2127 752 2201 816 In
2247 753 2601 818 vocabulis:

191 885 375 950 quae
417 864 473 926 ei
500 863 681 950 forte
717 884 874 925 nune
911 860 1326 924 aestimaretur
1361 858 1558 924 latere
1599 857 1855 923 videtur
1890 861 2235 923 sententia:
2276 882 2349 922 ne
2372 860 2603 923 nomine

187 970 456 1055 quidem
516 969 702 1048 diqna
768 967 1182 1030 aestimaretur
1246 963 1351 1029 vel
1407 987 1482 1028 ne
1545 964 1886 1047 nuncupari
1930 963 2165 1048 quidem
2210 987 2424 1046 operae
2460 988 2605 1048 pre-

189 1077 372 1139 tium
423 1074 838 1138 aestimaretur
881 1070 987 1138 vel
1031 1070 1344 1137 eiusmodi
1391 1070 1564 1156 quid.
1616 1072 1999 1136 Accuratam
2046 1069 2170 1136 loci
2218 1073 2601 1156 scripturam

191 1183 615 1248 constituant
661 1181 1012 1266 peritiores.

299 1423 373 1488 p.
421 1400 573 1466 248.
606 1399 708 1465 16.
750 1408 807 1464 et
845 1421 944 1464 voe
981 1397 1188 1482 inflati
1229 1397 1369 1461 estis
1410 1405 1467 1460 et
1509 1420 1627 1461 non
1666 1396 2151 1478 tumtispotius,
2179 1403 2248 1460 ut
2271 1398 2597 1483 auferatur

192 1511 284 1572 de
339 1507 531 1571 medio
577 1514 828 1571 vestrum
876 1505 978 1590 qui
1026 1505 1147 1567 tale
1176 1503 1442 1590 facinus
1487 1503 1734 1566 admieit
1770 1501 1847 1582 (Ι.
1892 1499 2178 1568 Corinth.
2209 1501 2269 1567 5.
2300 1502 2361 1567 2.
2403 1502 2597 1591 Vulg.

192 1621 262 1678 et
336 1635 441 1677 υοε
499 1613 704 1696 inflati
761 1612 936 1676 estis.-
1000 1617 1056 1674 et
1101 1633 1219 1673 non
1266 1609 1455 1690 mayis
1504 1609 1725 1672 buc-tum
1771 1608 2065 1671 habuisti-3
2114 1615 2180 1672 ut
2230 1609 2482 1674 tollatur
2528 1612 2602 1673 de

191 1718 412 1782 medio
473 1725 757 1795 vestrum,
822 1717 927 1802 qui
983 1716 1072 1778 eie
1135 1721 1410 1796 operatus
1471 1721 1602 1794 eet).
1668 1713 1880 1800 Rogat
1941 1712 2414 1779 Tertullianus:
2477 1738 2598 1798 pro

195 1847 330 1910 quo
395 1823 664 1904 baqerent
680 1824 718 1886 ,7
780 1823 985 1908 utique
1033 1843 1152 1903 pro
1214 1827 1456 1884 mortuo,
1521 1821 1607 1882 ad
1666 1842 1832 1904 quem
1896 1819 2163 1900 buyerent
2180 1819 2216 1881 .7
2276 1820 2480 1904 utique
2519 1822 2603 1884 ad

195 1928 552 2006 dominum,
615 1937 682 1992 ut
741 1951 853 2013 quo
901 1929 1067 1991 modo
1114 1928 1440 2012 auferatur
1483 1927 1557 1989 de
1606 1925 1795 1988 medio
1843 1947 2038 1988 eorum
2056 1973 2072 2002 ‚
2122 1946 2240 1988 non
2286 1926 2490 2012 utique
2534 1935 2603 1989 ut

198 2043 393 2098 extra
439 2035 739 2098 eeclesiam
775 2036 968 2110 detur,
1009 2034 1116 2096 hoe
1155 2032 1310 2096 enim
1351 2037 1469 2097 cet.
1511 2029 1947 2115 Interpunctio
1990 2051 2250 2095 sensum
2272 2031 2597 2096 obscurat:

187 2163 326 2223 pro
402 2162 514 2225 quo
583 2139 902 2220 haqerent?
973 2137 1417 2223 (respondetur
1436 2143 1480 2218 t)
1539 2137 1746 2222 utique
1794 2158 1915 2219 pro
1974 2143 2218 2200 mortuo.
2284 2138 2367 2200 ad
2435 2161 2601 2223 quem

201 2247 492 2327 heqer-ent
509 2245 544 2308 ,7
611 2245 1052 2331 (respondetur
1071 2253 1114 2325 ε)
1183 2244 1388 2328 utique
1455 2245 1539 2306 ad
1597 2243 1895 2305 dominum
1911 2242 1947 2304 ,7
2010 2247 2259 2329 (rogare
2323 2247 2537 2330 pergit
2557 2252 2599 2326 z)

199 2360 278 2414 ut
329 2373 448 2437 quo
493 2353 660 2415 modo
705 2351 1032 2436 auferatur
1074 2355 1148 2414 de
1195 2349 1383 2413 medio
1423 2349 1672 2412 eorum?
1710 2348 2149 2434 (respondetur
2168 2357 2211 2426 z)
2254 2372 2371 2413 non
2394 2350 2599 2435 utique

203 2466 280 2520 ut
350 2465 522 2521 extra
582 2457 882 2520 ecelesiam
944 2459 1138 2520 detur.
1202 2457 1309 2518 hoe
1369 2447 1524 2520 enim
1583 2477 1705 2518 non
1766 2457 1912 2518 adeo
1957 2455 2392 2536 postularetur,
2444 2459 2602 2542 quod

205 2570 354 2626 erat
417 2563 485 2626 in
533 2563 944 2645 praecidentis
1004 2563 1191 2647 officio
1209 2613 1226 2640 ,
1289 2564 1397 2626 ced
1437 2569 1506 2624 ut
1542 2585 1664 2645 per
1708 2569 1946 2626 mortem
1989 2563 2143 2626 hane
2190 2587 2413 2649 quoque
2458 2589 2601 2628 eom-

205 2692 452 2732 munem
499 2707 582 2718 —-
618 2670 870 2753 pleniue
916 2672 990 2733 de
1037 2671 1282 2733 eeclesia
1325 2669 1558 2732 deberet
1605 2668 1870 2754 auferri.

309 2910 379 2974 p.
430 2887 582 2954 252.
611 2887 718 2953 22.
784 2913 892 2970 aye
939 2889 1060 2952 iam
1078 2937 1094 2966 ‚
1144 2888 1278 2974 quie
1323 2889 1555 2952 omnino
1603 2889 1881 2953 vitiatum
1930 2913 1967 2952 a
2016 2891 2123 2952 deo
2174 2891 2605 2972 redinteyr‘avit

213 2995 287 3058 id
327 3002 420 3059 εει
456 2995 743 3058 traditum
779 3003 1028 3058 satanae
1066 2995 1133 3057 in
1171 2995 1480 3058 interitum
1517 2995 1737 3072 earnis,
1778 3017 1907 3058 eum
1928 2995 2150 3058 ideireo
2174 2997 2569 3062 eubetruoeerit
2584 3026 2603 3062 :

212 3123 433 3164 nemo
472 3103 796 3165 seducat
834 3101 1341 3184 semetipsum
1381 3101 1452 3164 id
1472 3108 1558 3164 eet
1579 3109 2108 3183 nemopraeeumat
2130 3102 2409 3166 vitiatum
2429 3129 2469 3167 a
2493 3107 2600 3170 deo

215 3207 628 3288 redinteqrari
657 3209 844 3270 denuo
872 3229 924 3289 p
943 3227 1130 3270 οεεε.
1171 3206 1245 3270 L.
1272 3207 1729 3287 redinteqranit.
1769 3205 2045 3272 Nullum
2067 3208 2195 3273 fere
2220 3208 2599 3276 mendulum

215 3315 478 3398 saepius
541 3312 724 3377 redit.
772 3313 991 3377 Etiam
1036 3333 1131 3377 vs,
1181 3313 1264 3376 21
1316 3312 1557 3378 vitiabit
1604 3332 1716 3397 per
1754 3315 2187 3378 coniecturam
2226 3319 2603 3383 restitutum

218 3423 320 3480 est
367 3439 481 3504 pro
524 3417 802 3495 vitiavit,
853 3439 1014 3504 quae
1060 3418 1358 3483 editionis
1405 3420 1710 3504 principis
1758 3425 1854 3484 est
1900 3418 2109 3484 lecti0.

313 3659 378 3723 p.
430 3635 582 3701 254.
615 3636 718 3701 10.
792 3661 963 3722 quam
1006 3637 1061 3700 si
1111 3637 1208 3700 eui
1255 3638 1516 3701 indulsit
1561 3639 1657 3701 vel
1700 3639 1990 3720 indulyet,
2040 3638 2245 3724 utique
2291 3641 2603 3704 consibium

225 3743 475 3807 remedii
532 3743 630 3806 eui
686 3743 945 3829 infreyit
991 3750 1047 3806 et
1093 3743 1384 3806 tenebitur
1426 3744 1547 3806 iam
1575 3745 1917 3830 frenandis
1961 3745 2361 3810 continentiae
2408 3748 2607 3811 eoniu-

218 3847 344 3926 qiis
359 3897 378 3926 ,
449 3849 504 3912 si
555 3849 904 3934 fornicatio
921 3898 936 3926 ,
1012 3850 1078 3911 ob
1139 3872 1312 3933 quam
1363 3850 1819 3931 permittuntur,
1884 3872 2003 3912 non
2068 3851 2386 3916 timebitur.
2458 3853 2603 3918 Nisi

225 3948 481 4040 long-ior
538 3954 770 4018 horum
825 3953 1168 4019 verborum
1213 3949 1546 4020 meditatio
1592 3959 1826 4020 mentis
1876 3957 2041 4020 mihi
2087 3961 2290 4022 aciem
2336 3959 2604 4024 obstrin-

229 4063 427 4138 xerit,
501 4061 652 4126 haec
720 4062 912 4127 verba
973 4067 1160 4126 erunt
1219 4071 1514 4148 corrupta
1576 4068 1644 4127 et
1704 4064 2138 4148 reponendum
2186 4067 2309 4129 erit
2354 4064 2493 4130 vel:
2545 4072 2601 4130 et

298 4333 354 4396 1)
397 4336 616 4401 Explicui
658 4339 835 4387 donare
877 4353 986 4402 per:
1035 4338 1303 4396 remittere.
1351 4337 1619 4397 dimittere,
1670 4339 1848 4388 venian
1894 4335 2063 4398 dare‚‘
2084 4355 2178 4404 quo
2212 4355 2351 4390 senen
2387 4344 2510 4408 apud
2545 4344 2599 4394 Τ.

235 4410 446 4479 frequens
480 4423 577 4468 est:
631 4423 788 4484 potest
823 4435 959 4468 vero:
993 4420 1198 4469 maxima
1231 4435 1439 4484 quaeque
1469 4421 1641 4468 donari
1673 4425 1721 4469 et
1756 4421 1825 4469 ita
1860 4419 2106 4483 intellegi:
2144 4437 2315 4486 magns
2348 4423 2473 4472 dont
2507 4441 2602 4476 non

237 4493 370 4548 heile
399 4501 499 4550 niue
533 4501 785 4552 verborum
819 4507 1020 4562 ornatu,
1055 4503 1229 4552 nedum
1263 4502 1364 4552 sine
1399 4501 1496 4551 ulla
1532 4503 1877 4567 significatione
1910 4504 2088 4554 offerri.
