3192 5009
1315 321 1673 370 marmus.
2547 300 2677 365 423

307 491 486 557 unde
531 489 898 557 concludere
944 490 1096 555 licet
1140 509 1244 554 eas
1292 488 1576 554 difficiles
1624 489 2147 576 symmetriarum
2186 488 2581 572 quaestiones
2618 491 2683 550 et

307 597 650 664 methodos
709 597 984 662 diversas
1040 599 1354 683 pertinere
1415 595 1495 661 ad
1553 616 1813 682 graecos
1871 595 2093 660 fontes.
2143 593 2358 674 Quum
2404 592 2685 658 animad-

315 707 633 768 vertimus
677 723 869 789 quem
913 703 986 768 ad
1035 703 1227 768 finem
1273 701 1611 766 Vitruvius
1659 723 1817 787 opus
1856 721 2047 766 suum
2092 702 2412 785 scripserit
2457 704 2523 763 et
2560 719 2683 784 qua

309 813 560 875 ratione
609 809 886 874 fontibus
931 812 1064 874 suis
1107 829 1262 874 usus
1311 810 1396 872 sit
1413 857 1430 885 ,
1478 810 1701 873 mirari
1746 827 1868 872 non
1923 821 2263 892 possumus
2301 803 2468 890 quod
2506 804 2685 890 quid-

311 916 472 1002 quid
518 915 594 981 de
639 917 1042 1002 symmetriis.
1085 914 1388 980 disserere
1433 915 1721 978 instituit
1738 961 1753 990 ,
1802 911 2166 978 difficilibus
2211 910 2683 996 quaestionibus

311 1022 706 1108 diversisque
788 1022 1278 1087 architectorum
1343 1020 1667 1086 methodis
1728 1039 1944 1084 vacare
2006 1018 2245 1086 debuit.
2325 1015 2525 1084 Cuius
2594 1017 2687 1081 rei

311 1148 574 1194 causam
641 1125 957 1212 praeclare
1021 1125 1378 1192 illustravit
1441 1128 1510 1190 in
1577 1126 1963 1211 praefatione
2031 1124 2181 1189 libri
2241 1122 2296 1187 V
2370 1123 2683 1197 scribens:

313 1231 488 1299 Cum
555 1235 768 1298 animo
837 1213 1164 1298 advertam
1221 1234 1557 1296 inusitatas
1623 1238 1687 1295 et
1750 1231 2047 1296 obscuras
2104 1229 2334 1296 multis
2402 1250 2502 1295 res
2549 1249 2685 1294 esse

309 1339 480 1403 mihi
541 1338 894 1404 scribendas
915 1387 928 1414 ,
1000 1359 1125 1424 quo
1190 1337 1436 1403 facilius
1497 1337 1576 1402 ad
1646 1359 1863 1402 sensus
1931 1336 2288 1423 legentium
2359 1339 2685 1422 pervenire

310 1447 593 1531 possint,
658 1445 958 1510 brevibus
1023 1443 1458 1509 voluminibus
1501 1443 1784 1509 iudicavi
1830 1444 2164 1509 scribere'’.
2212 1441 2337 1508 Sed
2382 1443 2687 1508 brevitati

313 1552 578 1616 studens
639 1549 1028 1617 Graecorum
1093 1553 1615 1635 praescriptiones
1662 1549 1739 1614 de
1785 1548 2041 1615 aedium
2087 1550 2485 1637 symmetriis
2530 1548 2685 1613 adeo

311 1659 544 1722 recisas
611 1659 1110 1742 immutatasque
1156 1658 1394 1742 recepit
1411 1703 1427 1733 ,
1475 1661 1553 1720 ut
1599 1661 2015 1722 monumenta
2062 1654 2265 1740 quoad
2312 1659 2563 1718 exstant
2607 1653 2687 1718 ad

314 1762 512 1848 longe
558 1761 712 1828 alias
759 1765 1170 1849 symmetrias
1216 1763 1382 1828 facta
1425 1783 1560 1828 esse
1604 1762 1963 1828 videantur.

407 1976 504 2041 Ea
562 1997 724 2062 quae
781 1996 973 2061 supra
1034 1981 1186 2040 sunt
1231 1975 1556 2062 disputata
1572 2024 1588 2054 ,
1638 1977 1760 2040 etsi
1807 1974 1993 2060 plura
2039 1975 2353 2040 eiusmodi
2398 1973 2687 2060 exempla

321 2083 536 2148 afferre
597 2081 750 2147 licet
767 2131 782 2160 ,
846 2084 999 2147 satis
1045 2082 1482 2148 demonstrant
1527 2084 2045 2167 praescriptiones
2092 2081 2168 2146 de
2217 2081 2471 2146 aedium
2518 2101 2689 2168 sym-

318 2193 565 2255 metriis
627 2209 762 2254 esse
823 2188 1149 2275 generales
1194 2194 1260 2254 et
1304 2188 1679 2254 indefinitas.
1727 2188 1917 2253 Haud
1962 2209 2507 2274 supervacaneum
2552 2208 2687 2252 esse

318 2297 543 2382 putavi
587 2295 656 2359 id
701 2293 1028 2360 ostendere
1047 2343 1062 2371 ‚
1112 2300 1452 2380 antequam
1490 2297 1927 2380 quaestionem
1960 2296 2365 2359 instituerem
2402 2293 2477 2359 de
2516 2313 2689 2378 prae-

319 2401 765 2486 scriptionibus
826 2399 977 2465 libri
1041 2400 1114 2477 V,
1177 2401 1292 2464 ubi
1353 2400 1602 2464 theatra
1663 2405 2031 2465 tractantur.
2096 2399 2201 2464 Sic
2262 2402 2436 2464 enim
2478 2400 2687 2485 magis

320 2507 729 2573 confirmatur
788 2509 1001 2592 opinio
1066 2527 1286 2572 eorum
1351 2509 1462 2592 qui
1523 2509 1929 2591 suspicantur
1992 2508 2428 2572 monumentis
2496 2505 2688 2569 fidem

322 2616 629 2678 maiorem
674 2611 1026 2678 habendam
1072 2632 1206 2679 esse
1251 2633 1444 2698 quam
1489 2610 1773 2677 Vitruvii
1819 2612 2436 2697 praescriptionibus.
2485 2610 2689 2691 Quan-

323 2725 537 2805 topere
584 2725 649 2784 et
693 2719 796 2783 hic
841 2719 1141 2784 brevitati
1185 2717 1506 2783 studuerit
1522 2765 1538 2796 ,
1587 2718 2023 2782 demonstrant
2067 2717 2375 2802 praefatio
2420 2715 2571 2780 libri
2609 2713 2683 2791 V,

323 2833 400 2891 ut
459 2845 648 2911 supra
706 2828 838 2889 iam
897 2825 1178 2889 vidimus
1197 2873 1212 2901 ‚
1276 2831 1341 2889 et
1400 2823 1578 2888 locus
1640 2823 1713 2888 V.
1767 2822 1826 2888 ’7.
1858 2822 1895 2889 ’7
1960 2830 2024 2888 et
2066 2827 2207 2909 ipsa
2249 2833 2685 2888 monumenta.

323 2932 514 2996 Libro
560 2930 634 2995 V.
687 2927 747 2996 ’7.
778 2928 837 2994 ’7.
885 2935 1130 2995 narrat:
1185 2929 1355 3007 „Nec
1401 2935 1616 2996 tamen
1662 2933 1731 2994 in
1776 2930 2071 2994 omnibus
2110 2929 2375 2995 theatris
2416 2949 2690 3015 symme-

323 3040 482 3102 triae
551 3035 631 3101 ad
700 3057 917 3101 omnes
989 3039 1262 3102 rationes
1333 3044 1397 3101 et
1465 3036 1721 3102 effectus
1782 3042 2050 3121 possunt
2110 3035 2483 3121 respondere
2501 3083 2517 3112 ,
2580 3035 2689 3100 sed

323 3150 569 3230 oportet
615 3144 1032 3208 architectum
1077 3143 1578 3208 animadvertere
1626 3143 1857 3228 quibus
1893 3142 2401 3227 proportionibus
2442 3161 2689 3206 necesse

321 3253 406 3315 sit
469 3252 649 3335 sequi
696 3251 1142 3335 symmetriam
1187 3253 1251 3314 et
1296 3249 1528 3333 quibus
1576 3248 1655 3313 ad
1699 3247 1823 3313 loci
1868 3255 2163 3313 naturam
2210 3254 2323 3312 aut
2367 3249 2690 3333 magnitu-

323 3355 538 3421 dinem
585 3356 792 3440 operis
835 3357 1196 3439 temperari.
1245 3353 1409 3419 Sunt
1457 3358 1629 3419 enim
1674 3375 1771 3419 res
1818 3375 1973 3440 quas
2020 3360 2084 3419 et
2128 3357 2196 3418 in
2244 3353 2475 3439 pusillo
2522 3359 2587 3418 et
2622 3356 2689 3418 in

323 3481 560 3548 magno
634 3461 880 3525 theatro
952 3481 1200 3526 necesse
1271 3467 1366 3525 est
1433 3460 1655 3526 eadem
1723 3460 2168 3547 magnitudine
2233 3459 2369 3524 fieri
2435 3465 2692 3545 propter

259 3591 266 3598 ·
321 3589 515 3633 usum
535 3615 550 3644 ,
619 3569 720 3630 uti
780 3567 1018 3652 gradus
1037 3615 1052 3644 ,
1120 3566 1470 3632 diazomata
1530 3565 1783 3652 pluteos
1799 3615 1814 3644 ,
1863 3569 2093 3631 itinera
2110 3613 2126 3643 ,
2176 3587 2468 3630 ascensus
2489 3615 2504 3643 ‚
2551 3565 2691 3651 pul-

322 3677 458 3760 pita
475 3721 492 3751 ‚
538 3672 883 3738 tribunalia
931 3679 994 3736 et
1041 3675 1095 3736 si
1140 3693 1264 3757 qua
1311 3672 1436 3738 alia
1481 3676 1919 3738 intercurrunt
1966 3693 2046 3738 ex
2086 3673 2316 3757 quibus
2352 3674 2689 3738 necessitas

317 3782 492 3865 cogit
538 3778 854 3843 discedere
900 3779 978 3843 ab
1029 3781 1404 3864 symmetria
1451 3800 1528 3844 ne
1573 3779 1936 3863 inpediatur
1980 3799 2154 3842 usus.
2204 3777 2345 3842 Non
2384 3780 2595 3842 minus
2634 3781 2691 3842 si

319 3906 444 3971 qua
490 3887 810 3972 exiguitas
861 3887 1224 3970 copiarum,
1273 3883 1341 3948 id
1385 3889 1484 3949 est
1519 3887 1891 3962 marmoris,
1932 3885 2237 3948 materiae
2276 3883 2689 3969 reliquarum-

319 4012 441 4077 que
504 4012 718 4056 rerum
783 4011 941 4076 quae
1003 3996 1326 4077 parantur,
1388 3993 1456 4055 in
1513 4012 1700 4076 opere
1763 3991 2067 4068 defuerit,
2126 3989 2392 4075 paulum
2438 3990 2688 4056 demere

320 4103 433 4162 aut
496 4097 772 4174 adicere,
834 4095 990 4162 dum
1052 4096 1120 4159 id
1165 4116 1244 4161 ne
1289 4099 1566 4160 nimium
1611 4097 1875 4181 inprobe
1921 4096 2065 4173 fiat,
2114 4095 2224 4160 sed
2268 4117 2415 4161 cum
2462 4117 2649 4162 sensu
2669 4145 2684 4174 ,

319 4225 445 4268 non
505 4206 627 4268 erit
689 4202 987 4268 alienum.
1036 4202 1180 4268 Hoc
1229 4209 1447 4268 autem
1491 4205 1614 4268 erit
1662 4207 1716 4268 si
1760 4203 2141 4268 architectus
2190 4205 2311 4268 erit
2356 4225 2481 4269 usu
2528 4208 2687 4289 peri-

322 4315 428 4376 tus
450 4358 466 4386 ,
511 4316 834 4394 praeterea
877 4310 1135 4396 ingenio
1183 4309 1410 4375 mobili
1457 4308 1864 4395 sollertiaque
1908 4331 2033 4374 non
2080 4310 2273 4374 fuerit
2316 4310 2683 4376 viduatus.''

414 4414 485 4480 Si
538 4435 759 4480 causae
808 4437 965 4500 quae
1013 4437 1204 4501 supra
1251 4423 1655 4482 enumeratae
1700 4423 1849 4480 sunt
1896 4416 2203 4502 cogebant
2248 4415 2561 4482 discedere
2606 4418 2685 4481 ab
