3192 5009
496 248 626 322 126
1560 264 1805 323 (nonno.

581 436 719 501 XV.
774 434 877 515 1¹7,
907 437 966 502 1.
1015 436 1307 501 Arabiomt
1352 440 1425 501 de
1470 438 1650 502 Sittio
1685 439 1850 503 nihil
1887 440 2134 504 irascor.
2175 441 2416 525 Agitur
2453 438 2530 504 de
2569 438 2644 502 P.
2673 436 2884 503 Sittio

488 543 805 611 Nucerino
822 593 839 622 ,
888 547 1000 630 qui
1044 547 1413 610 nominatur
1458 547 1527 609 in
1572 551 1728 611 orat.
1779 567 1892 632 pro
1940 544 2121 611 Sulla
2161 567 2214 610 c.
2252 545 2340 610 20
2382 552 2446 610 et
2485 567 2522 610 a
2563 548 2880 631 scriptore

486 649 633 716 libri
697 650 773 716 de
832 650 997 716 bello
1061 651 1309 717 Africae
1357 674 1409 716 c.
1455 650 1563 729 25,
1593 651 1700 729 36,
1730 650 1837 731 48,
1865 650 1972 718 95.
2037 651 2305 717 Videtur
2345 654 2415 716 in
2461 651 2880 717 Mauretania

487 757 565 822 ab
633 756 845 842 aliquo
904 757 1217 823 Arabione
1279 760 1522 824 occisus
1584 780 1721 825 esse
1741 808 1757 836 ,
1819 759 2012 845 idque
2076 780 2144 824 se
2205 780 2331 824 non
2393 758 2662 824 moleste
2709 758 2880 822 ferre

488 861 707 929 Cicero
754 864 855 937 his
900 864 1111 929 verbis
1150 864 1407 930 fatetur.
1457 861 1553 932 Of.
1597 865 1809 930 adnot.
1853 865 1956 930 Fr.
1999 865 2287 931 Richteri
2323 864 2402 930 ad
2440 864 2533 929 1.1.
2576 886 2638 951 p.
2664 862 2875 929 Sulla.

578 1067 718 1133 XV.
768 1066 875 1133 25.
952 1068 1027 1132 Ut
1080 1076 1145 1133 bu
1189 1070 1371 1133 scires
1388 1118 1404 1147 ‚
1453 1092 1625 1133 cacus
1670 1070 1981 1134 consilium
2025 1070 2217 1134 nostri
2263 1069 2506 1132 itineris
2551 1066 2875 1132 iudicabit.

484 1173 679 1239 Recte
741 1174 813 1239 P.
878 1174 1215 1240 Manutius
1280 1175 1537 1241 videtur
1601 1179 1976 1241 correxisse:
2057 1176 2131 1239 Ut
2177 1183 2242 1240 tu
2287 1175 2519 1239 acribia.
2584 1173 2758 1239 Scire
2803 1178 2880 1237 et

485 1281 755 1346 scribere
802 1300 841 1345 a
882 1281 1162 1347 librariis
1212 1284 1587 1368 saepissime
1635 1287 2002 1367 permutata
2047 1287 2218 1346 sunt.

578 1484 719 1549 XV.
767 1482 874 1562 29,
903 1484 965 1549 5.
1013 1484 1319 1547 abaciam·
1364 1505 1489 1549 non
1537 1490 1634 1549 est
1679 1490 1894 1550 mente
1937 1504 2066 1549 non
2113 1486 2456 1549 consistere
2475 1531 2492 1562 ,
2541 1482 2651 1547 sed
2689 1481 2878 1567 loqui

486 1594 620 1656 sine
666 1588 965 1668 consih'o,
1016 1590 1317 1676 quicquid
1363 1592 1432 1654 in
1480 1590 1748 1655 buccam
1794 1592 2074 1666 venerit,
2124 1592 2376 1677 nugari.
2425 1585 2522 1656 Of.
2567 1588 2648 1653 ad
2685 1586 2760 1667 Q.
2785 1588 2870 1653 fr.

487 1696 570 1761 H.
623 1694 685 1775 9,
716 1696 795 1775 1,,
821 1697 935 1761 ubi
981 1694 1312 1783 Tyrrellus
1360 1698 1555 1762 vertit
1607 1702 1715 1775 „to
1763 1694 2006 1761 ramble
2055 1695 2202 1760 on''.

580 1897 751 1963 XVI.
806 1897 909 1975 11,
938 1898 999 1963 8.
1060 1898 1157 1962 De
1218 1900 1554 1982 Lepidanie
1595 1900 1799 1985 seriis
1861 1900 2264 1965 scribendum
2321 1922 2455 1965 esse
2500 1898 2876 1983 Malaspina

490 2006 688 2082 vidit,
734 2025 860 2069 non
900 2004 1281 2087 Lepidianis.
1330 2005 1450 2070 Illa
1489 2006 1694 2071 forma
1733 2005 2035 2070 adiectivi
2073 2012 2360 2092 superest
2397 2008 2465 2070 in
2506 2006 2876 2091 fragmento

488 2111 925 2177 Historiarum
986 2109 1275 2176 Sallustii
1336 2110 1475 2191 (III.
1541 2111 1655 2192 85)
1716 2112 1886 2196 apud
1944 2113 2369 2177 Arusianum:
2421 2112 2564 2175 Post
2608 2111 2878 2175 reditum

489 2240 685 2283 eorwm
702 2266 719 2295 ,
766 2217 977 2303 qwibua
1020 2225 1261 2281 senatus
1306 2216 1451 2281 becci
1496 2217 1802 2300 Lepidani
1839 2218 2101 2298 qratiam
2131 2219 2399 2302 fecerat.

623 2368 800 2434 Scripsi
840 2384 998 2417 mense
1034 2367 1233 2418 Octobri

743 2462 1056 2501 exomoooxm.

579 2773 659 2843 G.
724 2771 963 2842 Oousm
1020 2776 1089 2839 in
1150 2772 1435 2839 Bulletin
1494 2775 1571 2841 de
1619 2772 1792 2841 Oorr.
1841 2774 2017 2841 Hell.
2072 2772 2266 2852 1891,
2314 2797 2376 2861 p.
2425 2773 2557 2839 430
2606 2777 2864 2859 primus

486 2881 687 2948 edidit
733 2883 895 2947 hanc
941 2884 1275 2948 metricam
1320 2884 1797 2967 inscriptionem
1843 2886 2164 2969 repertam
2208 2880 2636 2947 Stratoniceae
2685 2881 2867 2961 (hod.

485 2987 956 3071 Eski-Hieme:

1564 3119 1619 3174 Θ
1637 3135 1665 3174 ε
1683 3111 1715 3175 ό
1731 3136 1782 3183 ς.

764 3259 1059 3337 Μάξιμον
1106 3260 1385 3345 εἶσοράᾳς
1432 3286 1513 3339 με
1559 3261 1662 3325 τὸν
1709 3260 1892 3328 ἅστεί·
1937 3262 2040 3327 καὶ
2089 3266 2484 3348 ναιετῆρ[σ]ιν

855 3368 1160 3447 ἡμετέρων
1207 3369 1509 3443 καμάτων
1559 3370 1774 3433 πολλὰ
1819 3366 2252 3449 χαριζόμενον·

760 3474 1019 3540 τοῦνεκα
1066 3474 1119 3540 δ’
1168 3476 1201 3549 ἦ
1248 3473 1447 3552 βουλή
1492 3498 1573 3551 με
1622 3476 1729 3539 καὶ
1775 3477 2056 3540 dxv-iavet
2108 3480 2398 3547 πολιῆται

848 3586 1087 3654 στῆσαν
1134 3580 1512 3657 κυδαλίμαις
1562 3581 1750 3647 εἰκόσι
1797 3580 2071 3651 λαῖνέαις

762 3690 1039 3765 εὖαγέων
1082 3695 1387 3767 χρειστοῒο
1436 3685 1634 3763 δόμων
1683 3692 2034 3769 προπαροιθε
2087 3690 2267 3753 θεοῖο·

850 3794 926 3863 ὦς
976 3794 1212 3870 ἀγαθὸν
1262 3792 1493 3857 τελέθει
1543 3795 1632 3869 μὴ
1681 3792 1948 3857 κτεάνων
1995 3795 2270 3871 ἀλέγειν.

489 3897 565 3963 In
609 3897 801 3963 titulo
848 3897 1209 3964 Christiano
1256 3899 1413 3979 (vid.
1460 3920 1557 3965 vs.
1609 3898 1697 3981 5),
1747 3903 1928 3964 cuius
1972 3898 2312 3965 lectionem
2360 3902 2670 3965 incertam
2708 3900 2866 3967 dicit

488 4004 708 4081 editor,
772 4006 983 4069 omnia
1030 4010 1245 4069 tamen
1293 4005 1450 4070 bene
1495 4004 1659 4070 lecta
1703 4005 2002 4070 videntur
2047 4013 2294 4091 praeter
2338 4028 2544 4071 unum
2593 4014 2867 4073 ΚΑΜΑ-

489 4118 686 4175 ΤΩΝ
734 4132 829 4175 vs.
878 4110 941 4189 2,
990 4112 1157 4196 quod
1205 4118 1633 4175 ΚΤΕΛΝΩΝ
1683 4110 1818 4197 legi
1865 4111 2152 4177 debuisse
2199 4120 2450 4199 praeter
2494 4116 2867 4200 grammati—

493 4237 637 4282 cam
685 4224 750 4282 et
792 4221 1175 4284 sententiam
1224 4222 1497 4282 testatur
1542 4238 1766 4284 versus
1812 4217 2105 4284 ultimus.

2397 4324 2482 4391 H.
2529 4343 2594 4391 v.
2641 4322 2727 4389 H.

1504 4434 1832 4444 -—————-—-a
