3192 5009
584 213 715 279 120
1441 232 2090 280 onsnRvAnunoumn

576 398 747 464 dicto
814 421 905 462 ne
972 398 1097 462 vis
1143 398 1338 482 siat
1398 397 1915 483 aedificanti
1975 419 2300 468 summam
2358 397 2550 464 habet
2609 401 2958 464 rationem:

576 505 775 587 operis
812 507 986 569 enim
1030 504 1169 568 novi
1213 504 1595 568 nuntiatione
1628 527 2024 587 possessorem
2067 528 2195 570 eum-
2214 505 2546 590 saco'aemus)
2585 504 2685 568 ovi
2721 503 2966 567 nwntia-

573 611 830 674 ver-mus
891 610 960 692 (1.
1014 609 1053 674 5
1102 610 1269 695 §lO,
1316 609 1361 674 1.
1417 609 1450 674 1
1504 609 1606 695 §6
1654 610 1732 675 D.
1785 609 1890 675 39.
1925 610 2010 691 l),
2073 613 2129 676 is
2188 613 2396 697 igitur
2442 610 2779 675 interdicto
2823 607 2964 674 red-

574 717 709 782 dito
757 720 910 782 satis
956 717 1182 803 probat
1241 720 1297 781 si
1359 717 1759 782 adversarius
1821 718 2192 804 probatione
2257 716 2566 783 deficitur.
2618 716 2693 782 Id
2739 723 2960 787 autem

571 821 897 888 Iulianum
957 823 1163 889 dicere
1220 823 1501 888 voluisse
1548 823 1880 908 apparebit
1900 871 1916 900 ,
1965 825 2020 888 si
2066 829 2270 888 totam
2314 821 2360 888 1.
2412 821 2497 886 45
2548 821 2652 908 §2
2701 823 2808 886 cit.
2859 841 2966 886 ex-

573 933 911 1016 scripsero:

840 1035 897 1098 si
946 1037 1337 1118 procuratori
1396 1058 1543 1120 opus
1603 1057 1816 1098 novum
1875 1035 2218 1099 nuntiatum
2279 1036 2364 1099 sit
2423 1034 2592 1120 isque
2637 1034 2963 1098 interdicto

844 1148 1053 1204 utatur
1095 1166 1221 1220 „ne
1266 1142 1337 1206 ei
1385 1142 1511 1206 vis
1541 1141 1736 1227 fiat
1772 1141 2334 1227 aedificanti”
2380 1142 2723 1227 defensoris
2749 1147 2968 1222 partes

846 1270 975 1311 eum
1032 1249 1325 1313 sustinere
1384 1273 1491 1312 nec
1536 1247 1814 1331 compelli
1861 1271 2065 1312 cavere
2111 1255 2306 1312 ratam
2351 1271 2472 1312 rem
2518 1246 2816 1310 dominum
2861 1248 2970 1309 ha-

786 1367 799 1380 ·
843 1355 1103 1418 bitwrum
1162 1355 1447 1419 [abdanus
1492 1356 1584 1419 ait
1599 1403 1616 1433 ,
1665 1362 1724 1418 et
1768 1354 1826 1418 si
1872 1354 2261 1418 satisdedem't
2285 1403 2300 1430 ,
2350 1377 2470 1418 non
2515 1353 2926 1416 animadverto
2946 1399 2964 1428 ‚

842 1460 1043 1545 inquit
1087 1461 1371 1525 Iulianus
1391 1511 1408 1540 ‚
1460 1485 1573 1546 quo
1622 1483 1762 1524 casu
1807 1460 2126 1543 stipulatio
2172 1459 2588 1524 committatur.

662 1566 827 1647 Quia
870 1567 1247 1653 plerumque
1294 1567 1626 1654 stipulatio
1674 1573 1882 1632 ratam
1927 1588 2066 1632 rem
2104 1567 2323 1632 haberi
2360 1567 2462 1632 his
2503 1566 2752 1632 casibus
2795 1585 2968 1630 com-

570 1675 862 1738 mittitur
906 1674 1135 1758 quibus
1153 1722 1169 1750 ,
1219 1676 1273 1738 si
1320 1677 1455 1759 ipse
1504 1672 1800 1738 dominus
1849 1677 2088 1759 egisset
2107 1721 2122 1751 ,
2173 1676 2459 1759 exceptio
2503 1675 2600 1738 rei
2645 1671 2966 1736 iudicatae

569 1777 676 1844 vel
712 1781 781 1843 in
818 1777 1130 1843 iudicium
1171 1778 1476 1844 deductae
1514 1779 1688 1844 hunc
1711 1785 2150 1845 summoveret
2173 1778 2281 1860 (cf.
2305 1778 2350 1844 1.
2379 1779 2466 1843 22
2492 1781 2528 1863 ξ
2553 1778 2594 1844 8
2621 1777 2700 1842 D.
2733 1777 2842 1843 46.
2871 1776 2964 1856 8),

570 1890 834 1970 apparet
894 1905 973 1948 ex
1034 1884 1153 1949 hoc
1211 1884 1550 1950 interdicto
1597 1883 1901 1951 adversus
1949 1892 2229 1950 actorem
2273 1907 2399 1950 non
2445 1887 2618 1949 nasci
2661 1887 2753 1949 rei
2799 1883 2968 1949 iudi-

568 1998 745 2056 catae
790 1989 899 2055 vel
940 1993 1008 2055 in
1054 1991 1369 2056 iudicium
1408 1992 1717 2057 deductae
1758 1995 2200 2079 exceptionem
2219 2040 2235 2069 ,
2279 1991 2450 2077 quod
2487 1994 2581 2055 ita
2617 1997 2786 2056 recte
2825 2011 2968 2056 sese

567 2097 793 2174 habet,
861 2099 916 2161 si
978 2118 1229 2176 sumas,
1282 2119 1358 2163 ex
1407 2098 1749 2163 interdicto
1797 2121 1886 2162 ne
1931 2098 2052 2162 vis
2079 2098 2274 2183 siat
2319 2097 2836 2183 aedificanti
2886 2096 2967 2160 de

566 2206 706 2269 iure
773 2202 1117 2269 defensoris
1184 2209 1443 2269 tantum
1507 2208 1761 2290 quaeri,
1823 2212 1899 2269 ut
1945 2205 2246 2270 adversus
2292 2204 2464 2268 hunc
2509 2209 2764 2268 tantum
2812 2201 2968 2267 talis

568 2312 859 2395 exceptio
907 2316 1223 2374 nascatur.

656 2415 828 2480 Fieri
887 2421 1097 2502 potest
1143 2422 1218 2481 ut
1262 2415 1601 2481 interdicto
1651 2415 1898 2481 reddito
1947 2422 2154 2481 cetera
2200 2438 2279 2482 ex
2325 2415 2664 2482 interdicto
2711 2418 2970 2481 nuntia-

567 2528 668 2586 tor
712 2521 915 2587 facere
962 2521 1125 2587 nolit
1142 2571 1157 2599 ‚
1207 2520 1415 2587 veluti
1461 2525 1869 2608 sponsionem
1917 2543 2043 2586 non
2087 2523 2280 2587 faciat
2325 2525 2760 2608 sponsionisve
2797 2522 2968 2587 iudi-

567 2631 742 2694 cium
780 2650 905 2693 non
943 2631 1246 2714 accipiat,
1286 2635 1477 2714 atque
1527 2630 1605 2694 ob
1652 2627 1722 2692 id
1770 2649 1895 2692 non
1943 2631 2142 2712 possit
2189 2649 2288 2693 res
2335 2628 2642 2714 expediri.
2687 2628 2764 2693 In
2812 2649 2964 2694 eam

566 2757 706 2800 rem
751 2735 1068 2819 quomodo
1115 2735 1378 2801 Praetor
1410 2738 1846 2822 prospexerit,
1888 2742 2151 2821 apparet
2191 2757 2270 2800 ex
2309 2735 2572 2820 Ulpiani
2593 2736 2962 2824 fragmento

566 2837 727 2920 (1.7
776 2862 871 2927 pr.
919 2839 996 2904 D.
1048 2838 1153 2905 39
1188 2841 1273 2920 1),
1322 2841 1435 2906 ubi
1482 2842 1754 2930 fingitur
1800 2847 2171 2927 procurator
2217 2844 2577 2918 nuntiasse,
2625 2844 2694 2906 in
2741 2863 2966 2928 procu·

564 2952 847 3012 ratorem
897 2947 1313 3012 interdictum
1358 2947 1554 3012 reddi.
1618 2947 1993 3012 Meminisse
2042 2953 2293 3033 oportet
2337 2946 2613 3033 Ulpiano
2659 2969 2784 3014 non
2829 2947 2968 3034 pla-

564 3074 703 3119 cere
748 3051 986 3118 Iuliani
1034 3056 1419 3119 sententiam
1436 3101 1452 3130 ,
1501 3057 1569 3117 in
1614 3054 1736 3118 hoc
1781 3053 2123 3118 interdicto
2173 3075 2357 3118 reum
2399 3058 2630 3119 actoris
2670 3055 2964 3140 partibus

564 3159 755 3246 fungi
770 3208 786 3237 ,
853 3165 1327 3246 procuratorem
1388 3159 1465 3225 de
1526 3181 1652 3245 quo
1719 3163 1938 3246 agitur
1991 3160 2163 3246 apud
2209 3159 2566 3247 Ulpianum
2612 3161 2962 3226 defensoris

564 3272 779 3350 partes
826 3268 1139 3330 sustinere
1156 3314 1174 3342 ,
1219 3268 1439 3350 itaque
1484 3287 1637 3331 eum
1682 3266 1754 3329 id
1782 3267 2007 3350 faeere
2053 3266 2332 3346 (debere)
2379 3269 2537 3351 quod
2582 3266 2852 3330 domena
2889 3267 2958 3330 in

568 3370 733 3434 bitem
755 3371 1040 3455 faceret,
1089 3376 1147 3434 et
1192 3393 1398 3434 cavere
1440 3371 1683 3449 idonee,
1735 3393 1964 3457 nempe
2011 3373 2374 3438 iudicatum
2421 3373 2586 3438 solvi
2627 3372 2694 3453 (1.
2724 3371 2809 3437 35
2850 3371 2955 3457 §3

566 3477 646 3542 D.
696 3475 757 3541 3.
786 3475 879 3556 3),

840 3589 898 3645 et
942 3582 998 3646 si
1043 3581 1493 3646 satisdationem
1540 3605 1660 3646 non
1707 3583 1910 3660 dabit,
1957 3585 2404 3647 summove-udus
2447 3584 2566 3648 erit
2611 3585 2684 3647 ab
2729 3606 2960 3648 exsecu-

841 3688 1003 3752 tione
1047 3688 1246 3771 operis
1290 3687 1431 3752 novi
1480 3736 1493 3752 .
1524 3737 1537 3751 .
1569 3735 1582 3752 .
1613 3735 1627 3752 .
1677 3687 1748 3768 (l.
1801 3685 1838 3753 Ι7
1886 3711 1981 3774 pr.
2031 3692 2171 3770 cit.)

660 3792 839 3859 Idem
896 3797 965 3858 in
1027 3793 1299 3859 domino·
1340 3797 1443 3860 ius
1502 3797 1625 3861 erit
1643 3843 1660 3872 ‚
1725 3797 1780 3858 si
1843 3801 2050 3860 cetera
2104 3817 2182 3861 ex
2231 3795 2568 3862 interdicto
2613 3797 2818 3863 facere
2863 3819 2956 3863 re-

568 3906 770 3965 cusat.
838 3899 1275 3986 Denegabitur
1342 3903 1403 3966 ei
1472 3901 1672 3983 operis
1725 3901 1866 3964 novi
1931 3901 2224 3965 exsecutio
2243 3951 2259 3979 ,
2323 3905 2690 3968 remittetur
2750 3906 2955 3990 operis

568 4009 723 4070 novi
782 4009 1119 4070 nuntiatio.
1180 4005 1350 4069 Nam
1411 4006 1531 4071 hoc
1594 4010 1660 4071 et
1703 4004 1868 4070 illud
1917 4028 2176 4093 prorsus
2221 4008 2395 4074 idem
2440 4030 2575 4075 esse
2592 4056 2609 4087 ,
2661 4012 2952 4095 quamvis

569 4117 863 4199 negetur,
914 4114 1205 4197 sequenti
1252 4115 1458 4198 capite
1506 4111 1939 4179 demonstrare
1985 4114 2276 4179 conabor.

1572 4351 1942 4363 Ἣ
