3192 5009
556 213 645 280 90
1360 235 1445 282 Du
1490 235 1641 281 man
1689 233 2138 280 oenomaum.

556 399 951 464 tribunicias.
1001 398 1171 464 Nam
1217 421 1365 465 cum
1410 401 1656 466 tribuni
1691 408 1975 466 carerent
2013 404 2190 465 omni
2227 404 2547 487 spect-ione
2585 404 2780 467 etiam
2805 405 2942 468 sine

554 507 957 570 nuntiatione
975 553 992 582 ‚
1055 527 1181 570 non
1243 505 1493 592 publice
1540 512 1800 572 tantum
1847 507 1957 572 sed
2001 509 2188 572 initio
2235 510 2546 594 privatim
2590 529 2844 593 quoque
2869 508 2943 588 ¹),

555 611 973 676 manifestum
1041 618 1138 676 est
1154 661 1171 688 ‚
1236 633 1315 676 ne
1383 615 1523 678 vim
1585 612 1977 678 comitialem
2026 612 2285 698 quidem
2333 616 2605 699 auspicii
2651 614 2946 680 caelestis

558 720 649 781 eis
717 718 1001 803 potuisse
1062 719 1131 781 in
1196 717 1481 783 conciliis
1538 725 1603 784 et
1663 721 1946 784 comitiis
2009 719 2308 804 praebere
2357 722 2750 804 spectionem
2794 741 2947 785 cum

556 825 955 888 nuntiatione
974 872 991 900 ‚
1058 826 1207 908 quia
1272 827 1533 890 omnino
1582 847 1786 910 neque
1836 825 1911 891 de
1959 824 2131 890 caelo
2178 845 2382 910 neque
2429 824 2553 890 alio
2597 825 2792 890 modo
2841 847 2952 891 au-

554 932 785 1016 spicari
830 932 921 994 eis
969 929 1208 995 liceret.
1259 929 1383 996 Sed
1421 931 1543 996 hoc
1585 930 1925 1016 aliquando
1962 938 2296 996 mutatum
2333 939 2464 1010 est;
2493 953 2683 997 nemo
2705 934 2912 998 nescit
2932 981 2948 1010 ,

554 1041 774 1122 postea
835 1039 1207 1121 saepissime
1258 1037 1377 1114 „de
1426 1037 1600 1102 caelo
1647 1037 1974 1103 servasse’'
2025 1039 2314 1103 tribunos
2361 1036 2564 1124 plebis
2584 1086 2600 1115 ‚
2651 1042 2717 1102 et
2760 1037 2952 1104 colle-

554 1145 658 1230 gis
728 1147 793 1207 et
855 1142 1223 1207 consulibus
1288 1143 1718 1208 obnuntiasse.
1787 1143 1924 1222 Quo
1981 1164 2143 1208 anno
2193 1144 2311 1209 hoc
2358 1150 2689 1209 mutatum
2739 1150 2910 1208 esset
2929 1193 2948 1221 ‚

552 1250 790 1313 frustra
829 1268 1277 1332 quaereremus
1296 1297 1311 1327 ,
1351 1252 1478 1313 nisi
1524 1249 1686 1314 forte
1734 1249 2006 1314 Zonaras
2053 1254 2368 1314 servasset
2415 1250 2585 1334 quod
2633 1249 2708 1314 de
2755 1269 2831 1314 ea
2879 1271 2952 1314 re

554 1357 903 1421 memoriae
972 1355 1234 1419 tradidit
1296 1353 1441 1421 Dio·
1480 1353 1760 1422 Cassius.
1825 1355 2041 1420 Huius
2103 1358 2472 1420 testimonio
2535 1362 2785 1421 constat
2803 1405 2820 1432 ‚
2879 1355 2952 1420 id

555 1466 887 1527 mutatum
957 1482 1093 1526 esse
1162 1464 1301 1547 ipso
1371 1482 1533 1526 anno
1600 1461 1754 1539 449,
1820 1461 2042 1542 eodem
2105 1482 2230 1546 quo
2292 1463 2394 1525 ius
2456 1461 2952 1546 plebisscitorum

556 1568 992 1634 faciendorum
1060 1566 1313 1652 publice
1383 1567 1835 1632 confirmatum
1902 1574 1999 1632 est
2024 1565 2098 1646 ⁸).
2175 1566 2346 1631 Tum
2406 1567 2684 1632 tribunis
2742 1566 2955 1653 plebis

556 1673 703 1759 lege
758 1671 983 1736 datum
1036 1671 1283 1737 estius
1330 1672 1407 1737 de
1454 1672 1626 1738 caelo
1674 1673 2043 1758 auspicandi
2089 1672 2506 1738 conciliorum
2555 1678 2621 1738 et
2663 1676 2960 1738 comitio-

557 1800 709 1843 rum
769 1797 991 1854 causa,
1040 1780 1175 1842 sive
1220 1778 1441 1859 spectio
1487 1779 1562 1841 de
1608 1778 1770 1841 caelo
1817 1801 1944 1841 oum
1989 1777 2372 1842 nuntiatione
2419 1778 2844 1861 (οἱωνσσκοπίᾳ
2893 1780 2959 1842 ἓν

560 1884 887 1959 συλλόγοις
944 1885 1272 1964 xmo-&affl
1338 1883 1447 1949 sed
1500 1905 1573 1949 ea
1619 1885 1857 1969 spectio
1907 1906 2056 1949 cum
2103 1886 2502 1950 nuntiatione
2554 1905 2751 1969 quam
2797 1887 2962 1949 acci-

558 1990 817 2078 piebant
875 1990 1119 2054 tribuni
1176 1997 1311 2054 erat
1373 1997 1507 2054 arte
1555 1990 1722 2055 facta
1759 1998 1824 2055 et
1871 1989 2170 2055 utilitatis
2219 2011 2409 2055 causa
2451 1993 2712 2056 inventa
2731 2039 2747 2068 ,
2797 2011 2958 2055 nam

558 2117 672 2182 per
732 2117 797 2160 se
858 2095 1068 2160 stabat
1114 2117 1319 2181 neque
1365 2103 1441 2161 ut
1486 2099 1553 2160 in
1602 2095 1864 2182 reliquis
1910 2097 2396 2183 magistratibus
2441 2103 2668 2182 sponte
2715 2097 2962 2162 orieba-

559 2209 668 2266 tur
728 2222 806 2266 ex
850 2201 1147 2283 spectione
1184 2202 1315 2265 sine
1357 2202 1740 2266 nuntiatione
1787 2206 2126 2268 coniuncta
2172 2224 2324 2266 cum
2369 2201 2432 2265 vi
2480 2202 2774 2267 comitiali
2805 2203 2962 2286 ful-

558 2306 739 2371 minis
752 2335 780 2382 ;
842 2307 1007 2372 hanc
1065 2309 1276 2392 ipsam
1340 2308 1419 2372 ob
1483 2329 1745 2373 causam
1806 2308 2065 2394 speciali
2107 2307 2252 2394 lege
2300 2329 2460 2393 opus
2507 2315 2645 2373 erat
2689 2313 2767 2372 ut
2813 2311 2960 2373 eius

557 2415 897 2500 participes
958 2412 1182 2478 fierent
1243 2414 1507 2478 tribuni.
1582 2413 1836 2499 Spectio
1899 2418 2032 2479 sine
2097 2417 2498 2480 nuntiatione
2560 2421 2704 2479 tum
2751 2418 2962 2480 etiam

561 2519 873 2604 abnegata
932 2525 1031 2584 est
1092 2519 1368 2584 tribunis
1389 2569 1405 2597 ,
1455 2527 1519 2584 et
1566 2520 1646 2584 ab
1693 2521 1814 2585 hoc
1863 2528 2147 2605 tempore
2196 2520 2406 2585 multo
2455 2520 2705 2586 firmius
2752 2521 2961 2586 etiam

562 2645 757 2711 quam
818 2630 1003 2689 antea
1065 2625 1141 2690 ab
1207 2645 1280 2690 eo
1326 2627 1465 2690 iure
1510 2627 1819 2711 prohibiti
1867 2633 2047 2692 erant
2065 2676 2081 2705 ,
2135 2630 2286 2712 quia
2329 2627 2436 2692 lex
2485 2648 2635 2692 cum
2683 2625 2962 2692 alteram

560 2737 813 2818 partem
884 2734 1225 2817 spectionis
1295 2753 1455 2816 quae
1517 2731 1597 2796 ad
1659 2733 2058 2796 nuntiandum
2123 2732 2305 2797 utilis
2367 2739 2534 2798 esset
2582 2733 2818 2798 diserte
2863 2737 2962 2799 eis

562 2838 740 2904 daret
756 2887 772 2915 ,
840 2843 1098 2901 tantum
1144 2859 1267 2902 non
1316 2836 1570 2902 disertis
1618 2838 1830 2904 verbis
1877 2838 2192 2903 abnuebat
2241 2838 2512 2904 alteram
2559 2859 2722 2924 quae
2769 2838 2962 2904 utiJis

562 2949 727 3010 esset
774 2942 854 3007 ad
901 2943 1212 3025 mpicato
1258 2946 1567 3024 offendunt.
1620 2943 1788 3008 Nam
1836 2945 2261 3008 οἲωυοσκοπίαν
2329 2947 2397 3025 (1.
2426 2966 2481 3009 e.
2533 2946 2960 3030 spectionem)

559 3050 746 3116 illam
801 3071 994 3135 quam
1054 3051 1327 3114 tribunis
1390 3049 1606 3114 datam
1670 3071 1806 3116 esse
1869 3050 2066 3115 tradit
2127 3049 2398 3115 Zonaras
2418 3099 2434 3126 ,
2499 3071 2627 3115 non
2675 3071 2966 3135 compre-

562 3155 855 3221 hendisse
902 3159 1293 3240 spectionem
1340 3159 1474 3221 sine
1521 3159 1924 3222 nuntiatione
1943 3206 1959 3234 ,
2003 3157 2081 3222 ab
2125 3160 2264 3242 ipso
2312 3156 2553 3221 Zonara
2590 3155 2756 3221 clare
2795 3155 2964 3220 affir-

564 3269 781 3327 matur
843 3282 996 3326 cum
1056 3261 1247 3326 addat
1311 3282 1455 3327 eam
1510 3264 1567 3326 ἒν
1633 3264 1957 3339 συλλόγοις
2013 3269 2272 3327 tantum
2317 3262 2604 3327 adhiberi
2649 3264 2962 3346 potuisse.

565 3368 737 3433 Nam
782 3369 1021 3452 spectio
1070 3369 1203 3432 sine
1242 3371 1642 3434 nuntiatione
1681 3390 1805 3433 non
1845 3373 2058 3454 potest
2095 3367 2227 3433 illis
2268 3367 2500 3432 finibus
2523 3368 2968 3432 circumscribi

564 3479 641 3538 ut
687 3472 767 3538 ad
812 3493 1018 3537 unum
1065 3493 1271 3558 genus
1322 3475 1650 3539 actionum
1696 3472 2104 3559 publicarum
2149 3472 2255 3538 vel
2300 3476 2699 3558 privatarum
2746 3471 2968 3538 solum

565 3581 909 3665 pertineat;
975 3581 1088 3663 qui
1140 3599 1285 3644 eam
1329 3579 1520 3644 habet
1536 3627 1553 3657 ,
1605 3579 1685 3645 ad
1732 3586 1947 3645 totum
1993 3583 2096 3645 ius
2143 3601 2340 3645 suum
2384 3578 2617 3666 agendi
2665 3599 2809 3644 eam
2855 3579 2968 3644 ad-

602 3863 609 3868 '
640 3861 693 3924 1)
739 3861 828 3909 Liv
891 3861 921 3906 6
956 3859 1037 3908 41.
1061 3862 1177 3923 5sq.
1231 3859 1295 3920 (a.
1334 3861 1454 3924 868)
1508 3858 1672 3909 ‚nobis
1705 3858 1961 3924 (patriciis)
1995 3859 2111 3907 adeo
2149 3859 2343 3925 propris
2378 3863 2490 3909 sunt
2525 3859 2750 3924 auspicia.
2785 3864 2844 3909 ut
2880 3898 2891 3910 .
2916 3899 2928 3909 .
2955 3901 2968 3911 .

565 3944 794 4011 privatim
846 3942 1057 4007 auspicia
1110 3942 1393 4000 habeamus,
1446 3958 1567 4007 quse
1617 3942 1698 3990 isti
1753 3957 1812 3990 ne
1864 3942 1916 3990 in
1969 3941 2328 4002 magistratibus
2373 3941 2566 4006 quidem
2617 3940 2840 3990 habenff'.
2893 3971 2966 3982 —

566 4029 623 4092 2)
658 4029 826 4076 Zonar.
867 4025 907 4077 7.
936 4026 998 4074 19
1034 4041 1141 4090 pag.
1180 4026 1276 4073 848
1298 4023 1335 4070 C
1371 4029 1435 4084 (ι.
1471 4025 1621 4087 449)=
1673 4025 1724 4072 οἱ
1755 4021 2050 4084 εὐπατρίδαι
2089 4061 2099 4071 .
2123 4060 2166 4071 ..
2205 4023 2291 4071 καὶ
2324 4025 2440 4081 τοὺς
2475 4022 2766 4086 δημάρχους
2800 4023 2970 4074 οἰωνο-

567 4107 753 4173 σκοπίᾳ
800 4104 849 4157 ὗν
896 4109 1175 4169 συλλόγοις
1212 4104 1427 4168 χρῆσθαι
1464 4103 1756 4153 δεδώκασιν·
1793 4103 1821 4152 ὃ
1855 4107 1990 4167 λόγῳ
2031 4105 2121 4165 μὲν
2157 4105 2310 4165 τιμὴν
2345 4103 2519 4162 αὐτοῖς
2559 4103 2701 4166 ’ἔφερε
2737 4103 2822 4154 καὶ
2855 4104 2970 4170 αἰξί·

564 4207 704 4253 αμα,
748 4191 911 4249 μόνοις
944 4189 1042 4250 γὰρ
1081 4190 1235 4236 τοῦτο
1274 4183 1331 4236 ἐκ
1365 4189 1459 4236 τοῦ
1492 4185 1621 4235 πάνυ
1656 4185 1874 4247 ἀρχαίου
1914 4187 2020 4245 τοῖς
2055 4183 2378 4248 εὐπατρίδαις
2416 4183 2795 4248 iveris-parto,
2829 4186 2966 4251 ’ἔργῳ

567 4272 623 4323 δ)
657 4269 869 4332 κώλυμα
904 4266 974 4326 ἦν,
1010 4270 1089 4317 ἵνα
1128 4269 1196 4329 μὴ
1234 4267 1405 4334 ῥᾳδίως
1442 4269 1493 4316 οἱ
1523 4264 1774 4328 δήμαρχοι
1811 4267 1894 4316 καὶ
1926 4267 1986 4315 τὸ
2024 4265 2208 4324 πλῆθος
2245 4267 2340 4316 ὅσα
2377 4265 2640 4329 βούλοιντο
2675 4267 2968 4330 πράττοιεν,

568 4354 709 4405 ἀλλὰ
744 4349 990 4416 προφάσει
1025 4353 1119 4409 τῆς
1154 4348 1505 4408 οἶωνοσκοπίας
1539 4344 1680 4397 ἔστιν
1715 4341 1771 4397 οὗ
1805 4345 2174 4414 ἑμποδίζοιντο.
