3192 5009
1305 385 1663 444 vrrncvms.
2537 371 2666 443 429

398 559 675 628 Subinde
733 559 1015 649 legimus
1077 564 1350 648 tragicos
1393 566 1458 626 et
1504 564 1779 626 comicos
1826 569 2068 627 actores
2114 564 2181 626 in
2227 582 2450 627 scaena
2494 583 2668 648 pere-

295 669 476 755 gisse
492 716 507 745 ,
575 667 851 753 reliquos
918 675 1138 732 autem
1186 667 1456 732 artifices
1501 687 1647 731 suas
1692 688 1805 752 per
1849 667 2235 732 orchestram
2282 671 2670 754 praestitisse

296 775 598 839 actiones.
671 770 906 840 Contra
919 821 934 850 ,
1011 771 1306 837 nonnulli
1373 779 1591 838 nostra
1659 778 1863 838 aetate
1932 775 2321 858 suspicantes
2381 794 2669 840 scaenam

296 881 658 964 antiquitus
676 927 692 955 ,
765 877 1005 944 scilicet
1070 881 1294 964 quinto
1350 876 1603 944 saeculo
1646 885 1791 943 ante
1839 899 2049 944 aeram
2094 885 2376 944 nostram
2394 929 2409 956 ,
2460 880 2537 945 ob
2585 879 2669 946 la-

293 985 646 1050 titudinem
713 1005 942 1070 parum
1005 983 1302 1049 idoneam
1359 983 1552 1048 fuisse
1600 983 1680 1048 ad
1726 983 1971 1049 fabulas
2014 985 2288 1072 agendas
2306 1035 2322 1062 ,
2373 985 2669 1050 Vitruvio

295 1090 495 1156 fidem
538 1111 663 1155 non
707 1089 958 1155 habent.
1012 1088 1401 1175 Exemplum
1439 1089 1705 1154 afferunt
1746 1090 2068 1154 theatrum
2109 1089 2461 1177 Polycleti,
2487 1094 2668 1156 cuius

295 1217 524 1262 scaena
585 1201 681 1261 est
725 1196 858 1261 lata
905 1202 1112 1260 metra
1163 1193 1409 1263 Gallica
1456 1197 1596 1260 tria.
1647 1195 1786 1260 Hoc
1832 1202 2211 1283 argumento
2256 1199 2461 1260 innixi
2508 1218 2672 1262 scae-

295 1305 474 1368 nicos
537 1324 684 1368 cum
750 1301 1118 1389 thymelicis
1179 1304 1248 1365 in
1315 1301 1637 1367 orchestra
1692 1305 1897 1389 egisse
1943 1310 2199 1368 censent
2217 1351 2233 1380 ,
2281 1303 2671 1388 suadentque

297 1413 382 1473 ut
399 1457 415 1486 ,
465 1411 519 1472 81
565 1407 811 1473 fabulae
857 1428 1118 1495 graecae
1165 1428 1331 1471 nunc
1378 1407 1719 1472 doceantur
1736 1456 1751 1485 ‚
1802 1411 2069 1474 scaenici
2116 1428 2265 1473 cum
2305 1407 2671 1494 thymelicis

297 1515 412 1580 vel
478 1514 697 1579 eodem
766 1514 1145 1579 libramento
1207 1518 1448 1578 stantes
1521 1521 1734 1600 agant.
1808 1513 2023 1579 Huius
2092 1513 2409 1580 doctrinae
2455 1523 2672 1580 auctor

299 1620 676 1685 Vitruvium
724 1641 962 1685 errasse
1008 1641 1120 1705 pro
1159 1625 1329 1684 certo
1371 1619 1561 1684 habet
1603 1619 1987 1685 contendens
2027 1640 2283 1686 scaenae
2319 1619 2672 1685 finitionem

302 1725 759 1812 designandam
821 1747 954 1791 esse
1014 1728 1082 1790 in
1143 1726 1498 1790 orchestrae
1547 1725 1855 1791 diametro
1873 1775 1890 1803 ,
1938 1747 2192 1793 scaenae
2239 1726 2515 1791 frontem
2561 1727 2674 1792 ubi

303 1831 639 1896 Vitruvius
686 1851 942 1896 scaenae
988 1829 1341 1896 finitionem
1391 1831 1839 1918 designaverit.

396 1937 636 2002 'I'extus
683 1939 1020 2002 restitutus
1065 1942 1130 2002 et
1177 1957 1325 2002 eum
1373 1942 1436 2001 et
1482 1935 1637 2002 alios
1684 1939 1795 2023 qui
1843 1958 1991 2001 cum
2038 1958 2110 2003 eo
2157 1938 2397 2002 faciunt
2441 1936 2671 2002 melius

304 2043 571 2109 docebit.
622 2042 1075 2108 Proscaenium
1120 2045 1293 2109 enim
1338 2049 1554 2108 exacte
1601 2042 1917 2108 definitur.

397 2148 579 2229 Quod
624 2152 855 2214 attinet
900 2147 980 2213 ad
1025 2149 1198 2234 logei
1242 2147 1650 2213 altitudinem
1670 2197 1687 2226 ,
1736 2149 1897 2214 hanc
1936 2152 2495 2235 praescriptionem
2535 2154 2671 2215 tue-

307 2260 416 2320 tur
480 2253 743 2342 logeum
813 2255 1044 2320 theatri
1104 2255 1438 2340 Epidaurii
1459 2303 1474 2332 ,
1545 2256 1728 2319 cuius
1798 2253 2070 2320 altitudo
2140 2261 2237 2320 est
2306 2254 2365 2320 3.
2394 2253 2478 2320 53
2546 2277 2675 2320 me-

305 2368 554 2425 trorum
623 2359 1036 2426 Gallicorum.
1108 2359 1310 2448 Logei
1383 2360 1653 2426 altitudo
1738 2367 1801 2426 et
1860 2360 2137 2425 latitudo
2207 2367 2269 2426 et
2336 2361 2671 2448 longitudo

306 2465 614 2551 quadrant
659 2465 739 2530 ad
786 2463 1172 2532 Graecorum
1220 2467 1548 2531 theatrum
1587 2469 1927 2551 antiquum
1945 2515 1961 2543 ,
2004 2464 2187 2550 quale
2231 2474 2326 2532 est
2349 2468 2671 2532 theatrum

304 2569 655 2657 Polycleti,
721 2574 777 2635 si
840 2571 1091 2657 quidem
1153 2573 1503 2636 Pausaniae
1551 2570 1742 2636 fidem
1788 2572 2017 2636 habere
2064 2593 2191 2636 non
2236 2593 2484 2638 recusas
2530 2575 2675 2638 scri-

305 2678 482 2742 benti
529 2679 853 2743 theatrum
899 2677 1330 2763 Epidaurense
1377 2680 1804 2742 constitutum
1842 2698 1975 2742 esse
2023 2698 2060 2742 a
2107 2676 2457 2764 Polycleto.

398 2783 684 2868 Denique
731 2787 820 2848 sic
867 2783 1342 2850 concludimus:

394 2889 929 2974 Praescriptiones
1013 2890 1089 2954 de
1159 2890 1555 2954 theatrorum
1624 2890 2003 2976 aediumque
2076 2893 2473 2976 symmetriis
2542 2911 2667 2955 non

306 2993 687 3079 respondent
746 2995 823 3059 ad
886 3015 1074 3081 opera
1133 2993 1391 3082 singula
1410 3044 1425 3071 ,
1489 2995 1599 3060 sed
1662 2996 1739 3060 ad
1802 3017 2022 3060 eorum
2083 2998 2349 3082 species,
2415 3017 2491 3062 ex
2544 3018 2671 3082 quo

309 3099 581 3164 efficitur
643 3106 716 3164 ut
777 3104 902 3165 sint
950 3107 1212 3166 naturae
1260 3100 1574 3187 generalis
1622 3107 1685 3165 et
1731 3101 2113 3166 indefinitae.
2178 3099 2248 3165 Si
2295 3104 2387 3166 ita
2432 3101 2676 3167 intelle-

307 3211 584 3292 guntur,
651 3204 842 3270 fidem
903 3206 1197 3271 Vitruvio
1256 3206 1484 3271 habere
1539 3227 1898 3291 possumuS.
1945 3206 2317 3291 Quicunque
2366 3209 2523 3272 scire
2570 3228 2676 3272 vo-

309 3310 506 3378 luerit
574 3310 726 3397 quid
791 3315 1019 3397 cuique
1078 3313 1419 3378 architecto
1478 3315 1812 3399 proprium
1875 3313 2065 3378 fuerit
2130 3315 2199 3376 in
2259 3319 2392 3378 arte
2410 3361 2427 3390 ,
2486 3333 2675 3398 opera

310 3415 567 3504 singula
612 3421 970 3484 examinare
1017 3418 1289 3483 debebit.
