3192 5009
1153 356 1238 402 Da
1282 354 1595 403 Ams'rnss
1641 354 1965 403 unsrom.
2600 340 2730 407 255

353 520 674 585 fateamur
730 520 833 586 hic
894 541 1146 606 quoque
1208 520 1513 607 epistolae
1579 524 1954 606 scriptorem
2015 525 2409 608 temporibus
2469 526 2735 594 fortasse

354 629 666 693 erravisse
684 676 699 704 ,
749 648 977 692 verum
1022 649 1149 693 non
1190 648 1326 693 esse
1341 676 1358 705 ,
1402 627 1571 713 quod
1611 630 1672 693 ei
1708 627 1899 693 fidem
1936 628 2325 716 denegemus
2338 680 2355 710 ,
2397 652 2548 697 cum
2569 636 2737 700 inter

351 733 765 820 Philadelphi
808 734 1028 812 Φίλους
1078 734 1484 800 Demetrium
1530 740 1842 800 numeret,

446 840 643 906 Aliud
680 845 1140 928 argumentum
1155 889 1171 919 ,
1214 862 1340 927 quo
1371 840 1643 926 epistola
1667 848 2162 927 oppugnaretur,
2190 842 2410 909 attulit
2433 842 2733 911 Cobetus.

350 946 716 1013 Literarum
778 949 947 1013 enim
968 996 985 1025 ,
1034 968 1189 1032 quas
1236 946 1573 1011 Eleazarus
1620 945 1698 1011 ad
1742 946 2189 1013 Ptolemaeum
2234 952 2485 1015 misisse
2529 971 2737 1018 narra-

350 1058 481 1131 tur,
542 1053 661 1118 hoc
720 1058 818 1119 est
862 1055 1125 1119 initium
1172 1057 1494 1138 (corrupta
1541 1051 1823 1120 Oobetus
1870 1054 2296 1137 emendavit):
2363 1057 2481 1134 „Ei
2548 1059 2734 1130 αὐτός

350 1160 413 1222 τ’
459 1156 703 1238 ἔρρωσαι
769 1159 871 1223 καὶ
940 1162 973 1235 ἦ
1038 1158 1388 1238 βασίλισσα
1442 1158 1754 1237 Ἀρσινόη,
1805 1162 1838 1235 ἦ
1885 1159 2168 1238 amma,
2217 1164 2324 1226 καὶ
2373 1163 2460 1227 τὰ
2503 1164 2735 1242 τέκνα,

350 1271 559 1337 καλῶς
607 1264 683 1329 ἂν
731 1262 864 1345 ἔχοι
912 1264 1016 1329 καὶ
1064 1266 1139 1337 ὥς
1188 1265 1577 1342 βουλόμεθα·
1638 1264 1743 1330 καὶ
1811 1265 1985 1331 αὐτοὶ
2052 1266 2114 1330 δὲ
2180 1266 2576 1346 ὑγιαίνομεν”
2642 1278 2733 1356 (p.

350 1370 463 1437 21.
490 1370 577 1437 23
616 1370 881 1451 Schm.).
946 1371 1119 1452 Quae
1164 1373 1361 1437 verba
1404 1371 1669 1438 Latinae
1717 1371 2053 1459 epistolae,
2103 1395 2230 1438 non
2278 1371 2552 1441 Graecae
2598 1398 2736 1462 pro-

351 1480 491 1562 pria
535 1497 741 1542 seram
785 1476 991 1543 libelli
1036 1480 1354 1564 originem
1402 1478 1574 1544 haud
1624 1478 1814 1543 dubie
1860 1478 2136 1545 indicare
2183 1481 2583 1547 videbantur.
2646 1484 2734 1547 At

351 1581 685 1647 oblocutus
732 1580 968 1649 Gobeto
1016 1582 1413 1650 Lumbrosus
1462 1592 1686 1670 (quem
1731 1605 1768 1648 a
1813 1584 2041 1649 multis
2089 1608 2213 1650 non
2259 1588 2556 1653 auditum
2600 1610 2734 1655 esse

352 1691 581 1754 merito
625 1690 906 1770 mireris)
964 1692 1033 1753 in
1098 1694 1255 1756 actis
1318 1691 1698 1757 Academiae
1764 1689 2172 1757 Taurinensis
2233 1696 2384 1758 anni
2449 1693 2732 1779 1869170

352 1795 429 1860 de
469 1815 710 1881 papyro
749 1795 1026 1881 quadam
1066 1796 1377 1862 disserens
1418 1797 1602 1882 (Pap.
1645 1797 1896 1862 Louvre
1925 1797 2037 1877 63)
2069 1799 2404 1865 exordium
2429 1801 2732 1886 epistolae

349 1901 679 1966 cuiusdam
734 1900 931 1967 seculi
978 1908 1123 1967 ante
1170 1900 1320 1969 Chr.
1368 1903 1632 1967 secundi
1679 1906 2010 1989 exscripsit
2055 1910 2272 1970 nostro
2319 1906 2731 1972 simillimum

348 2011 437 2092 (p.
486 2005 684 2087 213):
751 2006 1039 2089 „hem-ae
1102 2008 1217 2084 μὲν
1274 2007 1579 2085 βασιλεὺς
1629 2016 2020 2086 Πτολεμαῖος
2068 2026 2212 2075 κτλ.
2263 2060 2278 2075 .
2307 2060 2322 2077 .
2353 2060 2368 2076 .
2417 2014 2468 2077 εἴ
2514 2012 2576 2078 δὲ
2624 2015 2728 2079 καὶ

350 2112 427 2177 σὺ
476 2112 737 2191 ὑγιαὶνις
787 2113 893 2178 καὶ
942 2110 1159 2178 τᾶλλα
1208 2137 1296 2178 σοι
1346 2115 1515 2179 κατὰ
1563 2115 1750 2192 λόγον
1795 2115 1980 2193 ἐστὶν,
2022 2114 2113 2189 εἴη
2156 2115 2231 2182 ἂν
2272 2119 2347 2188 ὥς
2374 2118 2729 2195 βουλόμεθα

348 2217 454 2283 καὶ
518 2220 601 2300 τῷ
668 2218 770 2283 Διὶ
832 2220 1047 2291 ἱκανῶς
1111 2220 1571 2297 ἐπανήγομεν”.
1644 2221 1842 2286 Addit
1900 2222 2074 2287 idem
2093 2272 2110 2300 ,
2178 2223 2462 2290 eiusdem
2506 2229 2732 2291 aetatis

345 2330 592 2390 exstare
664 2324 961 2411 epistolas
1033 2323 1293 2405 (Louvr.
1361 2325 1467 2391 42.
1496 2325 1604 2391 43.
1633 2325 1740 2392 44.
1771 2326 1885 2407 45)
1947 2330 2016 2392 in
2065 2330 2296 2414 quibus
2341 2329 2585 2417 legitur
2633 2333 2726 2409 „ei

347 2430 597 2511 ἔρρωσαι
662 2432 731 2495 τὸ
794 2432 921 2495 δέον
978 2432 1054 2497 ἂν
1118 2430 1255 2507 εἵη”
1321 2435 1483 2513 (sive
1533 2432 1666 2509 »εἴη
1714 2432 1789 2498 ἂν
1837 2435 1912 2505 ὥς
1962 2433 2374 2519 βούλομαι”),
2427 2435 2725 2516 ,,ἔρρωμαι

344 2538 410 2603 δὲ
470 2537 763 2615 καύτὸς”,
828 2541 965 2603 sive
1030 2539 1285 2616 „naba-oi
1353 2538 1414 2602 δὲ
1480 2539 1900 2615 ὑγιαίνομεν”.
1954 2540 2395 2621 (Quibuscum
2463 2544 2730 2609 conferri

346 2650 557 2729 potest
625 2642 1055 2729 Philopatoris
1123 2644 1422 2729 epistola,
1490 2666 1651 2731 quae
1711 2645 1957 2733 legitur
2025 2647 2308 2713 Maccab.
2372 2647 2486 2713 ΠΙ.
2548 2647 2608 2717 7.
2639 2650 2724 2732 1).

346 2748 582 2815 Merito
618 2749 1015 2815 Lumbrosus
1032 2798 1049 2827 ,
1091 2753 1196 2815 cui
1234 2751 1524 2816 multum
1561 2752 1802 2838 profuit
1842 2754 2128 2819 Aristeae
2167 2754 2452 2839 epistola,
2477 2777 2627 2820 cum
2649 2756 2726 2821 de

342 2855 738 2942 Lagidarum
778 2856 1169 2941 temporibus
1207 2856 1606 2942 praeclarum
1647 2879 1842 2923 suum
1881 2857 2122 2924 librum
2159 2861 2492 2939 scriberet,
2533 2864 2602 2925 in
2632 2882 2728 2927 ea-

344 2962 491 3027 dem
529 2964 1064 3027 commentatione
1107 2966 1360 3028 monuit
1400 2962 1724 3041 lectorem,
1759 2968 2197 3057 acuratissima
2222 2988 2436 3032 rerum
2460 2966 2726 3033 Alexan-

340 3069 671 3134 drinarum
732 3071 993 3135 scientia
1054 3070 1398 3145 σύνταγμα
1464 3070 1632 3135 illud
1695 3077 2136 3158 contemptum
2195 3074 2504 3139 refertum
2567 3096 2721 3140 esse.

342 3174 470 3241 Sed
530 3180 895 3261 temporum
956 3178 1232 3241 rationes
1292 3179 1361 3240 in
1424 3176 1709 3242 Eleazari
1773 3199 2022 3263 quoque
2076 3179 2344 3265 epistola
2390 3168 2724 3246 conturbat

340 3284 627 3367 scriptor,
692 3284 804 3367 qui
864 3282 1175 3347 Arsinoen
1238 3303 1521 3347 sororem
1582 3283 1935 3349 Ptolemaei
1989 3305 2256 3350 uxorem
2303 3286 2453 3350 facit
2499 3285 2721 3351 eodem

340 3394 625 3473 tempore
687 3408 811 3473 quo
875 3387 1241 3453 Demetrius
1288 3388 1710 3455 bibliothecae
1757 3398 2094 3475 praeesset.
2168 3391 2334 3456 Nam
2388 3414 2512 3477 quo
2556 3412 2719 3458 anno

336 3492 795 3579 Philadelphus
857 3515 1135 3560 sororem
1199 3494 1384 3560 duxit
1444 3495 1632 3577 (273)
1678 3499 1808 3561 iam
1857 3497 2111 3563 condita
2155 3503 2289 3563 erat
2336 3497 2722 3565 bibliotheca

337 3602 407 3664 in
454 3621 674 3665 museo
721 3602 826 3665 cui
872 3601 1149 3685 praefuit
1197 3605 1444 3688 primus
1490 3602 1864 3668 Zenodotus.
1935 3603 2158 3690 Itaque
2205 3611 2317 3670 aut
2362 3627 2435 3670 eo
2483 3627 2719 3671 errasse

336 3709 607 3791 scriptor
684 3706 1003 3791 putandus
1076 3714 1205 3785 est,
1281 3709 1450 3793 quod
1519 3730 1597 3773 ex
1668 3712 2094 3795 posteriorum
2161 3717 2527 3796 temporum
2594 3734 2718 3777 usu

340 3812 595 3877 honoris
634 3832 821 3877 causa
858 3813 1169 3878 Arsinoen
1210 3816 1488 3899 priorem
1524 3837 1796 3881 uxorem
1841 3816 2167 3895 „Sororis”
2211 3817 2403 3882 titulo
2443 3822 2714 3897 ornavit,

341 3926 487 3996 aut,
552 3918 721 4004 quod
782 3921 922 3983 veri
966 3922 1177 4006 magis
1226 3920 1438 3985 simile
1485 3928 1616 3997 est,
1666 3924 2001 3987 nominum
2046 3922 2468 3989 similitudine
2511 3927 2580 3989 in
2627 3946 2716 3989 er-

338 4046 547 4091 rorem
594 4025 895 4090 inductus
940 4027 1247 4092 Arsinoen
1293 4027 1664 4114 Lysimachi
1711 4050 1860 4094 cum
1905 4029 2106 4095 altera
2147 4035 2560 4115 permutavit.

426 4132 602 4197 Haec
663 4131 792 4197 fere
854 4139 1005 4197 sunt
1023 4181 1039 4210 ,
1108 4154 1268 4219 quae
1333 4140 1550 4199 contra
1612 4137 1898 4201 Aristeae
1947 4135 2284 4221 epistolam
2330 4136 2537 4201 afferri
2579 4140 2712 4204 iam

339 4238 449 4303 diu
516 4238 819 4303 solebant.
889 4237 1013 4303 Sed
1075 4239 1286 4304 multo
1339 4240 1523 4325 plura
1570 4244 1889 4328 congessit
1936 4238 2266 4307 Graetzius
2285 4292 2302 4319 ,
2350 4246 2452 4307 vir
2496 4243 2714 4310 Iudae-

338 4366 523 4410 orum
590 4345 897 4409 historiae
969 4348 1415 4431 peritissimus.
1491 4347 1554 4413 Is
1572 4396 1589 4425 ,
1655 4368 1806 4413 cum
1866 4351 1933 4411 in
1978 4347 2144 4413 libro
2192 4351 2302 4435 qui
2349 4351 2716 4416 inscribitur

342 4450 835 4529 „Monatschrift
876 4451 981 4515 fiir
1020 4449 1399 4519 Geschichte
1441 4453 1571 4517 und
1613 4452 2068 4519 Wissenschaft
2107 4454 2214 4519 des
2238 4454 2276 4520 J
2279 4454 2709 4521 udenthums'’
