3192 5009
475 240 606 307 454
1110 262 1194 309 na
1237 258 1855 311 msuauamnomns
1900 260 2203 312 nomm.

473 425 580 491 vel
616 426 931 491 iudicium
968 430 1314 513 pertineat,
1355 427 1611 493 nullum
1652 448 1787 493 esse
1826 434 2037 513 potest
2076 432 2211 493 sine
2252 429 2579 515 rogatione
2596 476 2613 505 ,
2645 448 2843 513 eoque

467 532 767 619 suffragio
813 532 920 599 lex
963 533 1073 599 fiat
1120 553 1369 599 necesse
1417 539 1531 599 est.
1581 534 1717 600 Lex
1766 541 1983 600 autem
2029 554 2189 620 quae
2238 537 2307 599 in
2351 536 2843 619 inauguratione

473 638 810 704 sacerdotis
847 660 1062 706 recens
1101 642 1295 706 creati
1332 639 1444 705 fiat
1481 638 1660 705 nulla
1697 661 1829 706 6666
1865 645 2075 726 potest
2114 642 2239 705 nisi
2277 661 2401 725 qua
2438 638 2845 705 confirmetur

471 744 896 811 sacerdotium
914 795 931 824 ,
972 752 1035 811 et
1075 745 1295 812 eodem
1334 745 1512 811 ducit
1551 745 1911 813 similitudo
1949 746 2113 834 leg-is
2152 750 2428 812 curiatae
2469 746 2545 812 de
2569 749 2839 832 imperio

472 859 537 918 et
581 858 894 938 potestate
940 854 1462 939 magistratuum.
1512 854 1796 939 Apparet
1840 856 2069 941 igitur,
2118 860 2405 939 tempore
2450 852 2687 919 liberae
2726 855 2843 919 rei-

469 957 758 1045 publicae
811 961 977 1023 inter
1023 961 1338 1025 rationem
1383 979 1508 1044 qua
1552 962 1971 1046 magistratus
2015 982 2229 1026 recens
2277 962 2471 1025 creati
2518 959 2843 1025 confirma·

469 1066 704 1132 bantur
740 1072 806 1131 et
843 1086 968 1151 qua
1003 1066 1540 1132 confirmabantur
1579 1068 1934 1133 sacerdotes
1956 1067 2249 1133 nonnulli
2268 1116 2284 1147 ,
2318 1069 2436 1132 hoc
2458 1067 2837 1143 interfuisse,

471 1172 642 1259 quod
687 1194 764 1237 ex
809 1172 941 1237 illis
985 1186 1234 1239 remota
1279 1179 1415 1239 erat
1463 1194 1655 1260 opera
1698 1194 2023 1261 augurum
2041 1223 2058 1252 ,
2107 1195 2233 1260 quo
2278 1173 2467 1239 fiebat
2511 1180 2587 1238 ut
2630 1172 2840 1238 solum

469 1286 820 1345 remaneret
863 1278 1244 1366 suffragium
1288 1282 1613 1346 curiarum
1660 1283 1765 1345 cui
1810 1280 2031 1346 Patres
2081 1282 2389 1346 Auctores
2433 1279 2667 1345 fiebant
2685 1328 2701 1356 ,
2742 1284 2841 1343 ute

471 1408 592 1473 que
639 1407 748 1452 eae
795 1390 1209 1452 caerimoniae
1256 1391 1426 1453 totae
1464 1388 1937 1452 continerentur
1975 1390 2302 1474 rog-atione
2338 1386 2504 1474 legis
2541 1388 2836 1460 curiatae,

469 1496 539 1559 in
605 1493 705 1558 his
769 1514 919 1558 vero
988 1499 1266 1560 retentae
1327 1498 1477 1558 sunt
1542 1498 1669 1557 tres
1732 1498 1942 1578 partes
2005 1514 2224 1559 omnes
2287 1514 2447 1579 quae
2492 1498 2676 1557 antea
2722 1489 2837 1555 sub

469 1600 729 1687 regibus
785 1598 1034 1666 fuerant
1051 1648 1066 1677 ,
1130 1598 1507 1686 suffragium
1567 1600 1924 1677 curiarum,
1990 1602 2273 1685 auspicia
2318 1620 2641 1686 augurum
2658 1646 2675 1675 ,
2722 1595 2841 1662 Pa-

471 1712 648 1772 trum
707 1708 1072 1772 Auctoritas
1090 1755 1105 1785 ,
1171 1728 1294 1792 quo
1355 1705 1545 1771 fiebat
1591 1712 1668 1770 ut
1714 1727 1821 1771 eae
1870 1708 2288 1773 caerimoniae
2340 1708 2539 1770 etiam
2584 1706 2838 1769 nomine

471 1834 595 1878 non
655 1818 904 1879 mutato
964 1813 1323 1878 dicerentur
1380 1815 1924 1898 inaugurationes.
1992 1812 2115 1879 Sed
2161 1814 2283 1880 hoc
2328 1832 2667 1877 commune
2710 1810 2835 1873 fuit

470 1922 727 2006 utrique
771 1922 990 2005 generi
1035 1922 1566 1985 caerimoniarum
1584 1967 1602 1997 ,
1652 1919 1823 2005 quod
1870 1918 2207 2006 aliquando
2250 1922 2317 1985 in
2354 1925 2622 2004 utroque
2640 1966 2655 1994 ,
2700 1916 2839 1982 sub-

469 2025 603 2091 lato
665 2047 815 2092 vero
877 2024 1176 2114 suffragio
1222 2025 1482 2114 populi,
1530 2028 1828 2105 comitia,
1877 2026 2036 2091 dicis
2082 2046 2270 2092 causa
2312 2030 2570 2101 vocata,
2617 2023 2839 2108 peragi

474 2134 818 2217 coeperunt
881 2153 993 2218 per
1051 2132 1460 2197 administros
1523 2152 1794 2217 paucos;
1858 2136 2004 2196 tum
2064 2151 2173 2196 eae
2218 2130 2395 2215 leges
2439 2149 2656 2194 omnes
2700 2128 2838 2191 fieri

469 2244 809 2323 coeperunt
869 2238 1122 2302 comitiis
1184 2237 1402 2301 calatis
1421 2286 1436 2314 ‚
1501 2238 1569 2299 in
1617 2238 1886 2301 contione
1920 2236 2144 2320 populi
2161 2283 2178 2313 ‚
2226 2254 2385 2319 quae
2431 2230 2836 2318 quemadmo-

469 2344 626 2411 dum
665 2348 735 2409 in
791 2344 1276 2431 magistratibus
1339 2343 1785 2409 confirmandis
1801 2394 1819 2423 ,
1882 2350 1959 2408 ut
2019 2341 2236 2410 Cicero
2297 2341 2453 2406 dicit
2470 2390 2488 2418 ‚
2537 2342 2833 2417 „tantum

469 2453 898 2538 auspiciorum
957 2470 1146 2515 causa
1206 2450 1685 2515 remanserunt'’
1719 2448 1791 2531 ¹),
1856 2452 1946 2516 sic
1990 2452 2059 2514 in
2106 2448 2537 2515 sacerdotibus
2582 2464 2833 2530 quoque

466 2558 975 2644 inaugurationis
1019 2576 1207 2621 causa
1253 2560 1505 2621 servata
1553 2560 1723 2620 sunt.

559 2662 726 2732 Cum
794 2661 1018 2728 deinde
1085 2681 1465 2747 quaeramus
1481 2711 1498 2739 ,
1571 2665 1835 2746 quinam
1894 2664 2134 2729 fuerint
2191 2659 2543 2727 sacerdotes
2605 2657 2837 2743 quibus

468 2770 738 2837 ferretur
795 2768 899 2834 lex
963 2770 1208 2832 curiata
1224 2816 1241 2843 ,
1306 2770 1351 2830 i.
1378 2789 1431 2832 e.
1498 2770 1611 2851 qui
1672 2770 2211 2855 inaugurarentur
2256 2768 2535 2833 comitiis
2580 2763 2833 2839 calatis,

467 2898 595 2941 non
653 2874 866 2940 solum
925 2875 1149 2937 statim
1210 2874 1601 2957 excipiemus
1664 2875 1951 2959 virg-ines
2011 2874 2283 2941 vestales
2345 2878 2409 2940 et
2454 2871 2643 2938 salios
2661 2921 2677 2949 ,
2727 2869 2835 2934 sed

469 2984 667 3047 etiam
703 2980 1045 3045 efficiemus
1083 2999 1161 3043 ex
1199 2978 1410 3044 verbis
1435 2978 1747 3044 Labeonis
1772 2999 1933 3063 quae
1957 2983 2241 3047 servavit
2264 2976 2513 3047 Gellius
2542 2975 2645 3043 15.
2670 2972 2771 3041 17.
2796 2973 2830 3038 1

471 3088 750 3167 „comitia
795 3108 944 3171 quae
976 3105 1096 3168 pro
1141 3082 1387 3165 colleqio
1422 3085 1781 3168 pontcficum
1818 3086 2111 3151 habentur
2158 3112 2197 3151 a
2214 3094 2299 3151 ut
2348 3085 2504 3167 reqis
2550 3090 2688 3147 aut
2716 3082 2839 3166 fla-

467 3196 688 3260 minum
743 3192 1290 3274 imqurandorum
1353 3188 1600 3267 causffl,
1667 3190 1885 3276 legem
1932 3194 2250 3257 curiatam
2296 3195 2389 3258 eis
2437 3190 2590 3257 solis
2636 3189 2841 3257 latam

468 3323 602 3367 esse
663 3303 774 3385 qui
818 3298 912 3363 ibi
959 3298 1388 3373 nominantur,
1438 3298 1578 3382 reg-i
1626 3316 1950 3361 sacrorum
1996 3300 2061 3362 et
2108 3297 2473 3363 flaminibus
2496 3346 2511 3375 ,
2563 3317 2636 3363 eo
2685 3301 2841 3362 tem-

467 3428 620 3494 pore
681 3404 921 3471 scilicet
937 3451 954 3481 ,
1017 3422 1168 3467 cum
1230 3420 1302 3465 ea
1363 3401 1559 3465 verba
1626 3402 2068 3475 scriberentur,
2118 3422 2269 3467 nam
2316 3401 2393 3466 de
2442 3403 2632 3468 rebus
2678 3420 2839 3487 quae

468 3518 651 3579 antea
715 3510 974 3576 fuerunt
1029 3504 1194 3572 nihil
1256 3526 1293 3570 a
1351 3504 1641 3572 Labeone
1706 3506 2079 3571 affirmatur.
2144 3506 2245 3570 Ad
2306 3526 2407 3571 res
2453 3509 2841 3574 vetustiores

467 3617 932 3707 cog-noscendas
975 3617 1172 3680 etiam
1218 3611 1495 3676 aliorum
1543 3618 1881 3677 auctorum
1928 3613 2296 3677 testimonia
2340 3633 2603 3681 evocare
2651 3614 2803 3679 licet
2820 3661 2837 3691 ,

467 3727 523 3791 si
581 3745 706 3814 qua
764 3729 913 3789 sunt
957 3740 1118 3808 quae
1161 3739 1234 3784 eo
1282 3720 1659 3803 pertineant.
1712 3717 2064 3806 Dionysius
2113 3722 2335 3783 autem
2354 3767 2370 3797 ,
2421 3719 2499 3786 de
2550 3728 2837 3806 tempore

466 3830 732 3899 Romuli
777 3832 948 3916 regis
991 3846 1219 3914 agens,
1269 3824 1426 3889 dicit
1463 3826 1633 3889 hunc
1672 3845 1892 3911 regem
1927 3826 2185 3891 iussisse
2224 3846 2445 3892 omnes
2486 3826 2837 3892 sacerdotes

468 3941 578 4023 qui
625 3942 768 4003 tum
814 3939 1022 4001 essent
1066 3930 1526 3998 ἀποδείκνυσθαι
1579 3931 1694 4008 μὲν
1746 3931 1862 3997 ὑπὸ
1910 3936 2026 3995 τῶν
2070 3936 2371 4015 Φρατρῶν,
2414 3931 2837 4011 ἐπικυροῦσθαι

470 4041 530 4108 δὲ
602 4044 716 4109 ὑπὸ
787 4044 906 4107 τῶν
968 4037 1384 4121 ἐξηγουμένων
1443 4036 1529 4101 τὰ
1592 4038 1725 4101 θεῖα
1791 4034 1889 4101 διὰ
1954 4044 2255 4113 μαντικῆς
2277 4058 2292 4116 ;
2353 4037 2425 4103 hi
2484 4034 2838 4103 sacerdotes

468 4155 687 4216 autem
702 4197 721 4228 ,
768 4169 924 4235 quos
969 4152 1115 4213 ante
1161 4144 1445 4211 Numam
1488 4144 1823 4219 institutos
1868 4162 2002 4209 esse
2038 4140 2229 4229 paulo
2270 4148 2454 4210 antea
2498 4142 2842 4209 affirmavit

541 4396 593 4459 1)
630 4394 732 4446 Cic.
765 4394 857 4457 leg.
893 4408 993 4456 agr.
1025 4388 1256 4443 611.Βῖ
1292 4392 1342 4439 et
1375 4388 1522 4440 2.19.
1544 4388 1625 4439 81.
