3192 5009
515 251 604 318 24
1527 268 1864 319 noasrms.

512 438 729 515 illam,
772 458 966 523 quam
1005 442 1150 523 post
1186 436 1346 501 hanc
1385 439 1660 515 amavit,
1702 442 1984 503 cantasse
2004 440 2075 501 in
2099 434 2253 501 Odis
2278 434 2477 502 semel
2494 438 2883 522 iterumque,

514 566 629 610 nec
672 566 800 609 uno
845 545 1216 631 cognomine
1264 542 1374 608 sed
1419 545 1650 619 variis,
1695 546 1934 629 pariter
1976 550 2165 627 atque
2203 545 2481 628 primam
2516 541 2887 620 flammam,

515 671 675 737 quae
717 650 876 715 latet
921 650 1038 715 sub
1085 650 1448 714 nominibus
1493 648 1750 714 Inachia
1770 698 1786 727 ‚
1836 648 2077 715 Neaera
2094 698 2110 727 ‚
2158 649 2429 735 Pyrrha.

604 757 757 822 Fuit
815 761 1034 821 autem
1093 776 1406 842 mag-num
1447 754 1788 821 discrimen
1832 758 2001 820 inter
2045 758 2333 841 primum
2374 754 2667 821 Inachiae
2712 774 2889 820 amo-

512 886 652 930 rem
720 868 784 928 et
848 860 1038 927 illum
1054 909 1071 939 ,
1143 882 1266 947 quo
1335 864 1765 947 quinquennio
1833 862 1961 926 fere
2031 867 2179 947 post
2244 858 2541 928 Cinaram
2602 860 2885 946 aliasque

515 971 806 1055 deinceps
849 974 1220 1056 prosecutus
1266 972 1381 1032 est.
1432 964 1600 1034 Cum
1646 966 1761 1033 illa
1802 967 2136 1033 vinculum
2173 972 2537 1053 speraverat
2572 968 2708 1033 fore
2744 966 2887 1033 nul-

511 1076 640 1141 lius
687 1078 1053 1139 interventu
1098 1077 1532 1159 interruptum
1549 1123 1565 1150 ,
1608 1094 1734 1158 qua
1774 1094 1883 1159 spe
1922 1074 2253 1139 fraudatus
2290 1095 2415 1139 non
2432 1122 2449 1151 ,
2490 1079 2565 1139 ut
2587 1072 2885 1139 Tibullus
2904 1088 2921 1099 ·

514 1187 579 1246 et
623 1180 996 1264 Propertius
1040 1183 1229 1265 atque
1274 1182 1410 1263 ipse
1453 1184 1705 1264 postea,
1754 1177 1951 1244 altero
1996 1178 2134 1244 loco
2178 1185 2323 1265 post
2370 1178 2703 1245 aemulum
2756 1180 2885 1245 fuit

515 1291 846 1352 contentus
865 1334 882 1363 ,
945 1284 1054 1350 sed
1099 1284 1276 1350 nulla
1319 1304 1500 1350 mora
1543 1287 1869 1370 periuram
1913 1285 2310 1371 repudiavit,
2359 1306 2750 1372 quamquam
2792 1288 2889 1351 ita

515 1392 738 1457 ardens
797 1398 873 1456 ut
931 1412 1122 1476 supra
1167 1391 1472 1457 vidimus.
1522 1390 1701 1457 Serio
1750 1412 1963 1457 amore
2005 1398 2156 1457 tunc
2202 1393 2513 1458 abstinuit
2560 1412 2763 1478 usque
2807 1391 2891 1457 ad

516 1495 814 1564 Cinaram
829 1546 845 1573 ,
895 1499 1154 1561 tametsi
1197 1497 1358 1561 forte
1403 1496 1675 1562 indulsit
1722 1496 2047 1563 affectibus
2096 1496 2445 1564 levioribus
2488 1504 2553 1564 et
2590 1499 2893 1564 breviori-

515 1605 670 1670 bus:
720 1624 1026 1680 amore,
1076 1605 1218 1688 qui
1255 1624 1374 1668 me
1412 1608 1752 1689 praeter
1790 1624 2067 1669 omnes
2105 1607 2441 1689 expetit
2478 1603 2890 1670 mollibus

515 1713 598 1775 in
644 1712 938 1795 pueris
987 1716 1066 1774 et
1103 1711 1187 1773 in
1231 1708 1557 1795 puellis
1602 1730 1843 1775 urere
1888 1710 2159 1796 Ep.11.
2190 1711 2248 1776 1.
2299 1708 2501 1778 Cuius
2543 1714 2638 1776 rei
2676 1718 2894 1777 tamen

517 1837 670 1903 ergo
732 1836 812 1881 ne
867 1818 1010 1901 quis
1055 1814 1363 1901 Priapum
1410 1836 1561 1880 eum
1610 1818 1896 1880 nominet
1914 1864 1930 1893 ,
1979 1816 2317 1902 reputandi
2366 1824 2517 1882 sunt
2562 1836 2773 1881 mores
2820 1816 2898 1882 il-

514 1921 643 1987 lius
695 1924 950 2000 aetatis,
1000 1942 1125 2006 qua
1168 1941 1247 1986 ne
1293 1921 1665 2007 Propertius
1712 1922 1973 2008 quidem
2018 1925 2086 1987 in
2132 1926 2271 2009 ipso
2320 1920 2635 2010 Cynthiae
2680 1944 2897 1989 amore

518 2030 596 2094 ab
645 2028 786 2093 aliis
834 2028 1208 2093 abstinebat.
1255 2026 1354 2092 El.
1405 2026 1502 2091 III
1553 2024 1657 2094 1¹7.
1705 2026 1793 2092 IV
1840 2026 1949 2093 20.
1998 2027 2053 2092 V
2100 2026 2142 2092 8
2188 2028 2261 2092 L.
2310 2028 2405 2093 Μ.

609 2133 735 2199 Sed
776 2134 896 2199 hoc
939 2136 1072 2198 iam
1121 2133 1427 2199 didicerat
1465 2134 1794 2212 Horatius,
1834 2140 1947 2199 aut
1989 2154 2246 2199 omnem
2284 2133 2543 2200 Veneris
2582 2134 2896 2199 militiam

518 2260 654 2306 esse
698 2239 1185 2327 ‚detrectandam
1205 2288 1221 2317 ,
1283 2245 1396 2305 aut
1459 2240 1984 2326 acquiescendum
2026 2243 2094 2305 in
2143 2241 2567 2307 formosarum
2610 2240 2896 2327 perfidia.

521 2344 689 2413 Cum
756 2344 920 2410 illud
989 2343 1188 2410 nollet
1203 2394 1220 2422 ,
1291 2346 1412 2411 hoc
1472 2349 1789 2432 patienter
1848 2344 2000 2411 fecit
2019 2394 2036 2424 ,
2100 2353 2176 2411 ut
2234 2350 2457 2412 statim
2520 2352 2783 2433 apparet
2826 2348 2899 2411 in

521 2450 752 2519 Cinara
768 2500 784 2527 ,
856 2470 1016 2535 quae
1087 2470 1476 2535 quamquam
1545 2456 1681 2515 erat
1748 2470 1943 2535 rapax
2004 2457 2069 2516 et
2128 2456 2421 2537 proterve
2484 2452 2683 2537 fug-ax
2705 2499 2721 2529 ,
2770 2472 2899 2515 nou

519 2564 774 2633 tantum
835 2555 1166 2633 toleravit,
1217 2556 1327 2621 sed
1373 2559 1569 2623 etiam
1615 2562 1761 2644 post
1805 2556 2030 2643 fugam
2078 2560 2213 2623 sine
2259 2556 2395 2623 ulla
2442 2559 2787 2623 acrimonia
2830 2564 2901 2623 et

521 2684 670 2729 cum
715 2684 1002 2728 moerore
1048 2666 1593 2729 commemoravit.

610 2768 671 2833 N
674 2790 753 2833 on
810 2771 1027 2833 minus
1087 2776 1306 2834 autem
1366 2772 1713 2835 immutata
1776 2772 1975 2834 animi
2034 2773 2356 2855 persuasio
2403 2770 2519 2834 hac
2565 2772 2635 2834 in
2679 2790 2747 2835 re
2795 2790 2919 2855 aps

519 2880 700 2962 paret
757 2877 828 2939 in
890 2872 1042 2940 Odis
1086 2874 1236 2941 libri
1280 2875 1313 2940 1
1361 2877 1616 2941 eroticis
1634 2924 1651 2953 ,
1703 2896 1975 2961 quarum
2022 2877 2231 2960 prima
2276 2873 2335 2955 (I
2384 2874 2452 2960 5)
2500 2877 2697 2940 etiam
2742 2877 2904 2939 anti-

521 2984 830 3068 quissima
877 3002 1011 3047 esse
1057 2983 1331 3048 videtur.

613 3085 864 3173 Scripta
921 3093 1019 3155 est
1077 3108 1226 3153 cum
1285 3094 1474 3173 poeta
1531 3109 1569 3153 e
1629 3090 2012 3175 gravissimo
2070 3090 2137 3153 in
2187 3108 2403 3153 amore
2453 3088 2788 3175 naufragio
2832 3090 2904 3153 in

518 3192 706 3258 littus
745 3195 984 3258 eiectus
1030 3192 1280 3258 uvida
1326 3195 1845 3258 vestimenta
1890 3193 2319 3280 suspendisset
2365 3197 2710 3279 potenti
2754 3212 2906 3259 ma·

521 3301 638 3363 ris
693 3298 860 3363 deo,
909 3298 1230 3383 Expertus
1279 3304 1414 3364 erat
1457 3301 1665 3385 igitur
1711 3299 1884 3365 haud
1926 3299 2141 3364 levem
2190 3299 2474 3365 dolorem
2521 3322 2634 3386 per
2678 3296 2865 3365 illam
2886 3348 2903 3377 ,

523 3424 718 3489 quam
761 3409 947 3469 vocat
993 3402 1046 3467 P
1063 3426 1109 3491 y
1127 3404 1265 3469 rrh
1283 3425 1404 3469 am
1422 3452 1439 3482 ,
1487 3406 1669 3469 cuius
1720 3404 1837 3469 sub
1887 3404 2088 3469 nitido
2138 3404 2543 3491 simplicique
2588 3404 2771 3470 cultu
2814 3402 2907 3469 la-

523 3509 698 3574 tebat
757 3507 1000 3575 indoles
1061 3513 1318 3595 aequori
1378 3508 1611 3574 similis
1670 3512 1875 3596 nigris
1922 3512 2133 3575 ventis
2183 3514 2445 3597 agitate.
2519 3510 2909 3575 Praemonet

522 3617 821 3693 miseros,
886 3616 1117 3700 quibus
1178 3619 1606 3681 intentata
1666 3619 1919 3693 nitet,
1983 3621 2059 3680 ut
2122 3616 2199 3681 ab
2248 3636 2322 3680 ea
2364 3622 2663 3693 caveant;
2710 3613 2907 3680 illum

520 3723 844 3805 imprimis
861 3770 878 3799 ,
928 3724 1040 3807 qui
1085 3743 1251 3787 nunc
1296 3744 1370 3787 ea
1415 3720 1657 3786 fruitur
1693 3720 1985 3786 credulus
2022 3726 2087 3786 et
2125 3724 2375 3786 nescius
2414 3741 2603 3786 aurae
2641 3720 2905 3787 fallacis.

615 3824 705 3890 Ut
752 3833 969 3892 autem
1014 3827 1168 3893 haec
1214 3848 1340 3892 non
1379 3826 1617 3892 cadunt
1650 3829 1719 3891 in
1764 3827 1805 3892 b
1825 3848 1861 3891 o
1881 3847 2063 3892 nam
2102 3824 2403 3894 Cinaram
2422 3877 2437 3905 ,
2484 3836 2596 3893 aut
2618 3830 2687 3891 in
2707 3846 2907 3892 unam

525 3953 602 3998 ex
668 3932 801 3997 illis
871 3954 1028 4019 quas
1090 3933 1294 3999 obiter
1354 3932 1552 3998 coluit
1571 3982 1588 4011 ‚
1652 3935 1745 3997 ita
1810 3935 1984 3998 omni
2048 3953 2126 3997 ex
2174 3939 2353 4019 parte
2402 3935 2789 3999 conveniunt
2833 3935 2904 3997 in

523 4038 969 4103 Inachiam.
1019 4037 1306 4104 Sentitur
1347 4042 1416 4103 in
1460 4042 1722 4126 egregio
1762 4042 2040 4105 carmine
2078 4042 2279 4103 animi
2319 4042 2665 4105 commotio
2702 4038 2902 4117 illius,

526 4146 637 4230 qui
705 4142 834 4209 alta
903 4150 1117 4210 mente
1186 4150 1507 4231 repostam
1575 4145 1769 4209 habet
1835 4147 2141 4223 iniuriam
2205 4147 2400 4230 spreti
2464 4153 2530 4210 et
2591 4144 2906 4210 ludificati

525 4254 778 4316 amoris.
826 4252 1066 4317 Acerbe
1113 4254 1201 4317 sic
1238 4257 1458 4337 rogat:
1508 4253 1701 4336 quis
1748 4272 1959 4316 nunc
2008 4259 2086 4316 te
2133 4256 2417 4338 urget,
2458 4259 2532 4315 ut
2571 4250 2728 4316 olim
2761 4270 2904 4336 eg0‚

526 4364 770 4445 grato
819 4359 965 4423 sub
1011 4354 1291 4423 antro?
1335 4394 1420 4405 —
1461 4356 1669 4435 Quam
1714 4365 1937 4443 gratus
1984 4359 2045 4422 ei
2092 4356 2217 4422 fuit
2255 4356 2469 4434 locus,
2512 4366 2649 4422 tam
2686 4357 2907 4423 acerba
