3192 5009
1378 287 1622 337 omnao.
2555 268 2682 337 11¹7

305 453 483 517 niam
544 452 976 540 gladiatorum
1034 455 1276 519 mentio
1340 452 1626 518 nondum
1686 452 1850 517 facta
1913 456 2009 517 est
2025 499 2040 527 ,
2089 450 2204 517 illa
2245 455 2684 539 interpretatio

305 559 467 625 dura
504 564 619 625 est.
669 559 997 646 'Pyrrellus
1038 562 1277 646 recepit
1317 557 1493 625 Bosii
1533 558 2042 624 emendationem
2079 559 2268 637 λόχον
2308 581 2374 625 o:
2417 582 2685 628 manum

304 668 443 731 sive
479 666 884 751 manipulum
902 716 919 745 ‚
962 687 1121 752 quae
1162 666 1329 730 mihi
1370 686 1620 751 quoque
1658 664 2006 729 admodum
2043 664 2382 750 probabilis
2407 668 2682 733 videtur.

306 770 488 851 Quod
534 773 891 856 suspicatus
940 793 1086 836 sum
1132 772 1286 837 haec
1331 776 1397 836 et
1445 792 1606 856 quae
1653 776 2006 856 sequuntur
2042 772 2281 837 ironice
2321 772 2490 838 dicta
2526 795 2681 853 esse,

298 878 371 942 id
439 898 564 943 non
630 879 992 943 confirmari
1053 877 1306 944 ultimis
1366 878 1579 943 verbis
1644 898 1742 963 ep.
1811 876 1894 942 8a
1955 878 2173 955 fateor,
2238 880 2453 964 itaque
2514 903 2684 947 nunc

299 984 547 1049 abiicio.
596 982 935 1049 Obiectum
981 984 1327 1050 verborum
1376 984 1573 1047 locare
1620 988 1686 1048 et
1734 982 2045 1047 liberasses
2091 988 2242 1047 sunt
2273 986 2645 1065 qladiatores
2663 1036 2680 1065 ,

298 1095 365 1155 ct
427 1088 646 1156 Cicero
704 1092 823 1156 hoc
869 1090 1053 1157 dicit:
1105 1092 1161 1155 si
1207 1111 1313 1155 eos
1359 1088 1565 1155 locare
1613 1088 1924 1155 voluisses
1969 1092 2051 1154 iis
2069 1138 2086 1167 ‚
2138 1093 2250 1174 qui
2296 1113 2498 1177 nuper
2542 1115 2682 1159 mu-

296 1217 451 1261 nera
487 1195 867 1283 gladiatoria
906 1196 1215 1263 dederunt
1230 1246 1247 1275 ,
1291 1200 1636 1283 accepisses
1675 1201 1951 1274 tantum,
1979 1200 2199 1282 quanti
2224 1198 2342 1263 tibi
2367 1204 2678 1266 constant.

389 1413 535 1479 ΠῙΙ.
584 1414 646 1494 5,
678 1416 735 1481 l.
808 1417 925 1480 Sed
989 1418 1232 1481 valeant
1296 1424 1491 1494 recta,
1567 1438 1712 1479 vera
1729 1465 1744 1494 ,
1817 1418 2062 1481 honesta
2130 1418 2404 1481 consilia.
2482 1417 2678 1485 Recte

297 1522 649 1589 Lambinus
710 1524 791 1589 ad
849 1524 1103 1589 Horatii
1164 1546 1427 1590 versum
1488 1544 1567 1589 ex
1629 1522 1747 1608 Ep.
1814 1522 1895 1587 H.
1968 1523 2183 1601 1,180
2248 1524 2556 1611 exemplis
2603 1526 2680 1590 il-

294 1628 575 1694 lustrans
620 1651 813 1695 usum
862 1630 1040 1695 verbi
1090 1630 1287 1694 valere
1305 1679 1322 1707 ,
1373 1629 1622 1715 quando
1683 1630 2126 1694 contemnendi
2167 1636 2232 1695 et
2271 1633 2678 1699 renuntiandi

296 1736 436 1800 vim
504 1736 729 1814 habet,
790 1737 945 1801 haec
1004 1737 1196 1801 verba
1260 1738 1505 1801 citavit.
1570 1733 1741 1799 Nam
1801 1743 1945 1820 post
2007 1756 2082 1801 ea
2100 1784 2116 1813 ‚
2181 1758 2340 1822 quae
2387 1740 2676 1824 proxime

294 1842 681 1927 praecedunt
742 1842 1225 1929 „subturpicula
1286 1844 1449 1908 mihi
1508 1842 1847 1907 videbatur
1893 1864 2027 1908 esse
2077 1844 2486 1922 παλινῳδία”,
2536 1866 2678 1910 con-

296 1946 441 2013 silia
504 1951 706 2035 ipsius
769 1948 1088 2016 Ciceronis
1152 1948 1491 2035 cogitanda
1555 1953 1726 2013 sunt.
1789 1947 2015 2033 Itaque
2075 1949 2318 2013 vacem
2376 1952 2441 2015 h.
2467 1950 2536 2029 1.,
2600 1958 2676 2017 ut

299 2052 474 2120 ΧΠ.
528 2055 631 2135 15,
660 2054 721 2134 5,
769 2062 867 2122 est
909 2054 1084 2121 idem
1131 2055 1301 2141 quod
1346 2062 1594 2133 abeant,
1632 2062 1910 2137 pereant.

390 2273 537 2340 IIH.
588 2273 649 2352 9,
682 2274 740 2339 1.
798 2276 1033 2361 Syriam
1074 2299 1359 2358 spernens
1375 2325 1392 2354 ‚
1442 2274 1814 2359 Hispanimn
1859 2276 2110 2339 iactam.
2161 2274 2491 2361 Tyrrellus
2537 2299 2675 2363 pro-

293 2382 473 2447 bavit
541 2380 821 2446 Manutii
890 2384 1483 2468 interpretationem
1552 2383 1876 2467 participii
1937 2382 2172 2445 iactans
2190 2430 2206 2459 ‚
2269 2387 2344 2445 ut
2406 2385 2491 2446 sit
2539 2386 2674 2460 „ita

294 2490 627 2575 exagitans
645 2537 662 2566 ,
730 2492 911 2573 quasi
968 2488 1284 2554 fastidiret
1302 2537 1318 2567 ,
1384 2495 1459 2553 ut
1526 2488 1884 2555 ostenderet
1932 2510 1998 2554 se
2047 2491 2522 2574 provinciarum
2571 2490 2674 2555 ad-

290 2596 832 2661 ministrationem
850 2644 865 2673 ,
932 2616 1206 2680 quarum
1262 2594 1373 2660 alii
1420 2594 1715 2681 cupidate
1762 2594 2106 2682 flagrarent
2122 2644 2139 2672 ,
2189 2596 2446 2660 minimi
2493 2598 2676 2661 aesti-

288 2700 533 2777 mare'',
596 2706 661 2765 et
720 2699 947 2765 multis
990 2700 1147 2767 locis
1196 2701 1626 2766 demonstrare
1675 2707 1936 2766 conatus
1983 2706 2080 2765 est
2125 2701 2398 2767 verbum
2445 2701 2673 2766 iactare

288 2827 773 2892 nonnumquam
832 2807 1061 2873 habere
1120 2810 1258 2872 vim
1319 2807 1655 2873 abiiciendi
1703 2814 1768 2871 et
1815 2806 2279 2873 contemnendi.
2329 2806 2472 2893 Ego
2517 2828 2669 2873 vero

288 2932 455 2999 nego
516 2914 750 2977 iactare
797 2919 862 2978 et
906 2915 1131 2979 iactari
1174 2933 1459 3000 unquam
1505 2916 1599 2978 ita
1646 2913 1892 2978 dictum
1941 2933 2073 2977 esse
2093 2961 2108 2990 ,
2161 2919 2227 2977 et
2271 2914 2340 2976 in
2385 2911 2544 2978 locis
2591 2914 2669 2979 ab

288 3039 364 3083 eo
434 3017 714 3083 laudatis
782 3021 935 3104 poni
1001 3020 1188 3084 video
1251 3041 1364 3104 pro
1426 3018 1660 3100 ayitare
1722 3024 1786 3084 et
1847 3019 2093 3099 ayitari,
2157 3018 2384 3083 vexari.
2445 3017 2670 3105 Itaque

290 3124 554 3191 defendo
600 3130 766 3190 recte
813 3146 919 3190 me
965 3128 1033 3189 in
1080 3125 1487 3190 adnotatione
1535 3125 1614 3189 ad
1661 3125 1816 3190 haec
1853 3124 2045 3190 verba
2083 3127 2406 3189 monuisse
2445 3146 2668 3191 vocem

285 3232 523 3295 iactam
570 3234 802 3316 opponi
850 3231 1251 3318 praecedenti
1296 3253 1612 3313 spernens,
1678 3237 1742 3296 et
1798 3231 2184 3316 Pompeium
2224 3232 2489 3319 deping-i
2526 3253 2670 3297 con-

288 3345 685 3403 temnentem
754 3340 1149 3422 provinciam'
1221 3335 1445 3405 Crasso
1461 3386 1477 3415 ‚
1542 3336 1730 3404 valde
1793 3336 2209 3403 extollentem
2271 3341 2670 3423 provinciam

286 3444 410 3510 sibi
456 3443 859 3509 destinatam.

379 3662 527 3728 IIII.
583 3662 687 3741 11,
715 3662 778 3727 2.
827 3664 955 3744 qu
1001 3686 1215 3727 mecum
1244 3669 1494 3745 praeter
1530 3662 1889 3747 Dionysium
1927 3661 2108 3724 edum·
2145 3662 2448 3727 neminem.
2489 3662 2662 3730 Med.

290 3772 457 3834 dm.
509 3769 633 3835 Sed
672 3776 840 3835 recte
885 3768 1048 3833 illud
1096 3790 1131 3835 e
1179 3769 1390 3834 codice
1436 3767 1664 3833 Faerni
1712 3774 1776 3833 et
1823 3788 1858 3832 e
1902 3770 2194 3855 marg-ine
2242 3766 2412 3834 Orat.
2461 3790 2667 3855 recep-

288 3882 435 3941 tum
504 3882 620 3941 est.
691 3875 860 3940 Nam
925 3873 1144 3941 Cicero
1208 3896 1459 3959 semper
1518 3877 1772 3959 scripsit
1833 3874 2090 3937 comitem
2150 3896 2342 3937 secum
2401 3877 2663 3940 educere.

288 3980 385 4051 Of.
432 3982 611 4048 Verr.
658 3981 742 4046 H.
792 3981 855 4058 2,
884 3980 992 4046 28.
1042 3978 1232 4047 Catil.
1282 3980 1332 4044 Ι.
1362 3979 1401 4045 9
1451 3986 1515 4044 et
1568 3980 1671 4045 10.
1720 3982 1786 4044 in
1833 3981 1966 4045 Pis.
2016 3978 2124 4045 83.
2171 3980 2248 4045 ad
2301 3978 2372 4061 Q.
2421 3981 2498 4048 fr.
2547 3980 2661 4048 ΠΙ.

288 4088 351 4167 3,
378 4087 441 4166 4,
488 4088 719 4173 quibus
762 4086 917 4152 locis
966 4085 1145 4151 nulla
1192 4088 1540 4172 scripturae
1589 4088 1865 4151 varietas
1913 4091 2028 4150 est.

376 4291 521 4357 ΠῙῙ.
574 4289 679 4369 16,
708 4287 767 4356 ’7.
833 4297 1064 4353 constat
1112 4289 1316 4353 aditus
1353 4289 1590 4353 insulae
1631 4311 1754 4353 esse
1789 4288 2046 4353 munitos
2083 4287 2358 4371 minfieis
2389 4289 2656 4354 molibus.

286 4398 357 4465 Si
402 4402 495 4463 ita
540 4401 609 4463 in
656 4396 867 4462 codice
912 4395 1055 4461 MS.
1102 4404 1267 4461 esset
1286 4444 1302 4472 ,
1361 4417 1547 4461 nemo
1595 4395 1916 4461 dubitaret
1963 4395 2038 4460 de
2073 4397 2354 4459 -veritate
2399 4398 2666 4481 scriptu-
