3192 5009
568 259 701 328 370
1402 277 1696 326 omenti
1742 277 2103 326 swnnmi.

931 441 1063 507 οὐδέ
1111 441 1171 505 σ’
1219 442 1478 515 ὀνήσειεν
1528 447 1610 522 (-ε
1625 441 1677 524 Y)
1725 445 2156 524 σφαιρῶματα
2207 443 2680 526 καγχαλόωντα

932 545 1222 627 ζωδιακοῦ
1272 546 1535 626 κύκλου,
1586 548 1756 628 Κριὸς
1807 553 2048 627 Ταῦρος
2099 550 2362 626 Δίδυμοί
2409 573 2480 614 τε

933 653 1021 727 ἥδ’
1068 651 1272 718 ὁπόσοι
1321 655 1429 718 σὺν
1476 662 1666 720 τοῖσιν
1714 656 1773 718 ἕν
1824 657 2044 736 οὐρανῷ
2092 656 2481 721 ἱνδάλλονται
2601 694 2606 698 -

933 758 1186 840 ἀστέρες
1234 759 1549 839 ὦρονόμοι·
1600 762 1874 840 τλήμων,
1922 769 2312 826 πολλοῖσι
2365 761 2659 834 πέποιθας

932 865 1157 931 ὁπποῖ’
1204 866 1351 945 άνῆρ
1398 863 1495 944 ἄρ’
1544 867 1852 939 ἐκεῖνος
1903 868 1988 932 τὸ
2036 867 2169 932 σὸν
2218 867 2557 944 μετόπισθε
2601 867 2917 948 πελάσσῃ.

565 974 639 1039 In
684 974 918 1038 ultimo
966 993 1157 1038 versu
1204 971 1366 1037 nihil
1411 972 1650 1038 melius
1690 977 1934 1059 reperio
1975 995 2172 1060 quam
2219 974 2534 1044 ἐκεῖνος
2584 976 2738 1051 σοί,
2791 972 2966 1059 qnod

562 1085 697 1146 iam
744 1080 1071 1166 proposuit
1115 1077 1507 1155 Alexandre;
1560 1079 1670 1144 sed
1716 1082 1904 1167 gravi
1951 1085 2276 1165 praeterea
2323 1083 2484 1146 vitio
2501 1128 2518 1158 ,
2567 1079 2736 1166 quod
2781 1082 2964 1145 viros

563 1188 779 1253 doctos
842 1185 1061 1250 fallere
1122 1187 1407 1269 potuisse
1467 1187 1686 1262 miror,
1741 1188 2059 1271 premitur
2105 1189 2402 1272 ineptum
2447 1186 2623 1251 istud
2672 1193 2960 1250 πολλοῖσι

560 1297 631 1359 in
676 1291 1094 1379 paenultimo.
1142 1291 1361 1376 Aeque
1400 1297 1618 1355 tamen
1657 1298 1828 1356 certa
1866 1311 2061 1377 quam
2101 1292 2305 1357 facilis
2347 1294 2660 1358 succurrit
2683 1290 2961 1356 medela.

563 1399 733 1466 Nam
777 1396 999 1484 procul
1053 1397 1243 1462 dubio
1292 1403 1479 1483 poeta
1526 1399 1816 1483 scripsit:

1427 1505 1700 1582 τλήμων,
1751 1506 1831 1570 τί
1877 1505 1973 1569 πό
1990 1520 2202 1569 λοισι
2255 1507 2586 1582 πέποιθας,

927 1612 1148 1676 ὅπποτ’
1196 1611 1344 1691 άνὺρ
1392 1609 1486 1689 ἂρ’
1538 1611 1760 1684 ἐκεῖνος
1806 1649 1890 1659 -
1943 1609 2266 1692 πελάσσῃ

608 1715 892 1783 X11184
935 1716 1281 1780 ἔσσεται
1352 1717 1435 1780 ἐκ
1496 1716 1888 1795 τετράδος
1955 1717 2326 1796 κεραίης,
2379 1717 2646 1791 πολλοὺς
2699 1717 2752 1782 δ’
2808 1720 2962 1782 dro-

2693 1822 2957 1904 [λέσσει.

566 1931 824 2010 Κεραίής
886 1951 1001 2015 pro
1062 1937 1276 2008 γενεῆς
1342 1933 1587 2016 optima
1635 1937 1732 1995 est
1778 1930 2126 1995 Alexandri
2171 1930 2536 1996 emendatio
2555 1980 2571 2005 ,
2621 1929 2733 1994 sod
2783 1949 2960 2014 prae-

563 2045 737 2103 terea
782 2035 1047 2102 malim:

929 2140 1160 2205 ἔσται
1208 2141 1602 2222 τετράδος
1651 2143 1732 2207 ἐκ
1781 2142 2148 2223 κεραίης,
2201 2143 2328 2206 κτὲ.

563 2253 676 2336 qui
720 2255 818 2315 est
863 2246 1126 2333 reliquis
1173 2245 1330 2312 locis
1376 2248 1727 2312 verborum
1771 2247 1924 2312 ordo
1972 2246 2026 2310 V
2075 2245 2181 2312 40.
2232 2247 2368 2312 XII
2422 2246 2571 2312 125.

607 2355 776 2419 XIII
804 2353 889 2419 93
929 2353 1001 2427 δή
1049 2351 1191 2416 τότε
1239 2375 1367 2431 σοι,
1415 2353 1653 2418 Τύαν’
1703 2353 1814 2417 ἰδὲ
1863 2352 2170 2434 Μάζακα,
2221 2351 2416 2418 ἔσσεθ’
2466 2351 2717 2424 ἅλωσις.

560 2465 651 2529 sic
698 2464 834 2527 sine
880 2465 1087 2525 metro
1133 2459 1332 2525 edidit
1378 2459 1586 2525 Rzach
1625 2482 1660 2526 e
1697 2463 2058 2526 coniectura
2095 2460 2337 2526 scilicet
2376 2481 2493 2526 sua
2532 2481 2646 2546 pro
2686 2460 2947 2525 Τύαννα

561 2569 665 2635 καὶ
686 2617 703 2648 ,
752 2573 1095 2654 postquam
1140 2565 1497 2631 Alexandre
1543 2569 1786 2652 optime
1833 2573 2225 2632 correxerat:

921 2672 991 2748 δή
1042 2669 1180 2736 τότε
1231 2693 1354 2749 σοι,
1403 2669 1686 2736 Τύανα
1734 2673 1868 2736 καὶ
1917 2672 2237 2754 Μάζακα,
2289 2671 2481 2737 ἕπεθ’
2527 2670 2795 2748 ἅλωσις,

555 2782 853 2868 legitime
918 2777 1229 2864 producta
1288 2775 1539 2863 syllaba
1599 2777 1834 2843 ultima
1892 2780 2070 2843 vocis
2134 2781 2358 2845 Τύανα
2417 2785 2565 2844 ante
2613 2797 2944 2846 caesuram

557 2886 1104 2972 semiquinariam.

598 2991 771 3056 XIII
800 2990 925 3056 111
974 2989 1312 3066 Ῥωμαίους
1360 2988 1411 3053 δ’
1461 2989 1736 3055 ὅλέσουσι
1789 2990 1962 3070 Σύροι
2013 2991 2274 3073 Πέρσῃσι
2321 2992 2644 3070 μιγέντες,

965 3095 1118 3159 ἀλλ’
1156 3096 1231 3164 ,οὐ
1282 3095 1693 3168 νικήσουσι
1746 3096 2032 3172 νόμους
2081 3095 2451 3177 θεοκράντορι
2497 3097 2715 3178 βουλῇ.

551 3203 911 3269 Alexandre
958 3200 1437 3286 elegantissime
1456 3250 1472 3278 ‚
1523 3207 1600 3266 ut
1647 3201 1840 3280 solet,
1884 3202 2163 3268 alterum
2203 3224 2462 3269 versum
2501 3203 2709 3270 reddit
2746 3225 2944 3270 versu

556 3309 785 3376 Latino

520 3405 543 3430 ⁰
962 3413 1080 3478 Sed
1120 3437 1240 3477 non
1284 3435 1500 3494 mamm
1544 3411 1666 3477 Dei
1711 3415 1956 3478 dabitur
2002 3416 2328 3480 convellere
2353 3417 2537 3501 sata.

550 3524 735 3608 quasi
794 3522 880 3586 sit
932 3523 1001 3585 in
1050 3516 1309 3584 Graecis
1357 3520 1571 3594 νόμους
1621 3519 1989 3601 θεοκράντορι
2038 3520 2240 3602 βουλῇ
2287 3522 2595 3600 κειμένους
2615 3572 2633 3603 ,
2682 3523 2942 3609 qualem

548 3629 1143 3714 interpretationem
1204 3627 1512 3690 sermonis
1571 3629 1886 3691 rationem
1937 3629 2309 3712 permittere
2354 3629 2643 3694 multum
2688 3629 2938 3696 dubim.

550 3731 677 3798 Vix
747 3735 921 3798 enim
978 3731 1249 3796 dubium
1311 3737 1409 3795 est
1426 3779 1442 3808 ‚
1505 3733 1663 3816 quin
1727 3732 2094 3813 θεοκράντορι
2157 3732 2358 3815 βουλῇ
2405 3734 2808 3822 iungendum
2855 3738 2940 3800 sit-

550 3861 702 3906 cum
748 3839 961 3905 verbis
1008 3839 1074 3903 οὖ
1125 3837 1460 3915 νικήσουσι,
1522 3836 1694 3922 quod
1753 3841 1806 3902 si
1871 3838 2095 3904 feceris
2111 3889 2127 3916 ,
2191 3839 2408 3916 νόμους
2473 3861 2599 3907 non
2653 3841 2938 3926 amplius

531 3947 694 4031 sata
740 3943 1094 4030 significare
1143 3963 1326 4028 posse
1374 3943 1791 4008 manifestum
1837 3950 1954 4009 est.
2002 3943 2306 4023 Quocirca
2351 3949 2589 4012 conieci

958 4049 1109 4113 ἀλλ’
1156 4049 1221 4112 οὔ
1270 4048 1738 4120 νικήσουσιν
1783 4046 1978 4120 ὅλως
2030 4049 2400 4132 θεοκράντορι
2449 4052 2668 4134 βουλῇ.

548 4152 827 4222 Gaedent
888 4154 1151 4240 quidem
1198 4153 1347 4240 Syri
1393 4153 1714 4220 Romanos
1736 4205 1751 4232 ,
1801 4156 1912 4221 sed
1957 4156 2206 4222 decreto
2255 4157 2474 4223 divino
2523 4181 2642 4222 non
2677 4181 2934 4241 pror-m

549 4261 805 4324 vincent.

640 4364 813 4429 XIII
866 4363 993 4429 144
1044 4365 1119 4430 de
1164 4366 1522 4432 Aemiliano
1570 4369 1954 4454 imperatore
2003 4369 2270 4435 dicitur:
