3192 5009
1393 327 1742 377 Romaion.
2615 304 2745 370 239

739 496 848 559 καί
893 498 939 559 ν’
988 492 1132 572 ἦγον
1182 494 1352 574 προτὶ
1404 492 1567 559 ἄστυ
1616 494 1862 557 άελπὲα
1911 486 2218 555 άσπάσιόν
2265 513 2356 554 τε.

370 624 541 668 nunc
560 651 577 680 ‚
638 605 787 689 quia
848 603 1121 669 verbum
1182 600 1471 667 άελπτέω
1536 610 1706 666 recte
1768 599 2120 664 formatum
2178 602 2274 663 est
2293 644 2310 676 ,
2357 594 2750 682 probabilius

371 714 533 795 puto
578 709 774 774 fuisse
797 727 811 773 ε

738 813 848 879 καί
890 816 935 879 r’
982 810 1129 891 ἦγον
1179 812 1351 892 προτὶ
1401 810 1564 877 άστυ
1613 813 1656 875 ά
1673 836 1704 875 ε
1722 826 1758 875 λ
1781 835 1829 875 π
1845 834 1884 875 τ
1904 836 1932 876 ε
1950 810 2026 876 όν
2044 834 2082 873 τ
2103 834 2146 873 ω
2166 834 2196 873 ν
2242 809 2390 873 σάον
2437 803 2590 873 εἶναι

370 926 487 987 aut
532 924 588 985 ei
634 924 849 987 minus
896 920 1141 1007 placeat
1185 919 1332 985 talis
1370 921 1742 1006 genetivm,
1794 915 2367 982 άελπτέουσιν.
2417 913 2540 994 Qui
2579 915 2754 979 enim

364 1029 440 1092 in
500 1028 655 1093 urbe
714 1033 1076 1093 manserant
1093 1076 1110 1105 ,
1172 1027 1244 1091 hi
1307 1028 1549 1111 optime
1613 1024 1737 1090 dici
1781 1029 2073 1109 poterant
2117 1024 2433 1103 desperare
2476 1020 2756 1085 Hectoric

364 1134 639 1198 sabaim.
710 1132 1013 1201 Ceterum
1079 1136 1129 1199 ii
1190 1135 1301 1218 qui
1372 1134 1874 1197 contractionem
1936 1135 2049 1196 aut
2111 1130 2426 1216 eynizesin
2469 1126 2752 1193 Homero

362 1240 734 1305 abiudicant
779 1261 1004 1315 versus
1052 1238 1319 1305 310—3
1330 1239 1411 1304 12
1450 1241 1723 1304 minime
1763 1240 2140 1303 necessarios
2179 1237 2510 1301 recentiori
2534 1239 2754 1320 poetae

366 1346 654 1412 tribuere
703 1352 1023 1434 poterunt.

466 1532 677 1599 8305
771 1533 935 1607 καλη
984 1533 1587 1616 Καστιάνειρα,
1637 1531 1830 1609 δέμας
1887 1532 2085 1595 ἐικυῖα
2137 1532 2322 1613 θεῇσι.

364 1640 682 1726 Expectes
742 1643 957 1725 potius
1020 1641 1476 1720 Κασσιάνειρα,
1545 1648 1621 1704 ut
1668 1637 2072 1716 Κασσάνδρη,
2123 1635 2543 1714 Κασσιόπεια,
2595 1645 2756 1701 Κασ-

366 1745 635 1810 σιέπεια.
713 1746 838 1811 Sed
906 1746 984 1811 cf.
1050 1745 1349 1828 Κάστωρ,
1420 1744 1811 1849 Ἐπικάστη,
1883 1742 2204 1821 Ἰοκάστη,
2269 1742 2753 1820 Μηδεσικάστη,

360 1882 529 1947 quae
576 1882 725 1925 cum
772 1864 1031 1927 nomine
1077 1861 1325 1936 Κάδμος
1378 1864 1593 1927 omnia
1643 1859 1998 1924 formantur
2043 1879 2078 1923 a
2125 1858 2336 1923 radice
2385 1842 2538 1935 ἷῖιῖ,
2586 1856 2752 1921 unde

358 1968 638 2032 verbum
682 1968 1013 2048 καΙνυμαι,
1068 1966 1401 2043 κέκασμαι.
1452 1967 1674 2051 Itaque
1721 1967 1983 2030 fortasse
2031 1962 2265 2049 triplex
2305 1965 2432 2029 fuit
2468 1964 2753 2029 eiusdem

356 2076 643 2138 nominis
690 2073 893 2138 forma
944 2073 1393 2153 Καστιάνειρα,
1444 2071 1940 2157 [Κασσιάνειρα],
1993 2070 2377 2149 Κασσάνδρη.

464 2274 489 2328 1
522 2260 602 2329 17
628 2289 708 2313 =
734 2274 777 2327 B
807 2260 893 2329 79

729 2368 881 2439 Ζεύς
928 2393 1011 2442 με
1061 2369 1283 2445 μέγα
1336 2368 1611 2449 Κρονίδης
1661 2367 1832 2446 άάτη
1880 2364 2116 2439 ἐνέδησε
2167 2365 2405 2445 βαρείῃ.

366 2476 771 2562 Dignissima
810 2482 905 2540 est
945 2496 1103 2560 quae
1143 2477 1210 2539 in
1249 2479 1504 2539 textum
1542 2475 1887 2559 recipiatur
1923 2471 2276 2537 Aristarchi
2305 2470 2495 2537 lectio
2519 2470 2751 2547 μέγας,

368 2584 566 2647 nimis
630 2584 802 2647 enim
864 2580 1263 2648 incommode
1322 2580 1498 2658 μέγα
1560 2581 1856 2665 iungitur
1915 2598 2066 2643 cum
2131 2575 2370 2650 ἐνέδησε
2425 2583 2538 2641 aut
2605 2598 2755 2641 cum

372 2687 615 2767 βαρείῃ.

466 2870 670 2936 1182.
735 2869 1008 2935 Dualem
1062 2890 1406 2934 numerum
1466 2868 1571 2933 hic
1634 2872 1698 2932 et
1761 2868 2013 2952 saepius
2073 2868 2142 2929 in
2191 2887 2323 2951 sqq.
2375 2871 2753 2951 argumento

370 2999 509 3044 esse
578 2980 645 3041 in
706 2979 973 3061 pristina
1039 2974 1237 3041 Iliade
1300 2974 1457 3040 duos
1520 2978 1777 3039 tantum
1838 2974 1918 3037 ad
1966 2970 2284 3037 Achillem
2341 2974 2570 3037 missos
2618 2992 2752 3036 esee

369 3083 618 3170 legatos
662 3084 993 3148 verissime
1043 3082 1452 3146 observatum
1501 3088 1617 3145 eet.
1667 3080 2004 3144 Praeterea
2038 3098 2188 3142 vero
2228 3078 2395 3143 cadit
2431 3080 2498 3142 in
2538 3077 2752 3143 oculoe

368 3189 757 3255 Phoenicem
818 3187 895 3252 ad
948 3186 1268 3252 Achillem
1317 3188 1495 3251 mitti
1541 3207 1667 3249 non
1712 3187 1996 3270 potuisse
2014 3233 2031 3261 ,
2083 3186 2318 3270 quippe
2366 3205 2559 3268 quem
2603 3204 2752 3248 cum

367 3294 661 3361 Patrocle
722 3301 787 3359 et
845 3292 1367 3378 Myrmidonibus
1431 3290 1679 3356 alumni
1743 3293 1844 3355 eui
1889 3294 2104 3376 partes
2151 3294 2444 3355 secutum
2491 3292 2560 3353 in
2609 3292 2746 3354 eius

367 3399 777 3467 tabernaculo
822 3401 1129 3465 mansisse
1176 3396 1499 3483 probabile
1546 3397 1729 3462 foret.

462 3599 511 3653 Κ
540 3588 579 3653 5
740 3589 816 3658 ὦς
863 3586 917 3651 δ’
964 3582 1001 3650 ὅ
1011 3609 1158 3649 ταν
1208 3583 1541 3663 άστράπτη
1588 3584 1764 3655 πόσις
1809 3582 1994 3663 Ἥρης
2047 3585 2363 3661 ἠυκόμοιο,

730 3693 973 3775 τεύχων
1025 3692 1060 3767 ἢ
1109 3692 1299 3756 πολὺν
1346 3690 1573 3769 ὄμβρον
1622 3689 1977 3771 ἀθέσφατον
2026 3691 2090 3765 ἦὲ
2131 3689 2435 3771 χάλαζαν

735 3800 769 3876 ἢ
819 3798 1084 3879 νιφετόν,
1134 3792 1239 3861 ὅτε
1284 3795 1397 3877 πέρ
1447 3822 1518 3861 τε
1563 3797 1718 3877 χιὼν
1765 3796 2070 3861 ἐπάλυνεν
2117 3795 2409 3875 άρούρας,

734 3906 799 3982 ἦέ
847 3903 981 3969 ποθι
1030 3902 1360 3979 πτολέμοιο
1407 3903 1586 3981 μέγα
1635 3902 1844 3979 στόμα
1893 3902 2314 3988 πευκεδανοῖο,

731 4008 807 4083 ὦς
855 4011 1055 4075 πυκίν’
1102 4011 1163 4073 ἐν
1207 4009 1527 4083 στήθεσσιν
1575 4006 2009 4089 άνεστενάχιζ
2055 4008 2498 4085 ’Λγαμέμνων.

370 4118 433 4185 N
436 4140 517 4184 on
578 4118 764 4183 aliter
820 4116 1055 4204 legisse
1116 4116 1561 4181 Aristarchum
1608 4121 1883 4180 testatur
1931 4112 2249 4180 scholium
2297 4116 2385 4178 A:
2437 4115 2472 4187 ἦ
2520 4113 2709 4187 διπλῆ
2729 4164 2744 4193 ,

370 4224 464 4289 ὅτι
513 4223 922 4302 παραβάλλει
972 4221 1073 4286 τὸν
1120 4222 1498 4299 στεναγμόν,
1548 4224 1624 4292 ὥς
1675 4220 1726 4285 δ’
1773 4216 1921 4284 ὅταν
1973 4268 1987 4285 .
2020 4268 2034 4284 .
2067 4268 2118 4297 .,
2167 4216 2350 4289 οὕτως
2403 4220 2504 4283 καὶ
2557 4222 2590 4295 ἦ
2637 4225 2745 4285 τοῦ

373 4331 843 4407 Ἀγαμέμνονος
869 4330 1054 4409 ψυχὴ
1077 4324 1498 4407 έστενάχιζεν.
1542 4329 1710 4391 καθ’
1748 4324 2058 4391 ἕκαστα
2101 4326 2178 4389 δὲ
2216 4327 2352 4389 οὐκ
2393 4324 2743 4405 ἐπεξείρ·

370 4459 726 4517 γασται,
777 4434 981 4499 διότι
1032 4432 1169 4498 οὔκ
1216 4434 1391 4497 ε’στι
1441 4433 1630 4511 πρὸς
1683 4431 2014 4497 ἅπαντα
2052 4432 2084 4505 ἦ
2127 4432 2374 4497 εἰκών.
2414 4432 2558 4499 Hoc
2596 4454 2744 4500 eane
