3192 5009
486 227 621 294 430
1125 247 1209 294 mi
1252 211 1874 294 mansuesnomus
1918 247 2220 296 nonnus.

484 411 605 476 hoc
662 408 972 477 vocabulo
1032 415 1231 497 (supr.
1281 431 1427 498 pag.
1478 409 1611 476 426
1659 409 1804 476 adn.
1863 411 1951 492 1),
2015 418 2189 478 actae
2238 433 2374 478 esse
2419 412 2650 478 debent
2694 414 2866 478 veris

486 519 799 596 comitiis;
862 537 1085 584 revera
1143 516 1271 583 loci
1332 518 1564 604 quibus
1627 521 2012 585 caerimonia
2057 522 2480 606 arrogationis
2525 522 2681 586 satis
2727 517 2868 584 dili-

483 629 713 711 genter
769 623 1167 702 describitur,
1228 623 1545 689 eiusmodi
1605 631 1756 690 sunt
1816 629 1892 690 ut
1935 628 2188 690 nonnisi
2233 626 2312 691 de
2359 628 2529 692 veris
2575 627 2864 692 comitiis

484 737 549 796 et
632 729 708 794 de
790 727 1016 816 populi
1084 729 1402 817 suffragiis
1470 731 1786 816 cogitasse
1853 731 2198 796 videantur
2263 737 2551 798 auctores
2577 730 2650 813 1).
2738 729 2867 797 Sed

483 836 933 903 detestationes
978 857 1304 903 sacrorum
1348 836 1583 903 fiebant
1629 839 1906 903 comitiis
1951 837 2172 903 calatis
2191 887 2208 916 ,
2251 844 2328 904 ut
2372 838 2554 904 docet
2592 834 2868 904 Gellius.

482 942 707 1028 Itaque
768 943 935 1029 quod
998 943 1135 1008 dixi
1190 945 1391 1009 teneri
1438 964 1566 1010 non
1611 947 1850 1030 poterit
1868 993 1882 1017 ‚
1931 946 2057 1008 nisi
2102 943 2620 1011 demonstravero
2667 944 2872 1010 detes-

480 1051 756 1114 tationes
804 1069 1129 1115 sacrorum
1176 1049 1600 1136 seiungendas
1645 1069 1782 1116 esse
1827 1051 1906 1116 ab
1953 1050 2464 1138 arrogationibus
2518 1051 2656 1130 (cfr.
2713 1070 2865 1137 pag.

484 1154 617 1221 424
666 1155 808 1222 adn.
860 1155 948 1235 3).
1012 1157 1212 1242 Atqui
1256 1154 1384 1221 loci
1429 1177 1587 1242 quos
1636 1155 2035 1242 collegerunt
2080 1159 2208 1222 viri
2254 1156 2428 1224 docti
2473 1178 2600 1223 non
2645 1160 2868 1222 sinunt

485 1283 601 1326 nos
670 1261 963 1327 dubitare
982 1311 999 1340 ,
1061 1283 1167 1327 me
1212 1262 1424 1328 iudice
1441 1311 1459 1340 ,
1510 1265 1665 1349 quin
1712 1262 2049 1329 detestatio
2097 1284 2424 1329 sacrorum
2469 1283 2666 1350 quam
2711 1263 2870 1328 dicit

489 1366 740 1435 Gellius
786 1371 871 1434 sit
917 1368 1139 1435 eadem
1185 1390 1347 1455 quae
1394 1369 1563 1455 apud
1609 1377 1896 1436 auctores
1943 1367 2218 1436 Graecos
2265 1371 2514 1437 dicatur
2559 1368 2871 1447 ἐξωμοσία

488 1483 597 1548 τῆς
664 1477 983 1553 εὐγενείας
1010 1473 1085 1555 ²),
1148 1475 1319 1562 quod
1379 1476 1505 1541 fuit
1550 1498 1756 1563 genus
1806 1476 2127 1563 quoddam
2174 1480 2572 1544 transitionis
2619 1477 2700 1542 ad
2741 1475 2876 1563 ple-

489 1581 656 1648 bem.
718 1580 983 1646 Duobus
1028 1581 1236 1647 modis
1284 1584 1459 1646 enim
1504 1582 1585 1647 ad
1628 1580 1884 1667 plebem
1931 1586 2200 1648 transire
2244 1589 2536 1670 poterant
2582 1583 2872 1669 patricii;

491 1693 605 1753 aut
666 1708 779 1772 per
840 1690 1311 1774 arrogationem
1328 1738 1344 1766 ,
1406 1685 1551 1775 lege
1615 1690 1860 1754 curiata
1878 1738 1895 1767 ,
1944 1692 2000 1754 si
2047 1710 2086 1754 a
2133 1692 2274 1755 viro
2319 1689 2568 1776 plebeio
2615 1688 2876 1773 adopta-

490 1795 741 1872 bantur,
804 1799 881 1859 ut
924 1791 1184 1860 Clodius
1232 1815 1269 1860 a
1316 1793 1437 1874 593
1496 1797 1652 1862 haec
1699 1798 1864 1862 actio
1913 1817 2163 1883 quoque
2211 1796 2337 1862 dici
2382 1801 2633 1883 poterat
2679 1801 2879 1860 trans-

490 1904 609 1967 itio
670 1900 750 1966 ad
811 1900 1065 1986 plebem
1092 1897 1179 1982 ³);
1242 1907 1357 1967 aut
1400 1922 1554 1968 vero
1603 1903 1803 1968 etiam
1851 1905 1986 1968 sine
2033 1906 2436 1988 arrogatione
2455 1952 2471 1980 ,
2513 1923 2628 1989 per
2673 1900 2878 1966 detes-

493 2010 805 2073 tationem
868 2027 1188 2072 sacrorum
1205 2056 1222 2085 ,
1284 2028 1483 2093 quam
1542 2011 1754 2094 ipsam
1815 2029 2065 2094 quoque
2112 2009 2257 2095 lege
2305 2011 2548 2074 curiata
2591 2008 2878 2074 comitiis

491 2117 753 2180 curiatis
812 2113 981 2195 (sedz
1046 2112 1295 2194 calatis)
1357 2113 1495 2180 fieri
1558 2115 1852 2180 debuisse
1919 2114 2197 2180 affirmat
2265 2120 2515 2200 praeter
2584 2112 2872 2181 Gellium

491 2221 614 2287 Dio
641 2225 730 2301 ⁴);
794 2240 868 2286 ea
911 2222 1209 2307 inprimis
1254 2220 1426 2286 haud
1470 2243 1614 2287 raro
1663 2221 2008 2309 significari
2054 2222 2314 2287 videtur
2358 2243 2509 2287 cum
2554 2221 2630 2286 de
2677 2227 2874 2284 trans-

488 2330 688 2393 itione
750 2327 831 2392 ad
891 2325 1148 2413 plebem
1194 2349 1402 2393 sermo
1448 2331 1533 2393 sit
1556 2330 1632 2408 ⁸).
1682 2330 1758 2393 A.
1813 2328 1898 2395 60
1947 2325 2246 2406 Clodius,
2297 2349 2449 2394 cum
2494 2327 2574 2393 ad
2619 2325 2872 2412 plebem

491 2435 759 2498 transire
829 2432 1060 2512 vellet,
1132 2439 1359 2499 neutra
1428 2437 1672 2499 ratione
1743 2437 1844 2499 uti
1913 2437 2158 2521 potuit;
2232 2435 2492 2501 absente
2562 2430 2874 2498 Pontifice

493 2539 783 2605 Maximo
799 2589 816 2617 ,
858 2539 1121 2625 reliquis
1159 2541 1563 2625 pontificibus
1601 2562 1848 2606 morem
1887 2544 1948 2606 ei
1985 2563 2110 2606 non
2149 2541 2521 2627 gerentibus
2539 2589 2556 2618 ,
2590 2540 2878 2626 arrogari

492 2667 617 2710 non
663 2649 910 2732 potuit,
959 2668 1163 2732 neque
1208 2668 1358 2712 vero
1404 2649 1669 2712 comitia
1713 2646 1918 2713 calata
1965 2650 2024 2712 ei
2069 2647 2533 2732 praebebantur
2575 2645 2654 2711 ad
2701 2663 2881 2710 sacra

492 2751 892 2829 detestanda;
953 2754 1173 2838 itaque
1215 2755 1273 2817 is
1318 2759 1473 2818 tunc
1518 2773 1684 2818 nova
1727 2755 1837 2818 via
1880 2753 2133 2840 ingredi
2181 2729 2440 2818 conatus
2456 2800 2473 2829 ,
2521 2772 2637 2837 pro
2683 2752 2879 2816 comi-

374 2875 377 2879 ·
492 2860 603 2922 tiis
650 2860 913 2923 curiatis
958 2857 1181 2924 calatis
1228 2859 1544 2922 concilium
1577 2859 1779 2942 plebis
1796 2907 1812 2937 ,
1859 2881 1976 2944 pro
2015 2859 2161 2946 lege
2199 2861 2438 2925 curiata
2466 2855 2872 2939 plebiscitum,

494 2985 607 3049 pro
668 2963 965 3049 pontifice
1024 2964 1321 3028 tribunam
1374 2966 1577 3048 plebi-s·
1622 2966 1928 3030 substitui
1975 2986 2158 3051 posse
2203 2964 2534 3051 perhibens
2551 3011 2567 3040 ,
2614 2964 2684 3026 in
2731 2981 2875 3025 con-

496 3070 641 3136 cilio
686 3068 890 3158 plebis
936 3091 1112 3136 sacra
1159 3070 1462 3137 detestari
1506 3075 1813 3138 instituit.
1860 3071 2183 3137 Herennio
2223 3073 2480 3136 tribuno
2519 3067 2754 3155 plebis,
2797 3065 2876 3132 de
2915 3151 2922 3156 Α

564 3237 615 3292 l)
656 3237 765 3288 Vid.
801 3237 1023 3303 inprimis
1056 3238 1180 3287 Gall.
1218 3240 1264 3288 5.
1289 3239 1365 3288 19.
1388 3239 1566 3297 1-10,
1596 3237 1696 3288 Cai.
1719 3240 1764 3288 l.
1786 3239 1864 3297 9⁹,
1896 3237 1991 3288 Cic.
2011 3239 2139 3287 dom.
2160 3237 2241 3287 2⁹.
2261 3235 2342 3296 77,
2370 3237 2501 3287 Suet.
2523 3238 2646 3300 Aug.
2664 3235 2755 3294 653
2775 3235 2865 3285 cfr.

496 3319 993 3384 Becker-Marquardt
1008 3321 1091 3370 2.8
1107 3337 1215 3387 pag.
1238 3321 1334 3371 190
1352 3321 1461 3370 adn.
1480 3319 1545 3372 '12
1557 3361 1569 3372 .
1595 3322 1830 3385 udagcgen
1849 3320 2072 3370 scheinen
2091 3319 2170 3369 fiir
2186 3320 2276 3370 den
2295 3319 2462 3368 Zweck
2477 3320 2563 3368 der
2579 3318 2872 3382 Arrogstion

489 3401 739 3450 wirkliche
784 3403 1180 3452 Curiatcomitien
1222 3403 1295 3452 bis
1336 3403 1387 3452 in
1430 3403 1521 3453 den
1564 3404 1758 3467 Anfang
1789 3404 1876 3452 der
1911 3402 2176 3452 Kaiserzcit
2207 3402 2534 3467 fortgednuort
2567 3417 2625 3450 zu
2659 3399 2870 3453 haben''.

498 3485 678 3534 Verum
704 3485 896 3549 quidem
924 3489 1023 3546 est,
1052 3486 1211 3536 omnia
1238 3501 1359 3550 quac
1387 3485 1445 3535 ab
1474 3485 1747 3536 auctoribus
1773 3486 1950 3536 nostris
1977 3484 2250 3535 scribuntur
2266 3484 2414 3534 etiam
2430 3487 2625 3533 rectene
2641 3481 2873 3532 habitur·

492 3566 637 3618 fuisse
670 3567 711 3616 si
746 3583 801 3616 ea
834 3567 1029 3618 comitia
1062 3585 1147 3633 per
1179 3567 1371 3617 lictores
1401 3567 1563 3618 habita
1597 3571 1777 3627 went,
1815 3584 1925 3617 nam
1961 3571 2218 3631 utrumque
2249 3581 2398 3630 ςαιιιιι
2429 3565 2735 3614 comitiorum
2770 3578 2869 3613 non

492 3651 648 3700 solum
676 3649 783 3699 iure
809 3650 937 3700 idem
966 3649 1177 3710 valebat,
1205 3651 1286 3700 sed
1314 3651 1459 3700 etiam
1486 3650 1631 3700 verba
1647 3655 1696 3700 et
1711 3650 1946 3701 formulae
1962 3650 2013 3699 in
2032 3653 2234 3713 utroque
2251 3648 2413 3697 eadem
2430 3651 2590 3706 crant3
2611 3647 2872 3697 ”dunen

496 3747 571 3782 res
604 3732 721 3782 satis
756 3732 1049 3796 disceptatur
1074 3732 1267 3782 silentio
1302 3737 1578 3793 auctorum,
1612 3733 1696 3797 qni
1729 3733 1779 3782 id
1813 3732 2026 3782 indicare
2058 3746 2155 3780 non
2187 3731 2391 3780 fuissent
2425 3727 2647 3779 omissuri
2681 3729 2723 3778 si
2758 3730 2878 3780 huso

492 3813 687 3864 comitia
718 3813 875 3879 specis
908 3818 1099 3863 tantum
1134 3814 1297 3864 habita
1330 3817 1485 3864 essent
1518 3817 1621 3864 sine
1653 3814 1857 3880 populo,
1887 3829 2061 3878 neque,
2095 3813 2282 3878 opinor,
2315 3811 2572 3877 scriptores
2605 3810 2876 3876 iurisperiti

492 3903 592 3947 tam
628 3897 884 3962 diligenter
916 3898 1193 3964 usurpaturi
1227 3897 1428 3948 fuissem
1462 3898 1716 3948 formulas:
1751 3898 1978 3962 adoptare
1998 3911 2087 3961 per
2107 3897 2350 3960 populun,
2373 3893 2534 3958 populi
2561 3892 2866 3954 auctoritate,

488 3982 685 4043 populus
710 3983 927 4044 rogatur,
960 3979 1132 4044 quibus
1166 3981 1223 4030 de
1258 3983 1544 4029 testamento
1578 3979 1736 4029 caleto
1770 3982 1962 4042 agentes
1994 3977 2213 4027 consulto
2247 3975 2505 4034 abstinent,
2535 3975 2632 4026 vid.
2650 3989 2758 4040 pag.
2775 3975 2875 4025 421

494 4063 607 4111 adn.
644 4063 689 4110 9.
727 4089 793 4099 —
837 4062 892 4126 2)
928 4063 1098 4111 Zonar.
1136 4061 1267 4114 21⁵
1304 4077 1407 4127 pag.
1448 4061 1633 4120 84213;
1673 4061 1764 4110 Dio
1800 4061 1858 4110 fr.
1900 4060 1978 4109 22.
2000 4059 2061 4118 2;
2101 4059 2192 4108 Dio
2225 4059 2306 4110 87.
2327 4057 2404 4106 51.
2433 4059 2456 4105 l
2495 4055 2649 4120 (locos
2678 4056 2880 4121 collegit

496 4145 809 4205 Mommsen).
842 4171 909 4182 —
942 4146 997 4209 3)
1032 4145 1117 4194 cfr.
1157 4144 1257 4195 Cic.
1290 4161 1423 4210 [πον.
1460 4160 1589 4194 cons.
1626 4143 1804 4200 ΗΑΒ.
1839 4146 1944 4192 Asc.
1977 4157 2082 4207 pag.
2113 4141 2194 4199 25,
2227 4140 2315 4191 Cic
2349 4142 2452 4189 Att.
2472 4139 2518 4188 2.
2541 4137 2588 4188 7.
2608 4137 2656 4198 2,
2688 4138 2871 4198 2.9.1‚

498 4225 591 4275 Dio
624 4227 703 4276 89.
728 4227 801 4276 11.
824 4228 872 4276 Β.
906 4253 974 4264 —
1005 4228 1063 4290 4)
1100 4227 1191 4276 Dio
1228 4225 1307 4278 87.
1332 4228 1407 4275 51.
1429 4227 1486 4277 2:
1522 4223 1573 4274 ἔν
1609 4227 1708 4287 γὰρ
1743 4228 1807 4289 τῇ
1845 4221 2020 4288 ἔςφορᾷ
2047 4225 2140 4272 τοῦ
2173 4221 2532 4285 φρατριατικοῦ
2549 4221 2697 4279 νόμον
2715 4221 2874 4280 μόνως

500 4307 611 4375 ἶξῆν
640 4309 795 4358 τοῦτο
812 4309 899 4374 (τὸ
918 4309 1008 4366 τὴν
1026 4305 1278 4372 εὐγένειαν
1298 4305 1571 4374 ἐξομνύναι,
1590 4305 1619 4362 ἦ
1640 4303 1920 4370 {narolus-ec)
1941 4303 2218 4368 γίγνεσθαι.
2250 4333 2316 4343 -
2347 4304 2402 4366 5)
2421 4302 2638 4352 Fortasse
2653 4317 2710 4351 co
2727 4303 2880 4366 pcrti-

500 4398 614 4445 nent
646 4395 739 4444 Cic.
768 4395 906 4442 Brut.
928 4394 1003 4442 16.
1027 4392 1107 4450 22,
1142 4391 1231 4440 Dio
1248 4392 1328 4440 42.
1350 4392 1428 4441 2⁹.
1451 4391 1496 4450 1,
1526 4390 1640 4441 Liv.
1659 4393 1706 4440 4.
1729 4392 1806 4440 16.
1827 4393 1875 4450 8,
1893 4391 2086 4439 Sueten.
2111 4391 2227 4454 Aug.
2247 4388 2293 4446 2,
2314 4387 2409 4436 vid.
2431 4389 2676 4452 practerea
2693 4385 2800 4435 adn.
2820 4387 2878 4439 2.
