3192 5009
584 956 729 1047 DE
782 957 1308 1048 ARISTEAE
1362 956 2326 1186 ΑΙέΡΙίξΙῶὲῖΞΒΔΤΕΜ
2383 952 2894 1045 FRATREM

1599 1301 1851 1344 scalpsn·

1418 1456 1503 1521 K.
1570 1455 2032 1522 KUIPER.

1554 1748 1886 1782 —-<>o<>—

626 1998 885 2063 Variam
930 2017 1001 2061 sc
1043 1994 1424 2061 mutabilem
1459 1993 1697 2060 libellis
1735 2018 1986 2081 quoque
2039 2017 2174 2062 esse
2231 1997 2554 2061 fortunam
2571 2043 2588 2071 ,
2645 1992 2926 2079 epistola

532 2104 647 2169 11111
729 2104 1025 2189 inprimis
1100 2109 1359 2187 experta
1426 2108 1525 2166 est
1540 2150 1559 2179 ,
1620 2123 1818 2187 quam
1878 2104 1956 2167 ab
2019 2105 2272 2168 Aristeu
2331 2102 2610 2187 quodam
2627 2150 2644 2179 ,
2714 2098 2924 2186 Regis

533 2209 887 2275 Ptolemaei
946 2207 1353 2293 Philadelphi
1398 2210 1605 2272 amico
1625 2255 1641 2284 ‚
1689 2208 1768 2272 ad
1813 2208 2078 2273 stat-rem
2121 2208 2554 2274 Philocratem
2599 2208 2924 2291 scriptum

534 2336 671 2381 esse
687 2363 704 2392 ,
776 2316 983 2400 operis
1050 2313 1283 2377 titulus
1352 2313 1664 2398 perhibet.
1727 2313 1790 2377 Ν
1790 2334 1897 2378 am
1957 2336 2110 2380 cum
2169 2314 2328 2379 olim
2385 2314 2590 2380 editor
2650 2312 2924 2399 quidam

532 2422 729 2486 huius
801 2421 1249 2495 συντάγματος
1322 2439 1730 2504 summopere
1797 2417 2186 2485 laudavisset
2250 2420 2529 2497 librum,
2603 2422 2716 2496 „in
2785 2438 2918 2503 quo

532 2534 781 2613 praeter
817 2524 1025 2589 multa
1069 2522 1227 2602 alia,
1272 2522 1447 2589 lectu
1494 2523 1894 2609 dignissima,
1936 2533 2002 2589 et
2039 2528 2134 2609 pii
2167 2524 2364 2611 Regis
2401 2528 2620 2610 imago
2643 2530 2708 2589 et
2728 2525 2920 2610 regni

532 2637 775 2719 optime
837 2633 1173 2697 constituti
1230 2629 1437 2695 forma.
1489 2630 1568 2693 ad
1612 2632 1966 2717 imaginem
2017 2630 2350 2717 expressa”
2400 2636 2570 2695 esset
2583 2678 2602 2707 ,
2649 2629 2918 2715 posthac

530 2738 809 2805 concidit
872 2736 985 2801 ills
1042 2735 1181 2800 laus
1241 2743 1307 2800 et
1366 2738 1435 2799 in
1478 2736 1793 2801 invidiam
1841 2740 2052 2823 gratia
2097 2757 2282 2801 versa
2323 2743 2423 2803 est
2439 2786 2456 2815 ,
2505 2738 2918 2821 obiectusque

528 2843 787 2910 libellus
836 2850 1210 2927 „tamquam
1257 2841 1465 2906 foetus
1512 2842 2033 2927 suppositicius’'.
2089 2842 2344 2908 Nostris
2402 2864 2553 2909 vero
2613 2844 2921 2927 tempori-

532 2950 651 3014 bus
701 2951 813 3033 qui
858 2946 1165 3031 epistolae
1212 2949 1501 3030 scriptori
1550 2946 1744 3011 fidem
1787 2948 2060 3024 habent,
2109 2948 2456 3013 admodum
2499 2951 2688 3034 pauci
2731 2950 2912 3013 inve—

532 3058 797 3119 niuntur
812 3075 829 3131 ;
892 3056 1001 3138 qui
1064 3073 1215 3117 eum
1272 3055 1501 3117 acriter
1546 3060 1922 3140 oppugnant
1938 3101 1956 3132 ,
2003 3075 2110 3119 eos
2157 3075 2530 3121 enumcrare
2575 3074 2702 3118 non
2751 3073 2915 3138 opus

530 3164 655 3225 erit
698 3162 753 3224 si
799 3178 1004 3223 unum
1044 3155 1360 3224 Cobetum
1398 3161 1831 3224 nominavero.
1873 3158 1938 3223 Is
1979 3163 2152 3225 enim
2173 3210 2188 3237 ,
2231 3160 2398 3246 quod
2419 3181 2606 3225 nemo
2628 3163 2910 3247 ignorat,

531 3266 592 3330 ἐν
650 3267 732 3345 τῷ
796 3268 1006 3341 Λογίῳ
1064 3266 1268 3343 Ἐρμῇ
1328 3267 1934 3331 commentationem
1981 3265 2056 3331 de
2103 3264 2434 3333 Clemente
2479 3265 2912 3331 Alexandrino

528 3372 727 3439 edidit
773 3374 1301 3437 venustissimam
1338 3376 1403 3435 et
1441 3372 1694 3435 Atticae
1731 3374 1975 3457 gratiae
2014 3372 2274 3458 plenam
2292 3422 2308 3452 ‚
2349 3394 2544 3459 quam
2582 3375 2695 3458 qui
2718 3373 2912 3438 hodie

527 3483 765 3543 iterum
808 3476 1077 3562 legerit,
1138 3496 1269 3541 non
1310 3480 1525 3560 potest
1572 3478 1728 3560 quin
1773 3480 1937 3541 tanti
1983 3481 2108 3543 viri
2153 3478 2461 3544 desiderio
2507 3486 2572 3544 et
2619 3498 2908 3545 maerore

527 3588 1037 3649 commoveatur:
1122 3584 1339 3666 ipsum
1408 3583 1583 3645 enim
1653 3579 1968 3646 Cobetum
2041 3584 2366 3649 subtiliter
2433 3584 2872 3670 disputantem
2889 3634 2906 3663 ,

524 3690 853 3775 ingeniose
890 3686 1253 3771 urbaneque
1290 3688 1605 3749 iocantem
1646 3686 1862 3752 audire
1903 3688 2027 3752 sibi
2050 3689 2394 3754 videbitur.
2435 3687 2662 3756 Cobeti
2685 3695 2905 3755 autem

527 3795 874 3880 disputatio
934 3814 1085 3857 cum
1144 3792 1223 3856 ad
1280 3794 1439 3855 istos
1486 3788 1750 3856 Iudaeos
1769 3842 1783 3869 ,
1832 3793 2170 3860 Philonem
2217 3797 2538 3861 Aristesm
2575 3795 2908 3861 Aristobu-

524 3901 667 3966 lum
712 3901 923 3974 venit,
971 3918 1178 3962 sermo
1226 3895 1529 3960 barbarus
1576 3896 1914 3963 hominum
1956 3899 2219 3965 illorum
2263 3900 2502 3967 Graece
2549 3900 2906 3967 balbutien-

524 4010 693 4072 tium
752 4006 1040 4090 graviter
1098 4004 1339 4066 summi
1400 4003 1526 4065 viri
1583 4004 1748 4066 iram
1811 4006 2123 4085 incendit,
2190 4010 2302 4072 vix
2365 4016 2442 4072 ut
2496 4008 2690 4073 verba
2735 4006 2906 4073 suffi-

526 4116 730 4189 ciant,
794 4108 1027 4195 quibus
1092 4106 1413 4177 Ἰουδαίους
1480 4109 1636 4171 istos
1695 4109 1962 4186 ὀλέθρους
2023 4116 2331 4200 castiget,
2388 4117 2502 4199 qui
2549 4123 2903 4192 προσωπεῖα

525 4218 863 4292 Ἑλληνικὰ
928 4214 1324 4289 περικείμενοι
1376 4211 1581 4287 δρᾶμα
1631 4213 1987 4287 Ἑλληνικὸν
2035 4226 2236 4290 κακῶς
2287 4220 2726 4298 ὑποκρινάμενοι
2778 4221 2906 4286 ε’·τι-

526 4324 821 4407 τρίβουσι.
884 4318 1053 4385 Nam
1115 4316 1425 4403 quidquid
1484 4319 1536 4380 ii
1574 4324 2109 4407 conscripserunt,
2153 4326 2366 4389 πάντα
2413 4326 2560 4391 νόθοι
2606 4325 2712 4390 καὶ
2763 4328 2905 4392 ὐτο-

524 4431 871 4511 βολιμιῒα,
944 4426 1151 4491 πάντα
1222 4423 1543 4502 μοχθηρὰ,
1611 4425 1772 4491 οὐδὲν
1833 4428 1894 4491 δὲ
1955 4438 2065 4505 τῆς
2129 4428 2348 4506 λέξεως
2416 4428 2455 4513 ᾗ
2514 4438 2785 4515 χρῶνται
2851 4434 2901 4499 οἱ
