3192 5009
539 229 670 296 314
1570 250 1890 299 iromus.

594 491 599 498 ²
628 411 865 478 LXIII.
908 412 1117 494 Quam
1152 413 1521 481 incredibile
1559 421 1657 482 est
1681 414 1851 502 quod
1873 417 2132 482 invenio
2156 438 2203 494 γ
2229 411 2638 483 256--2611
2687 409 2950 477 Orestes

534 521 847 609 Aegistho
885 520 1221 587 tumulum
1260 524 1463 588 erexit
1500 544 1778 609 eumque
1815 527 2144 588 matronae
2164 520 2502 588 luxerunt!
2545 519 2620 586 N
2621 540 2716 586 on
2739 517 2946 583 habeo

535 626 855 714 quomodo
901 650 1005 694 me
1056 631 1384 694 extricem.

624 830 853 896 LXIV.
918 831 1050 898 Nec
1112 833 1421 897 minorem
1473 834 1886 898 mirationem
1931 836 2152 898 movet
2195 850 2389 898 coena
2434 830 2513 896 ab
2559 827 2810 894 Oreste
2861 828 2954 890 in-

532 943 777 1004 structa
836 941 906 1002 in
968 935 1515 1026 Clytaemestrae
1561 943 1629 1003 et
1673 939 1974 1024 Aegisthi
2017 938 2324 1002 honorem
2372 959 2418 1013 γ
2445 934 2599 1000 310.
2657 931 2950 998 Versum

533 1047 906 1130 expung-itis
951 1049 1027 1109 ut
1070 1045 1576 1131 Agamemnonis
1621 1043 1974 1130 parentalia
2019 1042 2176 1108 fiant
2190 1064 2206 1122 ;
2255 1063 2370 1128 per
2413 1063 2521 1108 me
2563 1040 2773 1106 licet:
2837 1035 2949 1102 sed

536 1153 678 1237 quis
722 1150 940 1215 locum
986 1154 1123 1214 tam
1169 1150 1369 1215 stulte
1414 1147 1880 1236 interpolavit?

627 1367 822 1434 LXV.
885 1367 1118 1434 Risum
1162 1373 1385 1434 movet
1431 1368 1465 1431 ὃ
1492 1365 1662 1434 208:

807 1479 940 1557 ῥεῖα
985 1473 1035 1537 δ’
1084 1475 1416 1552 ἀρίγνωτος
1466 1474 1642 1550 γόνος
1692 1471 1932 1553 ἀνέρος,
1981 1467 2025 1554 ᾧ
2072 1496 2143 1537 τε
2191 1474 2442 1552 Κρονίων

807 1579 995 1658 Υὄλβον
1044 1581 1352 1661 ἐπικλώσῃ
1399 1578 1814 1657 γαμέοντί
1859 1603 1932 1644 τε
1981 1579 2326 1659 γιγνομένῳ
2372 1605 2465 1645 τε.

538 1687 683 1753 Non
752 1708 857 1751 me
924 1686 1183 1752 offendit
1252 1686 1322 1751 τὸ
1392 1683 1595 1766 &mou
1665 1669 1968 1765 πρότερον,
1995 1701 2002 1706 ·
2031 1685 2203 1771 quod
2263 1706 2340 1752 ne
2405 1688 2620 1772 potuit
2667 1680 2942 1770 quidem

538 1795 734 1858 vitari
795 1791 1220 1877 similiterque
1267 1812 1372 1857 me
1418 1791 1632 1878 legere
1680 1793 1950 1858 memini
1995 1787 2114 1869 ἅμ’
2163 1789 2431 1871 ἔτραφον
2476 1791 2569 1867 ἠδ’
2615 1789 2936 1868 ἐγένοντο,

541 1896 1003 1974 ἀποπεμπέμεν
1070 1897 1135 1972 ἠὲ
1198 1897 1527 1976 δέχεσθαι,
1591 1897 1752 1974 alia;
1803 1918 2034 1962 verum
2083 1918 2278 1982 quam
2324 1900 2788 1983 intempestiva
2837 1894 2939 1957 hic

544 2007 919 2091 nuptiarum
957 2001 1233 2068 mentio!
1274 2003 1603 2069 Laudibus
1643 2002 1820 2068 effert
1857 2001 2192 2070 Menelaus
2232 2003 2509 2098 viridem
2539 2006 2936 2069 senectutem

540 2109 830 2176 Nestoris
871 2109 1349 2195 liberorumque
1388 2112 1698 2174 eximiam
1735 2111 2083 2188 virtutem3
2127 2110 2388 2178 hoccine
2427 2110 2694 2176 indicari
2719 2107 2938 2198 potuit

542 2237 659 2300 ope
699 2217 1023 2300 participii
1062 2213 1408 2293 γαμέοντιῩ
1448 2215 1705 2293 Voluit,
1746 2217 1986 2300 opinor,
2031 2215 2273 2296 dicere.
2315 2218 2387 2280 ab
2427 2217 2670 2284 ineunte
2713 2219 2930 2281 aetate.

541 2319 782 2390 Graece
828 2322 951 2386 hoc
997 2322 1152 2386 satis
1200 2327 1369 2386 recte
1424 2322 1707 2387 sonabit:
1759 2321 1850 2384 θα
1871 2319 2192 2387 auam-l
2235 2346 2308 2387 τε
2355 2323 2694 2406 γιγνομένῳ
2742 2344 2838 2386 τε.

631 2537 860 2604 LXVI.
908 2537 1005 2604 De
1050 2537 1367 2624 Penelope
1416 2537 1700 2626 legimus
1749 2539 1782 2602 δ
1810 2535 1976 2604 788:

815 2645 971 2709 κεῖτ’
1016 2641 1112 2725 ἄρ’
1161 2642 1450 2716 ἄσιτος
1499 2641 1746 2717 ἄπαις-ος
1799 2644 2044 2718 ἐδητύος
2103 2645 2204 2722 ἠδὲ
2250 2654 2535 2720 ποτῆτος.

540 2750 762 2837 Neque
826 2747 1033 2820 ἄσιτος
1100 2751 1226 2815 huc
1295 2752 1537 2836 optime
1585 2749 1856 2836 quadrat
1905 2757 1970 2817 et
2017 2751 2306 2820 Rhianus
2355 2749 2616 2826 ἄναυδος
2665 2753 2922 2840 legerat.

544 2856 895 2925 Gontextus
940 2857 1105 2922 mihi
1149 2856 1410 2923 videtur
1455 2857 1684 2924 ducere
1728 2857 1809 2922 ad
1855 2857 1898 2922 ἅ
1918 2861 1953 2922 ὓ
1973 2883 2183 2933 πνος.

635 3074 894 3140 LXVII.
942 3075 1189 3142 Sororis
1234 3078 1305 3141 in
1352 3079 1600 3142 somnio
1650 3083 1804 3143 sunt
1847 3077 1930 3144 ad
1974 3076 2372 3164 Penelopam
2417 3080 2612 3146 verba
2659 3078 2695 3144 3
2715 3075 2873 3144 805:

813 3181 882 3246 οὔ
930 3181 1046 3260 μέν
1092 3184 1152 3246 ο·’
1200 3182 1321 3246 οὐδ’
1372 3182 1654 3248 &douo-e
1705 3183 1819 3249 θεοὶ
1870 3186 1999 3265 ῥεῖα
2051 3181 2298 3263 ζώοντες

818 3287 1114 3364 κλαιέμεν
1162 3287 1285 3353 οὐδ’
1333 3289 1764 3370 οὶκαχῆσθαι.,

544 3392 657 3458 sed
712 3393 835 3458 hoc
898 3393 1161 3480 quidem
1219 3393 1456 3459 falsum
1502 3402 1633 3473 est,
1686 3417 1839 3461 nam
1886 3418 1999 3481 per
2045 3402 2255 3462 totam
2303 3394 2658 3483 Odysseam
2702 3399 2932 3461 misera

543 3497 781 3564 mulier
839 3501 951 3563 vix
1016 3499 1367 3586 quidquam
1414 3499 1591 3566 aliud
1635 3504 1806 3588 agit:
1863 3501 2017 3566 adeo
2062 3502 2182 3566 hoc
2225 3501 2629 3567 immortales
2679 3501 2768 3566 dii
2807 3519 2932 3564 non

544 3604 900 3690 prohibent.
951 3603 1344 3671 Satisfaciet:
1395 3607 1462 3670 οὐ
1512 3605 1628 3683 μέν
1674 3609 1731 3670 τ’
1778 3606 1901 3672 οὐδ’
1951 3606 2362 3672 ἐθέλουσι·
2411 3610 2546 3672 iam
2587 3609 2756 3672 enim
2799 3603 2928 3668 filio

545 3710 827 3777 reditum
874 3717 1198 3796 pararunt.

640 3911 930 3980 LXVIII.
978 3911 1344 3980 Secundum
1390 3919 1669 3980 matrem
1715 3913 2154 3979 Telemachus
2183 3920 2280 3980 est
2329 3912 2364 3978 δ
2387 3912 2555 3979 818.

819 4021 1022 4094 νήπιος
1072 4017 1212 4084 οὔτε
1261 4018 1513 4084 πόνων
1560 4020 1628 4083 ἐὺ
1678 4018 1840 4090 ειδὼς
1886 4020 2015 4084 οὔτ’
2062 4018 2364 4098 ἀγοράων.

548 4122 797 4210 Opponi
865 4124 1073 4190 solent
1136 4125 1363 4205 ἀγοραί
1426 4130 1491 4189 et
1551 4123 1860 4205 πόλεμος,
1929 4125 2144 4190 videte
2204 4124 2396 4192 modo
2461 4136 2514 4190 A
2542 4121 2920 4196 490.1438

549 4229 831 4316 aliosque
896 4230 1071 4297 locos
1142 4251 1300 4316 quos
1367 4229 1796 4296 Buchholzius
1865 4237 2200 4296 enumerat
2268 4229 2382 4296 111.
2447 4228 2692 4296 2120.
2763 4229 2922 4297 Hinc

550 4335 808 4403 malim:
858 4336 924 4400 οὐ
976 4335 1335 4415 πολέμου
1386 4335 1448 4400 ἐὺ
1494 4337 1658 4409 ειδὼς
1708 4337 1828 4402 οὐδ’
1879 4337 2179 4424 ἀγοράων.
