3192 5009
1020 278 1105 326 nn
1148 278 1301 325 mr.
1346 278 1798 326 crimmum.
2477 256 2609 326 235

288 446 458 512 eaelo”
515 446 646 527 (cfr.
710 468 885 533 supr.
947 466 1101 533 pag.
1164 443 1251 511 89
1315 445 1458 510 adn.
1528 444 1616 528 3),
1679 446 1749 511 id
1810 447 1891 512 ab
1953 466 2010 510 a.
2062 444 2192 511 449
2243 446 2324 510 ad
2370 466 2425 510 a.
2481 442 2610 510 154

291 560 453 619 totum
492 557 761 639 pertinet
805 554 885 619 ad
932 554 1447 619 obnuntiationes
1492 554 1573 619 ab
1621 552 1767 618 aliis
1815 554 2090 619 tribunis
2133 556 2564 639 interpositae.

350 660 449 727 Sed
486 662 613 725 iam
660 663 826 726 ratio
873 660 1055 726 nobis
1102 660 1389 725 habenda
1437 666 1534 725 est
1580 663 1775 725 unius
1821 659 1947 725 loci
1995 658 2315 727 Ciceronis
2334 709 2351 738 ,
2392 681 2515 746 quo
2557 663 2612 726 is

284 766 569 832 affirmavit
585 817 602 846 ,
650 766 991 853 aliquando
1041 772 1403 852 praetorem
1448 766 1692 832 Romae
1739 766 1935 832 fuisse
1954 815 1971 844 ,
2021 770 2134 853 qui
2179 767 2436 833 tribuno
2482 766 2616 853 ple-

284 874 357 938 bis
408 874 731 940 concilium
791 874 1053 940 habenti
1114 895 1239 939 non
1302 875 1740 939 obnuntiasset
1785 874 2040 961 quidem
2093 874 2202 940 sed
2251 879 2466 940 tamen
2512 874 2616 939 ob-

284 984 523 1047 nuntiare
568 984 863 1046 animum
908 981 1269 1047 induxisset
1284 1002 1301 1060 ;
1354 987 1421 1047 et
1464 981 1533 1046 id
1579 981 1844 1067 quidem
1890 1001 1947 1046 a.
1998 978 2105 1059 57,
2155 1003 2304 1067 quo,
2327 986 2615 1066 tempore

280 1088 358 1152 lex
410 1087 613 1157 Clodia
672 1110 879 1174 nuper
936 1088 1071 1154 lata
1131 1089 1363 1154 diserte
1424 1088 1842 1155 interdicebat
1888 1110 1966 1155 ne
2013 1092 2158 1175 quis
2199 1089 2616 1154 intercederet

283 1216 403 1260 neve
462 1197 863 1261 obnuntiaret
931 1198 1212 1260 comitiis
1282 1199 1396 1259 aut
1468 1194 1752 1261 conciliis
1823 1216 1970 1259 cum
2036 1195 2214 1282 leges
2277 1196 2612 1261 ferrentur.

283 1301 335 1379 Q.
374 1302 675 1367 Fabricius
724 1304 935 1380 euim,
984 1302 1134 1367 trib.
1182 1299 1293 1387 pL,
1342 1307 1607 1366 conatus
1654 1306 1752 1366 est
1798 1322 1854 1366 a.
1905 1299 2012 1380 57,
2061 1323 2118 1367 a.
2170 1301 2230 1366 d.
2280 1300 2434 1365 VIII
2479 1300 2612 1365 kal.

280 1408 439 1485 Febr„
492 1408 707 1495 legem
771 1408 934 1474 ferre
997 1428 1123 1493 qua
1184 1405 1559 1474 Ciceronem
1624 1407 1702 1473 de
1753 1408 1944 1474 exilio
1990 1414 2348 1485 revocaret;
2401 1407 2512 1473 sed
2557 1409 2614 1471 18

282 1513 449 1599 leg-em
498 1516 773 1601 perferre
836 1515 1199 1600 prohibitus
1245 1520 1341 1579 est
1386 1518 1457 1579 vi
1502 1521 1567 1579 et
1615 1518 1810 1580 armis
1858 1512 2070 1582 Clodii
2085 1563 2102 1593 ,
2149 1516 2398 1580 inimici
2441 1511 2617 1581 Cice-

280 1622 438 1698 ronis,
504 1624 614 1707 qui
686 1627 832 1686 tum
898 1624 1189 1708 privatus
1253 1628 1409 1687 erat.
1484 1620 1750 1688 Clodius
1813 1622 1892 1687 ad
1953 1642 2096 1687 eam
2143 1643 2280 1687 rem
2323 1622 2616 1687 adhibuit

280 1726 607 1812 gladiatores
626 1777 643 1807 ,
695 1750 851 1815 quos
895 1731 1034 1794 81118
1081 1730 1278 1795 frater
1322 1731 1573 1816 Appius
1615 1727 1924 1797 Claudius
1941 1778 1958 1807 ,
1998 1736 2270 1815 praetor,
2311 1728 2616 1795 ludorum

281 1856 493 1901 suorum
560 1858 751 1903 causa
817 1843 1155 1923 paraverat
1181 1835 1267 1918 ¹);
1342 1858 1493 1901 cum
1555 1840 1648 1902 eis
1712 1834 1974 1903 Clodius
2033 1842 2229 1902 noctu
2291 1836 2504 1901 forum
2549 1842 2616 1901 et

280 1945 473 2008 curiam
528 1948 982 2029 occupaverat,
1046 1942 1141 2007 M.
1208 1940 1502 2029 Cispium
1564 1944 1713 2008 trib.
1776 1942 1865 2028 pl.
1928 1944 2374 2009 advenientem
2420 1964 2616 2029 pepu-

280 2047 434 2127 lerat,
478 2050 545 2129 Q.
596 2048 971 2117 Ciceronem
1006 2052 1119 2135 qui
1155 2048 1371 2135 legem
1413 2049 1677 2115 suadere
1714 2048 1972 2113 volebat
2010 2049 2276 2134 pulsum
2317 2071 2350 2114 e
2388 2053 2613 2115 rostris

280 2155 331 2217 in
368 2158 601 2221 comitio
647 2158 963 2221 iacentem
1010 2154 1354 2241 reliquerat
1373 2204 1389 2232 ,
1440 2154 1664 2220 deinde
1682 2205 1699 2233 ,
1758 2177 1909 2220 cum
1953 2155 2032 2219 ad
2079 2154 2458 2242 suffragium
2505 2158 2616 2220 tri-

282 2260 373 2325 bus
412 2270 775 2328 vocarentur
822 2284 861 2327 a
903 2262 1192 2327 Fabricio
1212 2310 1228 2339 ,
1269 2264 1522 2347 impetu
1559 2265 1629 2326 in
1670 2262 1991 2347 templum
2028 2262 2197 2327 facto
2215 2311 2232 2340 ,
2277 2262 2614 2348 permultis

286 2366 595 2435 hominibus
658 2369 1009 2435 interfectis
1028 2418 1043 2447 ,
1106 2358 1396 2453 superior
1456 2368 1665 2434 factus
1728 2368 2072 2433 consilium
2119 2368 2612 2434 disturbaverat.

282 2471 455 2559 Itaque
518 2475 869 2542 concilium
937 2474 1103 2540 illud
1173 2475 1472 2540 habitum
1532 2497 1658 2540 non
1722 2481 1850 2554 est;
1915 2496 2290 2562 oppressum
2354 2482 2486 2554 est,
2537 2481 2613 2540 ut

282 2575 451 2647 Cicero
494 2585 625 2669 ipse
674 2582 831 2647 dicit
876 2580 1067 2661 (Sest.
1121 2580 1228 2646 36.
1258 2578 1372 2661 78)
1422 2604 1584 2659 „mm
1632 2582 1958 2663 auspiciis,
2009 2605 2128 2646 non
2173 2582 2610 2659 intercessione,

276 2688 352 2747 sed
401 2687 455 2749 vi
509 2711 685 2751 manu
731 2686 987 2775 ferro.''
1056 2686 1341 2764 Revera,
1408 2694 1483 2751 ut
1531 2688 1700 2765 dixi,
1749 2694 2010 2774 propter
2052 2688 2268 2774 leg-em
2315 2686 2611 2755 Clodiam

278 2810 315 2853 a
356 2791 427 2858 58
480 2792 675 2860 latam
736 2814 863 2858 non
924 2793 1156 2859 licebat
1216 2794 1337 2858 hoc
1388 2793 1733 2859 concilium
1779 2794 2082 2879 impediri
2127 2794 2610 2859 obnuntiatione

276 2908 357 2961 aut
410 2904 865 2967 intercessione.
929 2900 1369 2966 Nihilominus
1433 2898 1653 2967 Cicero
1701 2900 2008 2978 affirmat,
2059 2901 2216 2965 duos
2265 2903 2438 2966 viros
2485 2902 2610 2965 sibi

274 3006 509 3073 inimicos
552 3028 663 3093 per
714 3028 857 3071 eam
895 3026 1183 3093 pugnam
1220 3010 1290 3071 in
1330 3008 1543 3072 forum
1582 3009 1834 3072 venisse
1854 3056 1871 3085 ,
1914 3010 2025 3093 qui
2050 3027 2124 3073 ea
2147 3008 2609 3093 impedimenta

274 3113 431 3177 vetita
483 3114 777 3179 adhibere
842 3113 912 3177 in
959 3114 1155 3177 animo
1203 3114 1485 3177 haberent
1500 3142 1528 3189 ;
1580 3114 1859 3179 alterum
1907 3114 2254 3179 Serranum
2300 3115 2445 3178 trib.
2495 3114 2605 3199 pl„

276 3220 357 3299 qui
410 3218 790 3297 intercedere,
863 3218 1140 3285 alterum
1206 3221 1374 3307 App.
1447 3217 1795 3287 Claudium
1864 3226 2221 3306 praetorem
2238 3270 2254 3298 ,
2332 3221 2606 3287 eundem

276 3340 568 3409 augurem,
617 3329 731 3411 qui
781 3348 884 3402 „ee
940 3327 1015 3389 de
1060 3326 1222 3389 caelo
1269 3326 1575 3389 servaese''
1628 3328 1826 3391 dicere
1873 3330 2329 3393 constituisset.
2385 3326 2607 3413 Neque

278 3430 378 3495 sine
430 3432 747 3518 voluptate
809 3432 1088 3517 quadam
1148 3433 1270 3498 hoc
1332 3434 1488 3498 dicit
1554 3431 1772 3500 Cicero
1785 3455 1802 3512 ;
1850 3437 1946 3499 ita
1991 3438 2166 3499 enim
2214 3436 2606 3500 adversarios

278 3556 391 3601 suos
450 3542 512 3603 in
582 3541 1009 3624 suspicionem
1070 3538 1363 3616 adducit,
1428 3543 1611 3625 quasi
1673 3540 1957 3605 reditum
2019 3562 2212 3606 suum
2273 3542 2605 3627 prohibere

278 3640 573 3709 voluissent
631 3644 1113 3731 impedimentis
1172 3656 1317 3710 ante
1380 3666 1622 3710 annum
1684 3668 1721 3711 a
1782 3645 2004 3714 Clodio
2067 3650 2289 3713 vetitis
2305 3697 2323 3726 ,
2372 3648 2606 3733 quibus

280 3751 353 3811 uti
410 3772 504 3815 808
560 3753 827 3815 minime
891 3751 1160 3817 deceret.
1229 3750 1323 3817 Ob
1386 3773 1530 3817 eam
1596 3740 1856 3818 causam
1905 3751 2124 3821 Cicero
2172 3754 2404 3819 diserte
2449 3754 2605 3819 dicit

282 3854 515 3939 Appium
568 3865 902 3942 tamquam
946 3866 1285 3940 praetorem
1334 3860 1712 3924 obnuntiare
1757 3859 2035 3926 voluisse
2080 3867 2186 3941 (ex
2235 3862 2602 3945 spectione),

280 3982 373 4024 non
412 3970 729 4049 tamquam
777 3984 1093 4052 augurem
1138 3970 1245 4045 (ex
1293 3964 1447 4030 diris
1498 3965 1788 4047 oblatis);
1839 3965 2111 4032 dubium
2151 3988 2272 4031 non
2316 3973 2412 4031 est
2450 3970 2604 4052 quin

282 4061 485 4147 einero,
544 4074 596 4135 si
654 4092 771 4155 pro
830 4073 969 4157 ipso
1035 4072 1262 4136 fuisset
1311 4072 1714 4137 obnuntiatio
1763 4074 1993 4159 Appii,
2043 4072 2330 4138 dicturus
2376 4074 2604 4140 fuisset

315 4235 536 4248 Ὰ-ψ-
545 4244 577 4249 --

334 4322 495 4455 1)²ll)io
535 4326 755 4384 89.7.8;
798 4326 894 4378 Cic.
942 4330 1063 4380 sut.
1114 4330 1278 4379 east
1316 4332 1367 4379 et
1401 4330 1593 4389 85.‘1‘1;
1643 4330 1729 4381 cfr.
1765 4346 1888 4395 quae
1919 4331 2029 4381 adn.
2064 4331 2174 4381 Car.
2211 4330 2362 4380 Halm
2396 4330 2446 4380 in
2484 4331 2602 4381 edit.

286 4415 366 4465 με.
449 4408 489 4457 8.
