3192 5009
1086 380 1171 427 mi
1217 378 1527 427 Amsrmn
1572 378 1896 427 nusi-om.
2533 348 2664 418 259

285 566 490 620 ματος
552 544 615 610 δὲ
678 546 779 610 καὶ
850 552 968 611 τῶν
1037 545 1169 626 περὶ
1244 546 1395 611 αὐτὸ
1465 544 1810 622 συνδέσμων
1873 545 2044 610 κατὰ
2106 544 2226 616 τὰς
2290 542 2492 623 Φλιὰς
2554 539 2660 605 καὶ

286 658 400 723 τῆς
465 656 583 715 τῶν
645 652 975 733 ὑπερθύριον
1038 652 1404 731 ἀσφαλείας
1468 652 1720 726 ἔκδηλος
1785 646 1852 727 ἦν
1915 655 1950 728 ἦ
2013 658 2158 715 τῶν
2219 646 2662 730 χρημάτων

284 740 703 834 γεγονυΐίιο
752 758 1103 837 ἀφειδὴς
1168 757 1530 831 sanaim?
1571 757 1810 838 (Schm.
1861 756 1967 823 29.
1999 756 2426 838 14).‚Ultima
2470 754 2666 819 verba

280 860 619 929 Graetzius
703 868 933 931 vertit:
1026 865 1181 941 „der
1257 864 1489 930 darauf
1547 865 1946 931 verwendete
2014 860 2662 931 verschwenderische

280 972 690 1036 Aufwand
751 993 847 1036 an
911 969 1193 1048 Gold”,
1253 992 1377 1058 quo
1438 974 1646 1038 aureis
1705 970 1838 1037 illis
1884 970 2228 1037 Alexandri
2275 968 2662 1035 ornamentis

275 1078 477 1142 verba
536 1078 826 1143 Aristeae
884 1078 1333 1163 responderent
1349 1099 1365 1157 ;
1430 1078 1539 1143 sed
1599 1099 1667 1144 re
1729 1099 1882 1145 vera
1943 1078 2019 1143 de
2067 1099 2222 1143 auro
2268 1097 2347 1141 ne
2393 1074 2661 1139 verbum

278 1183 547 1269 quidem
584 1184 761 1248 addit
796 1186 1079 1250 Aristeas
1098 1234 1113 1263 ,
1157 1184 1324 1271 quod
1371 1188 1482 1271 qui
1527 1186 1840 1263 concedit,
1889 1184 2186 1250 concedat
2231 1202 2482 1248 necesse
2530 1186 2658 1257 est,

276 1309 361 1354 ea
407 1310 565 1375 quae
613 1288 945 1356 Graetzius
983 1292 1060 1357 de
1098 1292 1445 1357 Alexandri
1480 1293 1661 1358 donis
1697 1292 1920 1357 scribit
1957 1292 2038 1356 ad
2072 1296 2364 1357 nostrum
2399 1288 2658 1375 quidem

268 1394 497 1460 locum
540 1418 667 1461 non
714 1400 983 1463 attinere
1031 1398 1135 1477 (cf.
1184 1398 1391 1485 Regg.
1439 1397 1538 1463 111
1585 1398 1647 1463 6.
1675 1395 1760 1465 27
1787 1404 1972 1484 sqq.).

376 1500 773 1588 Theopompi
819 1504 1117 1568 morbum
1136 1552 1153 1581 ,
1196 1506 1566 1570 caecitatem
1607 1503 1978 1569 Theodectis
1996 1553 2013 1582 ,
2051 1523 2286 1589 poenas
2306 1504 2660 1586 impietatis

272 1628 321 1672 a
368 1607 695 1674 Demetrio
745 1614 833 1694 (p.
884 1607 969 1675 68
1018 1608 1261 1691 Schm.)
1300 1610 1533 1676 relatas
1579 1632 1784 1695 neque
1831 1631 1950 1697 ego
1991 1610 2342 1675 defendam.
2381 1607 2660 1673 Fabellis

267 1715 453 1778 enim
496 1734 699 1800 neque
739 1713 1129 1781 Graecorum
1168 1718 1434 1782 historia
1474 1739 1676 1804 neque
1712 1717 2098 1783 Iudaeorum
2135 1720 2306 1781 caret
2323 1764 2338 1793 ,
2380 1720 2446 1780 et
2485 1714 2661 1779 facili

270 1819 469 1885 modo
506 1822 573 1884 in
610 1821 865 1887 credula
899 1830 1092 1910 gent-e
1132 1824 1285 1888 haec
1324 1823 1559 1889 tradita
1594 1830 1747 1889 sunt
1760 1872 1777 1901 ,
1819 1830 2232 1909 accceptaque
2270 1822 2347 1888 ab
2373 1823 2657 1886 Aristeae

268 1926 585 2011 epistolae
644 1931 979 2015 scriptore;
1045 1932 1157 2015 qui
1221 1930 1443 1995 eodem
1498 1930 1761 1995 consilio
1781 1980 1796 2007 ,
1845 1945 1920 1995 ut
1965 1950 2150 1995 suam
2195 1928 2574 2015 religionem
2619 1949 2658 1992 a

270 2030 539 2098 Graecis
578 2054 827 2119 quoque
866 2036 1242 2101 honoratam
1281 2057 1415 2101 esse
1456 2037 1814 2104 ostenderet
1831 2086 1848 2115 ,
1873 2037 2253 2102 Menedemo
2270 2084 2286 2113 ,
2311 2034 2660 2100 Eretriensi

268 2137 657 2225 philosopho
716 2146 929 2225 partes
991 2144 1059 2205 in
1124 2140 1269 2207 ficto
1333 2143 1618 2209 dramate
1679 2144 1926 2208 tribuit.
1992 2142 2172 2223 Quod
2231 2164 2382 2207 cum
2427 2142 2660 2206 faceret

272 2252 495 2309 tamen
558 2248 824 2311 minime
843 2296 859 2325 ,
923 2248 1089 2333 quod
1151 2250 1274 2313 viri
1338 2249 1506 2315 docti
1563 2250 1898 2335 perhibent
1915 2299 1931 2327 ,
1993 2252 2322 2315 coniunxit
2381 2269 2488 2314 eos
2547 2247 2660 2331 qui

271 2354 585 2435 temporis
630 2355 833 2437 spatio
879 2353 1208 2419 distarent.
1257 2354 1473 2419 Errori
1521 2359 1694 2421 enim
1741 2356 2046 2443 Diogenis
2091 2356 2330 2421 Laertii
2374 2355 2655 2431 debetur,

274 2457 447 2542 quod
508 2457 742 2523 dicitur
800 2458 1219 2525 Menedemus
1278 2460 1564 2526 Platonis
1635 2463 1888 2528 auditor
1955 2463 2170 2528 fuisse.
2244 2460 2524 2548 Lag-idae
2593 2467 2658 2526 et

272 2562 687 2650 Philadelphi
770 2586 1021 2651 quoque
1098 2566 1221 2631 fuit
1300 2567 1579 2653 aequalis
1600 2617 1616 2646 ,
1690 2571 1844 2655 quin
1913 2572 2110 2634 etiam
2171 2569 2445 2634 adfuisse
2505 2588 2660 2633 eum

271 2668 701 2735 Alexandriae
764 2671 1037 2757 quodam
1100 2678 1387 2758 tempore
1452 2680 1732 2751 constat,
1795 2696 1946 2739 nam
2011 2724 2045 2752 „
2055 2673 2424 2755 ἐπρέσβευσε
2490 2676 2656 2758 (ipso

272 2773 567 2863 Diogene
636 2781 823 2857 teste)
896 2780 1036 2855 πρὸς
1111 2788 1500 2856 Πτολεμαῖον
1564 2780 1670 2845 καὶ
1735 2782 2176 2861 Λυσίμαχον”.
2241 2780 2461 2845 Minus
2507 2800 2658 2846 vero

274 2880 545 2947 feliciter
584 2886 958 2968 scriptorem
1000 2885 1305 2970 epistolae
1346 2887 1469 2952 sibi
1506 2888 1962 2953 Menedemum
1999 2887 2266 2975 eleg-isse
2285 2936 2301 2965 ,
2341 2908 2534 2974 quem
2557 2887 2659 2952 Iu·

276 2987 581 3052 daeorum
627 2988 877 3075 placitis
926 2994 1377 3058 assentientem
1424 2993 1692 3072 faceret,
1749 2994 2046 3081 equidem
2091 3016 2216 3061 non
2264 2998 2654 3081 negaverim.

368 3093 548 3159 Ficta
600 3098 773 3159 enim
818 3117 1071 3164 narrare
1120 3118 1514 3186 anonymum
1561 3121 1712 3165 eum
1757 3104 2133 3186 scriptorem
2151 3150 2166 3179 ,
2217 3105 2328 3188 qui
2371 3102 2658 3168 Aristeae

277 3200 614 3286 epistolam
660 3206 1021 3289 composuit
1041 3254 1057 3282 ,
1108 3226 1311 3291 neque
1358 3208 1521 3271 mihi
1570 3209 1843 3272 dubium
1883 3209 2156 3287 videtur,
2197 3208 2306 3274 sed
2341 3208 2518 3274 aliud
2559 3214 2658 3275 est

274 3306 493 3372 fallere
538 3314 605 3373 et
649 3312 919 3374 mentita
964 3331 1077 3395 pro
1127 3315 1297 3376 veris
1340 3313 1668 3379 venditare
1686 3362 1702 3391 ,
1760 3314 1936 3379 aliud
1984 3336 2133 3379 cum
2179 3318 2348 3381 veris
2385 3318 2479 3381 ita
2513 3314 2662 3380 ficta

278 3416 695 3499 coniungere,
758 3422 867 3492 ut,
934 3437 1093 3501 quae
1140 3416 1287 3482 ficta
1333 3421 1495 3497 sint,
1548 3440 1622 3484 ea
1668 3426 1732 3485 et
1774 3423 1910 3505 ipse
1951 3420 2151 3487 lector
2195 3442 2308 3507 pro
2353 3420 2518 3487 fictis
2566 3442 2661 3486 ac-

276 3520 491 3605 cipiat.
540 3519 777 3600 Quidni
822 3522 1139 3588 credimus
1183 3525 1588 3609 epistolarem
1627 3526 1902 3592 formam
1920 3576 1936 3605 ,
1981 3548 2140 3613 quae
2182 3533 2334 3593 tunc
2357 3532 2660 3615 temporis

278 3628 548 3691 minime
594 3630 816 3713 ignota
862 3636 1031 3706 erat,
1082 3652 1117 3695 a
1163 3634 1465 3716 scriptore
1513 3632 1786 3699 electam
1835 3656 1968 3700 esse
1987 3683 2004 3712 ,
2044 3640 2118 3699 ut
2159 3634 2476 3721 elegantia
2513 3656 2661 3720 qua-

278 3731 427 3796 dam
490 3735 805 3819 scriptum
864 3754 1055 3799 suum
1115 3736 1459 3804 lectoribus
1512 3738 2028 3806 commendaret?
2074 3743 2250 3807 Artis
2299 3742 2658 3827 epistolaris

275 3859 515 3925 genus,
566 3860 690 3923 quo
738 3861 887 3905 cum
930 3844 1000 3904 in
1045 3842 1321 3909 Eroticis
1371 3843 1642 3910 Ovidius
1689 3846 2003 3932 praeclare
2042 3856 2351 3926 uteretur,
2392 3848 2660 3914 Alexan·

277 3944 609 4009 drinorum
654 3945 1025 4031 exemplum
1071 3951 1471 4034 sequebatur,
1519 3954 1589 4014 in
1637 3953 1964 4017 rhetorum
2011 3952 2242 4019 scholis
2306 3958 2660 4021 exercitum

276 4070 411 4115 esse
472 4070 507 4115 e
568 4049 883 4116 Demetrii
950 4054 1223 4120 rhetoris
1286 4054 1505 4121 libello
1570 4060 1702 4137 περὶ
1769 4058 2085 4136 ἑρμηνείας
2150 4064 2484 4147 cognitum
2529 4068 2658 4142 est,

275 4176 477 4242 neque
562 4156 815 4221 litterae
900 4159 1477 4227 Alexandrinorum
1553 4167 1710 4229 artis
1777 4164 1954 4229 illius
2024 4166 2335 4253 exemplis
2407 4174 2657 4248 carent,

277 4262 591 4347 siquidem
678 4263 805 4328 Leo
888 4264 997 4330 ille
1066 4266 1358 4332 Pellaeus
1378 4317 1393 4346 ,
1470 4292 1620 4334 cum
1691 4292 1787 4335 res
1858 4273 2214 4359 Aegyptias
2287 4279 2660 4361 conscripsit

276 4368 437 4433 hanc
483 4369 758 4434 formam
806 4374 982 4456 operi
1028 4394 1142 4438 suo
1192 4374 1397 4453 dedit,
1448 4381 1523 4439 ut
1570 4376 1842 4463 epistola
1888 4379 1964 4443 ab
2011 4379 2368 4445 Alexandro
2415 4380 2656 4469 Magno

276 4472 356 4537 ad
419 4472 871 4561 Olympiadem
934 4484 1212 4545 matrem
1260 4484 1495 4567 scripta
1543 4483 1874 4549 videretur
1921 4485 2026 4565 (cf.
2076 4484 2325 4553 Susem.
2375 4487 2424 4552 Ι.
2477 4487 2657 4573 315).
