3192 5009
585 262 717 329 208
1572 282 1972 333 unamines.

1034 458 1144 523 τῆς
1195 448 1424 530 ἡμέρας
1473 450 1654 523 νεὼς
1707 456 2026 530 μακρῶς
2077 452 2173 514 τά
2227 450 2492 529 σιτία,

580 561 645 618 et
705 558 1209 641 superscriptum
1253 556 1574 643 glossema
1621 558 1882 637 τριήρους
1928 557 2146 623 locum
2190 560 2563 643 corruperit.
2637 555 2979 622 Articulus

578 683 828 747 quoque
874 666 1259 728 necessarius
1309 663 1583 729 videtur.
2377 738 2382 747 ‚

667 791 731 854 p.
781 769 1022 847 261,b.
1085 768 1390 840 Διονύσιος
1456 772 1484 837 ό
1551 770 1844 843 Σικελίας
1910 771 2194 851 τύραννος
2259 770 2398 843 τοὺς
2467 769 2976 849 ἀποβάλλοντας

578 877 696 949 τὰς
762 878 970 947 οὐσίας
1040 878 1122 945 εἰς
1180 876 1373 953 μέθας
1441 880 1546 940 καὶ
1612 877 1834 954 κύβους
1904 878 2008 942 καὶ
2076 879 2184 950 την
2248 880 2534 949 τοιαύτην
2583 878 2979 941 άκολασίαν·

578 982 879 1059 ἠβούλετο
917 982 1043 1061 γάρ
1083 980 1381 1053 ἅπαντας
1424 978 1579 1047 εἶναι
1622 983 2096 1064 διεφθαρμένους
2140 984 2242 1047 καὶ
2289 984 2607 1062 φαύλους·
2651 979 2784 1053 οὓς
2839 982 2978 1045 καὶ

578 1087 643 1155 εὖ
709 1097 1008 1168 περιεῖπε.
1076 1089 1322 1166 Editor,
1387 1088 1531 1154 coll.
1601 1112 1660 1175 Ρ.
1714 1090 1846 1155 260
1888 1090 1970 1167 d.,
2023 1090 2412 1155 audiendum
2458 1095 2648 1174 putat
2694 1088 2974 1164 άνελάμ-

577 1196 791 1275 βανεν,
840 1202 1063 1281 aptum
1113 1216 1262 1261 sane
1308 1197 1616 1273 verbum,
1659 1196 1771 1261 sed
1818 1196 1987 1281 quod
2025 1199 2242 1261 omitti
2275 1218 2401 1261 non
2442 1197 2656 1281 potuit
2687 1216 2726 1259 a
2763 1194 2980 1259 Timo-

576 1319 784 1367 POMPo
802 1352 819 1381 ,
882 1324 996 1368 nec
1060 1308 1278 1367 tamen
1339 1301 1717 1387 simpliciter
1777 1302 2072 1366 additum
2119 1302 2353 1367 sufficit
2399 1302 2476 1367 ob
2525 1323 2659 1387 sqq.
2713 1297 2814 1372 οὓς
2869 1298 2976 1364 καὶ

573 1403 641 1471 εὖ
715 1416 1007 1489 περιεῖπε.
1096 1410 1232 1473 Aut
1299 1406 1485 1472 fallor
1556 1413 1670 1472 aut
1740 1408 1946 1472 deleta
2015 1408 2242 1474 vocula
2311 1403 2409 1478 οὓς
2475 1408 2972 1494 corrigendum:

575 1514 1087 1594 (ἀνελάμβανε)
1151 1516 1286 1579 καὶ
1352 1509 1421 1578 εὖ
1471 1522 1765 1594 περιεῖπε.
1815 1514 2025 1580 Facile
2073 1511 2171 1586 οὓς
2219 1536 2386 1581 novo
2435 1536 2642 1580 errore
2689 1536 2808 1600 per
2855 1514 2976 1578 dit-

573 1617 982 1706 tographiam
1028 1624 1201 1686 nasci
1248 1623 1462 1706 potuit
1509 1641 1542 1684 e
1591 1620 1965 1699 φαύλΟΤΟ.

662 1748 724 1811 p.
775 1726 929 1804 271,
957 1749 1010 1791 e.
1076 1726 1413 1813 Scripsisse
1479 1726 1755 1790 traditur
1817 1725 2258 1792 Panaenus
2302 1730 2372 1791 in
2415 1727 2691 1791 histo-riis
2742 1729 2858 1792 εἰσὶ
2916 1726 2968 1789 δ’

574 1834 623 1896 οἱ
688 1833 954 1909 μόθακες
1022 1834 1341 1915 σύντροφοι
1389 1839 1505 1897 τῶν
1554 1832 2092 1909 Λακεδαιμονίων·
2147 1828 2405 1905 ἕκαστος
2455 1835 2583 1915 γὰρ
2631 1842 2753 1897 τῶν
2802 1848 2974 1898 πολι-

573 1944 753 2003 τικῶν
802 1937 1061 2015 παίδων,
1106 1942 1183 2012 ὥς
1233 1939 1309 2003 ἂν
1359 1939 1496 2002 καὶ
1545 1940 1631 2002 τοὶ
1680 1938 1805 2003 ἴδια
1858 1940 2324 2016 ἐκποιῶσιν,
2375 1930 2429 2003 οἳ
2470 1940 2582 2015 μὲν
2620 1937 2769 2016 ἕνα,
2813 1932 2870 2003 οἳ
2909 1938 2968 2001 δὲ

573 2044 711 2123 δύο,
759 2047 911 2119 τινὲς
954 2047 1015 2109 δὲ
1058 2046 1305 2117 πλείους
1348 2050 1660 2111 ποιοῦνται
1703 2046 2072 2124 συντρόφους
2119 2047 2338 2113 αὑτῶν.
2390 2045 2597 2111 Verba
2622 2046 2968 2133 depravata

571 2152 745 2217 facili
790 2156 1151 2219 coniectura
1200 2156 1290 2219 sic
1330 2153 1631 2218 emendo:
1681 2154 1757 2224 ὥς
1801 2151 1876 2217 ἂν
1920 2152 2135 2216 κατὰ
2175 2152 2262 2216 τα
2301 2151 2430 2216 ἴδια
2473 2154 2966 2228 ἐμπολῶσιν,

572 2260 615 2322 i.
644 2280 699 2323 e.
765 2262 1137 2338 πράττωσιν,
1190 2282 1310 2341 pro
1348 2258 1786 2344 facultatibus.
1835 2257 1936 2322 Ad
1983 2260 2294 2323 rariorem
2340 2258 2504 2323 hanc
2553 2258 2735 2323 verbi
2783 2259 2971 2335 ἐμπο-

573 2368 695 2428 λῶν
760 2368 1087 2430 notionem
1134 2385 1433 2450 compara
1478 2363 1941 2449 Hippocratem
1988 2362 2052 2427 11
2097 2385 2160 2448 p.
2214 2362 2346 2428 458
2396 2364 2521 2442 (ed.
2573 2364 2965 2443 Ermerins):

572 2472 783 2551 πολλῷ
849 2472 1103 2535 κάλλιον
1166 2473 1503 2546 ἐμπολήσει
1569 2472 1596 2534 ὅ
1648 2467 1986 2548 ἄνθρωποςς
2038 2490 2232 2555 quem
2276 2469 2494 2535 locum
2545 2470 2767 2549 affere,
2815 2472 2966 2557 quia

572 2574 906 2661 neglectus
954 2583 1049 2641 est
1095 2578 1162 2640 in
1213 2576 1554 2641 Theseum.

662 2704 726 2767 p.
777 2680 931 2759 283,
958 2682 1001 2745 f.
1050 2682 1126 2745 In
1172 2684 1653 2766 corruptissimo
1702 2683 2056 2747 Arontoim
2099 2682 2336 2746 Ruonn
2382 2682 2457 2746 fr.
2509 2682 2604 2763 (9)
2648 2682 2962 2759 πομπίλον

570 2786 858 2852 ὠκυάλων
930 2795 1077 2862 νηῶν
1146 2812 1525 2861 αιηονονα
1601 2789 1870 2867 δουρον
1938 2787 2248 2853 ultimum
2312 2787 2704 2853 vocabulum
2768 2788 2961 2852 fuisse

571 2894 693 2958 530
715 2918 747 2957 υ
766 2895 845 2975 ρό
862 2920 891 2957 ν
954 2896 1223 2981 agnovit
1284 2897 1416 2958 iam
1472 2893 1903 2958 Wilamowitz
1925 2942 1940 2971 ,
1991 2914 2116 2979 quo
2166 2902 2421 2980 accepto
2472 2900 2754 2980 tempto:
2807 2919 2964 2970 πομ-

571 3004 749 3065 πίλον
810 3003 1098 3065 ὠκυάλων
1147 3007 1292 3074 νηῶν
1343 3002 1866 3079 <ἐπ>αρηγόν“·
1917 2999 2256 3077 ὁδουρόν.
2305 3000 2424 3064 Est
2471 3006 2694 3065 autem
2739 3001 2961 3080 ἐπαρη-

568 3109 693 3185 γών
745 3130 871 3173 vox
918 3107 1257 3193 Apollonio
1304 3110 1581 3192 propria.
1636 3106 1952 3171 Similiter
1998 3106 2240 3186 ἀρηγών
2289 3106 2593 3173 adiectivi
2638 3110 2779 3173 vice
2827 3108 2962 3173 fun-

568 3216 751 3299 gitur
799 3212 970 3297 apud
1018 3210 1417 3297 Oppianum,
1466 3211 1616 3276 Hal.
1669 3211 1743 3289 V,
1799 3210 1964 3276 108:
2017 3210 2306 3292 άρηγόνος
2359 3211 2642 3293 ἡνιόχοιο.

667 3340 727 3403 Ρ.
779 3316 931 3397 305,
958 3318 1002 3383 f.
1055 3317 1304 3385 Ultima
1350 3338 1495 3405 pars
1542 3318 1891 3403 fragmenti
1936 3318 2394 3383 ARGHBSOERAOEI
2440 3313 2530 3383 sic
2570 3318 2916 3405 vulgatur:

1663 3419 1784 3488 ὅσοι
1832 3424 1920 3500 μὴ
1971 3432 2264 3488 πλεῖστον
2318 3422 2597 3505 ὕφασμα

936 3531 1180 3610 σχοίνου
1229 3530 1614 3610 ἑλειοτρόφου
1666 3539 1864 3595 κοῖλον
1913 3529 2224 3610 χείρεσσιν
2272 3529 2522 3609 ἔχοντες

934 3638 1171 3702 εἰώθασι
1220 3639 1403 3703 δονεῖν
1450 3638 1700 3717 ψήφους
1748 3635 1948 3702 αἴθωνι
2005 3638 2285 3715 λογισμῷ

934 3740 1154 3821 ἄρθρων
1198 3744 1468 3818 μηλείων
1514 3744 1617 3807 ε’πὶ
1666 3752 1785 3821 γῆν
1830 3743 2164 3822 δωρήματα
2214 3741 2571 3817 βάλλων.

571 3850 715 3916 Non
760 3850 947 3914 video
969 3897 984 3926 ,
1036 3849 1191 3934 quid
1237 3853 1471 3937 corrigi
1514 3856 1731 3915 vetet:

755 3952 975 4033 ἄρθρων
1021 3955 1289 4032 μηλείων
1337 3954 1495 4031 (τ’)
1544 3956 1646 4019 ἐπὶ
1697 3964 1816 4032 γῆν
1863 3954 2202 4032 δωρήματα
2249 3952 2618 4030 βάλλειν
2665 3954 2784 4033 (sic
2807 3949 2911 4031 G).

664 4084 724 4147 p.
776 4060 927 4139 308,
970 4084 1023 4127 c.
1074 4063 1194 4140 ἐγὼ
1246 4061 1309 4125 δὲ
1358 4062 1527 4125 κατὰ
1574 4063 1678 4125 τὸν
1725 4061 1916 4142 σοφὸν
1965 4062 2362 4142 Ἐπίχαρμον
2410 4058 2600 4137 μηδὲν
2649 4060 2953 4137 άποκρινο-

573 4168 754 4245 μένου
802 4172 910 4231 τοῦ
963 4169 1131 4241 κυνὸς

843 4274 929 4338 τὰ
970 4276 1079 4353 πρὸ
1129 4280 1237 4339 τοῦ
1286 4274 1377 4338 δύ’
1428 4271 1634 4354 ἄνδρες
1685 4274 2018 4352 ἔλεγον,
2070 4268 2155 4345 εἷς
2211 4273 2364 4349 ἐγὼν
2414 4272 2722 4352 άποχρέω.

571 4380 735 4463 Quia
778 4400 1000 4447 versus
1049 4382 1141 4446 sic
1188 4383 1463 4467 scriptus
1507 4383 1577 4445 in
1623 4380 1950 4447 comoedia
1995 4382 2110 4446 vix
2154 4382 2420 4465 reperiri
2457 4380 2744 4464 potuisse
2781 4378 2958 4445 vide-
