<?xml version="1.0" encoding="UTF-8"?>
<!DOCTYPE html PUBLIC "-//W3C//DTD XHTML 1.0 Transitional//EN"
    "http://www.w3.org/TR/xhtml1/DTD/xhtml1-transitional.dtd">
<html xmlns="http://www.w3.org/1999/xhtml" xml:lang="en" lang="en">
 <head>
  <title>
</title>
<meta http-equiv="Content-Type" content="text/html;charset=utf-8" />
  <meta name='ocr-system' content='tesseract 3.04.00' />
  <meta name='ocr-capabilities' content='ocr_page ocr_carea ocr_par ocr_line ocrx_word'/>
</head>
<body>
  <div class='ocr_page' id='page_1' title='image "./mnemosyne07servgoog_0009.png"; bbox 0 0 3192 5009; ppageno 0'>
   <div class='ocr_carea' id='block_1_1' title="bbox 401 746 2507 983">
    <p class='ocr_par' dir='ltr' id='par_1_1' title="bbox 401 746 2507 983">
     <span class='ocr_line' id='line_1_1' title="bbox 401 746 2507 983; baseline -0.002 -140"><span class='ocrx_word' id='word_1_1' title='bbox 401 750 1072 846; x_wconf 78' lang='lat' dir='ltr'><strong>EMENDATUR</strong></span> <span class='ocrx_word' id='word_1_2' title='bbox 1131 750 1849 983; x_wconf 46' lang='lat' dir='ltr'><strong>sbfftffilgffl</strong></span> <span class='ocrx_word' id='word_1_3' title='bbox 1907 746 2507 842; x_wconf 84' lang='lat' dir='ltr'><strong>ANAOREON·</strong></span> 
     </span>
    </p>
   </div>
   <div class='ocr_carea' id='block_1_2' title="bbox 1349 1096 1595 1141">
    <p class='ocr_par' dir='ltr' id='par_1_2' title="bbox 1349 1096 1595 1141">
     <span class='ocr_line' id='line_1_2' title="bbox 1349 1096 1595 1141; baseline 0 -1"><span class='ocrx_word' id='word_1_4' title='bbox 1349 1096 1595 1141; x_wconf 78' lang='lat' dir='ltr'><strong>somPsrr</strong></span> 
     </span>
    </p>
   </div>
   <div class='ocr_carea' id='block_1_3' title="bbox 1131 1249 1801 1318">
    <p class='ocr_par' dir='ltr' id='par_1_3' title="bbox 1131 1249 1801 1318">
     <span class='ocr_line' id='line_1_3' title="bbox 1131 1249 1801 1318; baseline 0 -1"><span class='ocrx_word' id='word_1_5' title='bbox 1131 1250 1196 1317; x_wconf 81' lang='lat' dir='ltr'><strong>S.</strong></span> <span class='ocrx_word' id='word_1_6' title='bbox 1258 1250 1336 1317; x_wconf 88' lang='lat' dir='ltr'><strong>A.</strong></span> <span class='ocrx_word' id='word_1_7' title='bbox 1401 1249 1801 1318; x_wconf 83' lang='lat' dir='ltr'><strong>NABER.</strong></span> 
     </span>
    </p>
   </div>
   <div class='ocr_carea' id='block_1_4' title="bbox 1357 1564 1594 1593">
    <p class='ocr_par' dir='ltr' id='par_1_4' title="bbox 1357 1564 1594 1593">
     <span class='ocr_line' id='line_1_4' title="bbox 1357 1564 1594 1593; baseline -0.008 0"><span class='ocrx_word' id='word_1_8' title='bbox 1357 1564 1594 1593; x_wconf 50' lang='lat' dir='ltr'><strong>ffl-</strong></span> 
     </span>
    </p>
   </div>
   <div class='ocr_carea' id='block_1_5' title="bbox 279 1812 2660 4535">
    <p class='ocr_par' dir='ltr' id='par_1_5' title="bbox 279 1812 2660 4451">
     <span class='ocr_line' id='line_1_5' title="bbox 367 1812 2651 1901; baseline 0 -21"><span class='ocrx_word' id='word_1_9' title='bbox 367 1816 538 1880; x_wconf 81' lang='lat' dir='ltr'><strong>Ante</strong></span> <span class='ocrx_word' id='word_1_10' title='bbox 603 1835 835 1901; x_wconf 85' lang='lat' dir='ltr'><strong>paucos</strong></span> <span class='ocrx_word' id='word_1_11' title='bbox 898 1813 1032 1880; x_wconf 87' lang='lat' dir='ltr'><strong>dies</strong></span> <span class='ocrx_word' id='word_1_12' title='bbox 1094 1814 1256 1879; x_wconf 89' lang='lat' dir='ltr'><strong>obiit</strong></span> <span class='ocrx_word' id='word_1_13' title='bbox 1317 1812 1687 1879; x_wconf 78' lang='lat' dir='ltr'><strong>Theodorus</strong></span> <span class='ocrx_word' id='word_1_14' title='bbox 1734 1813 2035 1881; x_wconf 86' lang='lat' dir='ltr'><strong>Borretus</strong></span> <span class='ocrx_word' id='word_1_15' title='bbox 2079 1817 2181 1881; x_wconf 84' lang='lat' dir='ltr'><strong>vir</strong></span> <span class='ocrx_word' id='word_1_16' title='bbox 2226 1812 2617 1881; x_wconf 84' lang='lat' dir='ltr'><strong>clarissimus</strong></span> <span class='ocrx_word' id='word_1_17' title='bbox 2634 1862 2651 1893; x_wconf 91' lang='lat'>,</span> 
     </span>
     <span class='ocr_line' id='line_1_6' title="bbox 281 1918 2657 2009; baseline -0.001 -22"><span class='ocrx_word' id='word_1_18' title='bbox 281 1924 391 2009; x_wconf 90' lang='lat' dir='ltr'><strong>qui</strong></span> <span class='ocrx_word' id='word_1_19' title='bbox 437 1928 704 2008; x_wconf 89' lang='lat' dir='ltr'><strong>patrum</strong></span> <span class='ocrx_word' id='word_1_20' title='bbox 749 1923 1058 1987; x_wconf 89' lang='lat' dir='ltr'><strong>memoria</strong></span> <span class='ocrx_word' id='word_1_21' title='bbox 1103 1919 1498 2006; x_wconf 79' lang='lat' dir='ltr'><strong>eloquentiae</strong></span> <span class='ocrx_word' id='word_1_22' title='bbox 1542 1919 1733 1985; x_wconf 91' lang='lat' dir='ltr'><strong>laude</strong></span> <span class='ocrx_word' id='word_1_23' title='bbox 1778 1920 2040 1987; x_wconf 89' lang='lat' dir='ltr'><strong>florebat</strong></span> <span class='ocrx_word' id='word_1_24' title='bbox 2087 1920 2256 2008; x_wconf 90' lang='lat' dir='ltr'><strong>apud</strong></span> <span class='ocrx_word' id='word_1_25' title='bbox 2298 1918 2539 1986; x_wconf 90' lang='lat' dir='ltr'><strong>multos</strong></span> <span class='ocrx_word' id='word_1_26' title='bbox 2592 1925 2657 1985; x_wconf 87' lang='lat' dir='ltr'><strong>et</strong></span> 
     </span>
     <span class='ocr_line' id='line_1_7' title="bbox 280 2025 2656 2113; baseline -0.001 -20"><span class='ocrx_word' id='word_1_27' title='bbox 280 2026 524 2093; x_wconf 82' lang='lat' dir='ltr'><strong>multas</strong></span> <span class='ocrx_word' id='word_1_28' title='bbox 541 2076 559 2106; x_wconf 89' lang='lat'><em>,</em></span> <span class='ocrx_word' id='word_1_29' title='bbox 626 2027 737 2093; x_wconf 90' lang='lat' dir='ltr'><strong>sed</strong></span> <span class='ocrx_word' id='word_1_30' title='bbox 795 2033 1014 2113; x_wconf 90' lang='lat' dir='ltr'><strong>postea</strong></span> <span class='ocrx_word' id='word_1_31' title='bbox 1073 2048 1152 2093; x_wconf 83' lang='lat' dir='ltr'><strong>ex</strong></span> <span class='ocrx_word' id='word_1_32' title='bbox 1213 2025 1413 2092; x_wconf 85' lang='lat' dir='ltr'><strong>oculis</strong></span> <span class='ocrx_word' id='word_1_33' title='bbox 1461 2029 1706 2093; x_wconf 81' lang='lat' dir='ltr'><strong>civium</strong></span> <span class='ocrx_word' id='word_1_34' title='bbox 1752 2029 2012 2093; x_wconf 78' lang='lat' dir='ltr'><strong>recessit</strong></span> <span class='ocrx_word' id='word_1_35' title='bbox 2058 2048 2247 2113; x_wconf 91' lang='lat' dir='ltr'><strong>seque</strong></span> <span class='ocrx_word' id='word_1_36' title='bbox 2294 2025 2541 2093; x_wconf 90' lang='lat' dir='ltr'><strong>abdidit</strong></span> <span class='ocrx_word' id='word_1_37' title='bbox 2588 2028 2656 2091; x_wconf 91' lang='lat' dir='ltr'><strong>in</strong></span> 
     </span>
     <span class='ocr_line' id='line_1_8' title="bbox 280 2132 2656 2222; baseline -0.001 -23"><span class='ocrx_word' id='word_1_38' title='bbox 280 2156 526 2222; x_wconf 85' lang='lat' dir='ltr'><strong>pagum</strong></span> <span class='ocrx_word' id='word_1_39' title='bbox 544 2183 562 2212; x_wconf 87' lang='lat'><strong>,</strong></span> <span class='ocrx_word' id='word_1_40' title='bbox 629 2137 737 2201; x_wconf 91' lang='lat' dir='ltr'><strong>cui</strong></span> <span class='ocrx_word' id='word_1_41' title='bbox 793 2135 1193 2217; x_wconf 68' lang='lat' dir='ltr'><strong>Voqecemanq</strong></span> <span class='ocrx_word' id='word_1_42' title='bbox 1238 2155 1472 2199; x_wconf 90' lang='lat' dir='ltr'><strong>nomen</strong></span> <span class='ocrx_word' id='word_1_43' title='bbox 1488 2158 1524 2211; x_wconf 91' lang='lat'><strong>,·</strong></span> <span class='ocrx_word' id='word_1_44' title='bbox 1554 2135 1668 2200; x_wconf 91' lang='lat' dir='ltr'><strong>ubi</strong></span> <span class='ocrx_word' id='word_1_45' title='bbox 1713 2136 1881 2199; x_wconf 90' lang='lat' dir='ltr'><strong>inter</strong></span> <span class='ocrx_word' id='word_1_46' title='bbox 1917 2132 2272 2220; x_wconf 89' lang='lat' dir='ltr'><strong>pontificios</strong></span> <span class='ocrx_word' id='word_1_47' title='bbox 2319 2132 2656 2199; x_wconf 85' lang='lat' dir='ltr'><strong>sacerdotis</strong></span> 
     </span>
     <span class='ocr_line' id='line_1_9' title="bbox 279 2238 2658 2327; baseline -0.001 -21"><span class='ocrx_word' id='word_1_48' title='bbox 279 2262 548 2307; x_wconf 91' lang='lat' dir='ltr'><strong>munere</strong></span> <span class='ocrx_word' id='word_1_49' title='bbox 595 2240 988 2327; x_wconf 89' lang='lat' dir='ltr'><strong>fungeretur.</strong></span> <span class='ocrx_word' id='word_1_50' title='bbox 1039 2238 1356 2326; x_wconf 80' lang='lat' dir='ltr'><strong>Equidem</strong></span> <span class='ocrx_word' id='word_1_51' title='bbox 1401 2260 1621 2307; x_wconf 90' lang='lat' dir='ltr'><strong>senem</strong></span> <span class='ocrx_word' id='word_1_52' title='bbox 1664 2261 1915 2306; x_wconf 88' lang='lat' dir='ltr'><strong>comem</strong></span> <span class='ocrx_word' id='word_1_53' title='bbox 1954 2244 2033 2309; x_wconf 76' lang='lat' dir='ltr'><strong>et</strong></span> <span class='ocrx_word' id='word_1_54' title='bbox 2058 2240 2419 2305; x_wconf 89' lang='lat' dir='ltr'><strong>humanum</strong></span> <span class='ocrx_word' id='word_1_55' title='bbox 2457 2240 2658 2324; x_wconf 88' lang='lat' dir='ltr'><strong>suspi-</strong></span> 
     </span>
     <span class='ocr_line' id='line_1_10' title="bbox 283 2342 2657 2431; baseline -0.002 -16"><span class='ocrx_word' id='word_1_56' title='bbox 283 2349 564 2425; x_wconf 86' lang='lat' dir='ltr'><strong>ciebam;</strong></span> <span class='ocrx_word' id='word_1_57' title='bbox 631 2346 988 2412; x_wconf 83' lang='lat' dir='ltr'><strong>admirabar</strong></span> <span class='ocrx_word' id='word_1_58' title='bbox 1049 2349 1186 2411; x_wconf 89' lang='lat' dir='ltr'><strong>eius</strong></span> <span class='ocrx_word' id='word_1_59' title='bbox 1247 2348 1493 2412; x_wconf 86' lang='lat' dir='ltr'><strong>variam</strong></span> <span class='ocrx_word' id='word_1_60' title='bbox 1555 2352 1621 2412; x_wconf 91' lang='lat' dir='ltr'><strong>et</strong></span> <span class='ocrx_word' id='word_1_61' title='bbox 1667 2346 1939 2413; x_wconf 90' lang='lat' dir='ltr'><strong>solidam</strong></span> <span class='ocrx_word' id='word_1_62' title='bbox 1982 2346 2366 2424; x_wconf 87' lang='lat' dir='ltr'><strong>doctrinam;</strong></span> <span class='ocrx_word' id='word_1_63' title='bbox 2418 2342 2657 2431; x_wconf 87' lang='lat' dir='ltr'><strong>eloquii</strong></span> 
     </span>
     <span class='ocr_line' id='line_1_11' title="bbox 285 2450 2656 2540; baseline -0.001 -20"><span class='ocrx_word' id='word_1_64' title='bbox 285 2452 620 2520; x_wconf 83' lang='lat' dir='ltr'><strong>dulcedine</strong></span> <span class='ocrx_word' id='word_1_65' title='bbox 691 2454 979 2540; x_wconf 88' lang='lat' dir='ltr'><strong>capiebar</strong></span> <span class='ocrx_word' id='word_1_66' title='bbox 1045 2473 1354 2540; x_wconf 80' lang='lat' dir='ltr'><strong>saepeque</strong></span> <span class='ocrx_word' id='word_1_67' title='bbox 1415 2474 1521 2518; x_wconf 92' lang='lat' dir='ltr'><strong>me</strong></span> <span class='ocrx_word' id='word_1_68' title='bbox 1581 2472 1662 2517; x_wconf 83' lang='lat' dir='ltr'><strong>ex</strong></span> <span class='ocrx_word' id='word_1_69' title='bbox 1724 2454 1861 2519; x_wconf 88' lang='lat' dir='ltr'><strong>eius</strong></span> <span class='ocrx_word' id='word_1_70' title='bbox 1920 2474 2026 2519; x_wconf 89' lang='lat' dir='ltr'><strong>ore</strong></span> <span class='ocrx_word' id='word_1_71' title='bbox 2088 2454 2270 2538; x_wconf 89' lang='lat' dir='ltr'><strong>quasi</strong></span> <span class='ocrx_word' id='word_1_72' title='bbox 2315 2450 2656 2518; x_wconf 91' lang='lat' dir='ltr'><strong>delinitum</strong></span> 
     </span>
     <span class='ocr_line' id='line_1_12' title="bbox 285 2557 2658 2647; baseline -0 -23"><span class='ocrx_word' id='word_1_73' title='bbox 285 2560 562 2647; x_wconf 85' lang='lat' dir='ltr'><strong>pendere</strong></span> <span class='ocrx_word' id='word_1_74' title='bbox 625 2561 912 2624; x_wconf 88' lang='lat' dir='ltr'><strong>memini.</strong></span> <span class='ocrx_word' id='word_1_75' title='bbox 978 2557 1299 2639; x_wconf 80' lang='lat' dir='ltr'><strong>Quamdiu</strong></span> <span class='ocrx_word' id='word_1_76' title='bbox 1359 2580 1472 2644; x_wconf 90' lang='lat' dir='ltr'><strong>per</strong></span> <span class='ocrx_word' id='word_1_77' title='bbox 1517 2561 1795 2645; x_wconf 85' lang='lat' dir='ltr'><strong>corporis</strong></span> <span class='ocrx_word' id='word_1_78' title='bbox 1838 2562 2009 2625; x_wconf 84' lang='lat' dir='ltr'><strong>vires</strong></span> <span class='ocrx_word' id='word_1_79' title='bbox 2054 2557 2241 2625; x_wconf 89' lang='lat' dir='ltr'><strong>licuit</strong></span> <span class='ocrx_word' id='word_1_80' title='bbox 2256 2607 2275 2638; x_wconf 85' lang='lat'><em>,</em></span> <span class='ocrx_word' id='word_1_81' title='bbox 2324 2580 2473 2625; x_wconf 88' lang='lat' dir='ltr'><strong>nam</strong></span> <span class='ocrx_word' id='word_1_82' title='bbox 2520 2580 2658 2644; x_wconf 90' lang='lat' dir='ltr'><strong>per-</strong></span> 
     </span>
     <span class='ocr_line' id='line_1_13' title="bbox 284 2664 2656 2743; baseline -0.001 -12"><span class='ocrx_word' id='word_1_83' title='bbox 284 2669 461 2731; x_wconf 80' lang='lat' dir='ltr'><strong>venit</strong></span> <span class='ocrx_word' id='word_1_84' title='bbox 531 2664 612 2730; x_wconf 87' lang='lat' dir='ltr'><strong>ad</strong></span> <span class='ocrx_word' id='word_1_85' title='bbox 678 2670 1031 2730; x_wconf 83' lang='lat' dir='ltr'><strong>extremam</strong></span> <span class='ocrx_word' id='word_1_86' title='bbox 1099 2667 1444 2730; x_wconf 80' lang='lat' dir='ltr'><strong>senectutis</strong></span> <span class='ocrx_word' id='word_1_87' title='bbox 1510 2671 1754 2730; x_wconf 88' lang='lat' dir='ltr'><strong>metam</strong></span> <span class='ocrx_word' id='word_1_88' title='bbox 1771 2714 1788 2743; x_wconf 90' lang='lat'><em>,</em></span> <span class='ocrx_word' id='word_1_89' title='bbox 1858 2664 2130 2731; x_wconf 86' lang='lat' dir='ltr'><strong>libenter</strong></span> <span class='ocrx_word' id='word_1_90' title='bbox 2199 2686 2349 2731; x_wconf 93' lang='lat' dir='ltr'><strong>cum</strong></span> <span class='ocrx_word' id='word_1_91' title='bbox 2423 2666 2656 2730; x_wconf 86' lang='lat' dir='ltr'><strong>nostris</strong></span> 
     </span>
     <span class='ocr_line' id='line_1_14' title="bbox 289 2770 2655 2858; baseline -0 -20"><span class='ocrx_word' id='word_1_92' title='bbox 289 2771 684 2838; x_wconf 74' lang='lat' dir='ltr'><strong>Academicis</strong></span> <span class='ocrx_word' id='word_1_93' title='bbox 728 2791 856 2836; x_wconf 89' lang='lat' dir='ltr'><strong>una</strong></span> <span class='ocrx_word' id='word_1_94' title='bbox 901 2777 1037 2836; x_wconf 84' lang='lat' dir='ltr'><strong>erat</strong></span> <span class='ocrx_word' id='word_1_95' title='bbox 1081 2774 1151 2835; x_wconf 90' lang='lat' dir='ltr'><strong>in</strong></span> <span class='ocrx_word' id='word_1_96' title='bbox 1195 2770 1538 2857; x_wconf 84' lang='lat' dir='ltr'><strong>Trippiano</strong></span> <span class='ocrx_word' id='word_1_97' title='bbox 1584 2777 1651 2836; x_wconf 91' lang='lat' dir='ltr'><strong>et</strong></span> <span class='ocrx_word' id='word_1_98' title='bbox 1692 2792 1806 2858; x_wconf 91' lang='lat' dir='ltr'><strong>per</strong></span> <span class='ocrx_word' id='word_1_99' title='bbox 1851 2770 2210 2858; x_wconf 90' lang='lat' dir='ltr'><strong>complures</strong></span> <span class='ocrx_word' id='word_1_100' title='bbox 2256 2792 2451 2837; x_wconf 88' lang='lat' dir='ltr'><strong>annos</strong></span> <span class='ocrx_word' id='word_1_101' title='bbox 2497 2770 2655 2837; x_wconf 92' lang='lat' dir='ltr'><strong>Boo-</strong></span> 
     </span>
     <span class='ocr_line' id='line_1_15' title="bbox 290 2876 2657 2965; baseline -0 -22"><span class='ocrx_word' id='word_1_102' title='bbox 290 2879 416 2943; x_wconf 86' lang='lat' dir='ltr'><strong>tius</strong></span> <span class='ocrx_word' id='word_1_103' title='bbox 441 2880 448 2887; x_wconf 82' lang='lat'><em>&#39;</em></span> <span class='ocrx_word' id='word_1_104' title='bbox 475 2884 544 2943; x_wconf 88' lang='lat' dir='ltr'><strong>et</strong></span> <span class='ocrx_word' id='word_1_105' title='bbox 595 2898 718 2965; x_wconf 89' lang='lat' dir='ltr'><strong>ego</strong></span> <span class='ocrx_word' id='word_1_106' title='bbox 765 2898 917 2943; x_wconf 89' lang='lat' dir='ltr'><strong>eum</strong></span> <span class='ocrx_word' id='word_1_107' title='bbox 960 2876 1273 2965; x_wconf 81' lang='lat' dir='ltr'><strong>collegam</strong></span> <span class='ocrx_word' id='word_1_108' title='bbox 1319 2878 1665 2944; x_wconf 83' lang='lat' dir='ltr'><strong>habuimus</strong></span> <span class='ocrx_word' id='word_1_109' title='bbox 1710 2880 1779 2942; x_wconf 90' lang='lat' dir='ltr'><strong>in</strong></span> <span class='ocrx_word' id='word_1_110' title='bbox 1824 2877 2223 2965; x_wconf 84' lang='lat' dir='ltr'><strong>explorandis</strong></span> <span class='ocrx_word' id='word_1_111' title='bbox 2270 2878 2657 2944; x_wconf 87' lang='lat' dir='ltr'><strong>carminibus</strong></span> 
     </span>
     <span class='ocr_line' id='line_1_16' title="bbox 289 2982 2657 3071; baseline 0 -24"><span class='ocrx_word' id='word_1_112' title='bbox 289 2982 715 3049; x_wconf 82' lang='lat' dir='ltr'><strong>Hoeufl&#39;tianis</strong></span> <span class='ocrx_word' id='word_1_113' title='bbox 731 3031 748 3060; x_wconf 91' lang='lat'><em>,</em></span> <span class='ocrx_word' id='word_1_114' title='bbox 813 3004 938 3069; x_wconf 93' lang='lat' dir='ltr'><strong>quo</strong></span> <span class='ocrx_word' id='word_1_115' title='bbox 997 2985 1068 3047; x_wconf 92' lang='lat' dir='ltr'><strong>in</strong></span> <span class='ocrx_word' id='word_1_116' title='bbox 1130 2982 1388 3071; x_wconf 88' lang='lat' dir='ltr'><strong>negotio</strong></span> <span class='ocrx_word' id='word_1_117' title='bbox 1435 2984 1798 3070; x_wconf 80' lang='lat' dir='ltr'><strong>frequenter</strong></span> <span class='ocrx_word' id='word_1_118' title='bbox 1844 2984 2343 3071; x_wconf 81' lang='lat' dir='ltr'><strong>agnoscebamus</strong></span> <span class='ocrx_word' id='word_1_119' title='bbox 2389 3005 2657 3050; x_wconf 90' lang='lat' dir='ltr'><strong>acumen</strong></span> 
     </span>
     <span class='ocr_line' id='line_1_17' title="bbox 292 3088 2660 3178; baseline 0.001 -24"><span class='ocrx_word' id='word_1_120' title='bbox 292 3091 429 3155; x_wconf 89' lang='lat' dir='ltr'><strong>eins</strong></span> <span class='ocrx_word' id='word_1_121' title='bbox 489 3091 732 3177; x_wconf 86' lang='lat' dir='ltr'><strong>ingenii</strong></span> <span class='ocrx_word' id='word_1_122' title='bbox 778 3096 844 3154; x_wconf 92' lang='lat' dir='ltr'><strong>et</strong></span> <span class='ocrx_word' id='word_1_123' title='bbox 887 3088 1211 3175; x_wconf 81' lang='lat' dir='ltr'><strong>insignem</strong></span> <span class='ocrx_word' id='word_1_124' title='bbox 1258 3088 1662 3178; x_wconf 86' lang='lat' dir='ltr'><strong>elegantiam.</strong></span> <span class='ocrx_word' id='word_1_125' title='bbox 1710 3089 1985 3177; x_wconf 89' lang='lat' dir='ltr'><strong>Accepto</strong></span> <span class='ocrx_word' id='word_1_126' title='bbox 2031 3092 2261 3156; x_wconf 88' lang='lat' dir='ltr'><strong>nuncio</strong></span> <span class='ocrx_word' id='word_1_127' title='bbox 2308 3090 2384 3155; x_wconf 91' lang='lat' dir='ltr'><strong>de</strong></span> <span class='ocrx_word' id='word_1_128' title='bbox 2428 3092 2660 3176; x_wconf 85' lang='lat' dir='ltr'><strong>optimi</strong></span> 
     </span>
     <span class='ocr_line' id='line_1_18' title="bbox 301 3195 2659 3283; baseline 0.002 -25"><span class='ocrx_word' id='word_1_129' title='bbox 301 3197 462 3258; x_wconf 89' lang='lat' dir='ltr'><strong>senis</strong></span> <span class='ocrx_word' id='word_1_130' title='bbox 505 3196 678 3261; x_wconf 91' lang='lat' dir='ltr'><strong>obitu</strong></span> <span class='ocrx_word' id='word_1_131' title='bbox 723 3216 875 3261; x_wconf 92' lang='lat' dir='ltr'><strong>cum</strong></span> <span class='ocrx_word' id='word_1_132' title='bbox 919 3195 1165 3282; x_wconf 91' lang='lat' dir='ltr'><strong>reliqua</strong></span> <span class='ocrx_word' id='word_1_133' title='bbox 1209 3199 1423 3263; x_wconf 90' lang='lat' dir='ltr'><strong>omnia</strong></span> <span class='ocrx_word' id='word_1_134' title='bbox 1467 3198 1779 3263; x_wconf 89' lang='lat' dir='ltr'><strong>memoria</strong></span> <span class='ocrx_word' id='word_1_135' title='bbox 1824 3199 2050 3282; x_wconf 91' lang='lat' dir='ltr'><strong>repetii</strong></span> <span class='ocrx_word' id='word_1_136' title='bbox 2064 3245 2082 3274; x_wconf 87' lang='lat'><strong>,</strong></span> <span class='ocrx_word' id='word_1_137' title='bbox 2128 3202 2273 3261; x_wconf 92' lang='lat' dir='ltr'><strong>tum</strong></span> <span class='ocrx_word' id='word_1_138' title='bbox 2319 3195 2659 3283; x_wconf 82' lang='lat' dir='ltr'><strong>Sophronii</strong></span> 
     </span>
     <span class='ocr_line' id='line_1_19' title="bbox 295 3300 2659 3390; baseline 0.002 -25"><span class='ocrx_word' id='word_1_139' title='bbox 295 3300 462 3365; x_wconf 87' lang='lat' dir='ltr'><strong>mihi</strong></span> <span class='ocrx_word' id='word_1_140' title='bbox 529 3302 594 3365; x_wconf 90' lang='lat' dir='ltr'><strong>in</strong></span> <span class='ocrx_word' id='word_1_141' title='bbox 655 3308 943 3367; x_wconf 87' lang='lat' dir='ltr'><strong>mentem</strong></span> <span class='ocrx_word' id='word_1_142' title='bbox 1010 3304 1222 3380; x_wconf 84' lang='lat' dir='ltr'><strong>venit,</strong></span> <span class='ocrx_word' id='word_1_143' title='bbox 1293 3303 1371 3368; x_wconf 90' lang='lat' dir='ltr'><strong>de</strong></span> <span class='ocrx_word' id='word_1_144' title='bbox 1432 3325 1557 3390; x_wconf 92' lang='lat' dir='ltr'><strong>quo</strong></span> <span class='ocrx_word' id='word_1_145' title='bbox 1621 3308 1766 3369; x_wconf 90' lang='lat' dir='ltr'><strong>ante</strong></span> <span class='ocrx_word' id='word_1_146' title='bbox 1826 3302 2067 3368; x_wconf 88' lang='lat' dir='ltr'><strong>multos</strong></span> <span class='ocrx_word' id='word_1_147' title='bbox 2114 3323 2310 3368; x_wconf 88' lang='lat' dir='ltr'><strong>annos</strong></span> <span class='ocrx_word' id='word_1_148' title='bbox 2356 3304 2659 3369; x_wconf 87' lang='lat' dir='ltr'><strong>Borretus</strong></span> 
     </span>
     <span class='ocr_line' id='line_1_20' title="bbox 291 3402 2657 3495; baseline 0.001 -23"><span class='ocrx_word' id='word_1_149' title='bbox 291 3427 502 3472; x_wconf 87' lang='lat' dir='ltr'><strong>meam</strong></span> <span class='ocrx_word' id='word_1_150' title='bbox 561 3410 992 3494; x_wconf 82' lang='lat' dir='ltr'><strong>exquisiverat</strong></span> <span class='ocrx_word' id='word_1_151' title='bbox 1051 3402 1453 3473; x_wconf 87' lang='lat' dir='ltr'><strong>sententiam.</strong></span> <span class='ocrx_word' id='word_1_152' title='bbox 1513 3409 1778 3494; x_wconf 84' lang='lat' dir='ltr'><strong>Semper</strong></span> <span class='ocrx_word' id='word_1_153' title='bbox 1835 3409 1967 3475; x_wconf 87' lang='lat' dir='ltr'><strong>fore</strong></span> <span class='ocrx_word' id='word_1_154' title='bbox 2029 3430 2352 3495; x_wconf 89' lang='lat' dir='ltr'><strong>speraram</strong></span> <span class='ocrx_word' id='word_1_155' title='bbox 2397 3416 2473 3475; x_wconf 90' lang='lat' dir='ltr'><strong>ut</strong></span> <span class='ocrx_word' id='word_1_156' title='bbox 2520 3412 2657 3495; x_wconf 90' lang='lat' dir='ltr'><strong>ipse</strong></span> 
     </span>
     <span class='ocr_line' id='line_1_21' title="bbox 291 3512 2657 3603; baseline 0.002 -26"><span class='ocrx_word' id='word_1_157' title='bbox 291 3512 514 3577; x_wconf 89' lang='lat' dir='ltr'><strong>eodem</strong></span> <span class='ocrx_word' id='word_1_158' title='bbox 573 3513 807 3579; x_wconf 89' lang='lat' dir='ltr'><strong>rediret</strong></span> <span class='ocrx_word' id='word_1_159' title='bbox 824 3562 841 3591; x_wconf 91' lang='lat'><em>,</em></span> <span class='ocrx_word' id='word_1_160' title='bbox 906 3513 1076 3600; x_wconf 88' lang='lat' dir='ltr'><strong>quod</strong></span> <span class='ocrx_word' id='word_1_161' title='bbox 1137 3535 1341 3599; x_wconf 92' lang='lat' dir='ltr'><strong>quum</strong></span> <span class='ocrx_word' id='word_1_162' title='bbox 1387 3514 1743 3601; x_wconf 90' lang='lat' dir='ltr'><strong>supersedit</strong></span> <span class='ocrx_word' id='word_1_163' title='bbox 1790 3515 1992 3581; x_wconf 86' lang='lat' dir='ltr'><strong>facere</strong></span> <span class='ocrx_word' id='word_1_164' title='bbox 2012 3564 2029 3593; x_wconf 90' lang='lat'><em>,</em></span> <span class='ocrx_word' id='word_1_165' title='bbox 2076 3537 2245 3581; x_wconf 89' lang='lat' dir='ltr'><strong>nunc</strong></span> <span class='ocrx_word' id='word_1_166' title='bbox 2288 3536 2657 3603; x_wconf 83' lang='lat' dir='ltr'><strong>expromere</strong></span> 
     </span>
     <span class='ocr_line' id='line_1_22' title="bbox 286 3618 2659 3707; baseline 0.001 -24"><span class='ocrx_word' id='word_1_167' title='bbox 286 3621 470 3685; x_wconf 82' lang='lat' dir='ltr'><strong>iuvat</strong></span> <span class='ocrx_word' id='word_1_168' title='bbox 533 3639 692 3704; x_wconf 90' lang='lat' dir='ltr'><strong>quae</strong></span> <span class='ocrx_word' id='word_1_169' title='bbox 751 3625 905 3684; x_wconf 90' lang='lat' dir='ltr'><strong>tunc</strong></span> <span class='ocrx_word' id='word_1_170' title='bbox 951 3618 1250 3684; x_wconf 82' lang='lat' dir='ltr'><strong>adnotavi</strong></span> <span class='ocrx_word' id='word_1_171' title='bbox 1296 3619 1375 3686; x_wconf 90' lang='lat' dir='ltr'><strong>ad</strong></span> <span class='ocrx_word' id='word_1_172' title='bbox 1421 3622 1956 3686; x_wconf 86' lang='lat' dir='ltr'><strong>Anacreonticum</strong></span> <span class='ocrx_word' id='word_1_173' title='bbox 2000 3623 2401 3686; x_wconf 82' lang='lat' dir='ltr'><strong>vicesimum.</strong></span> <span class='ocrx_word' id='word_1_174' title='bbox 2465 3620 2659 3707; x_wconf 82' lang='lat' dir='ltr'><strong>Equi·-</strong></span> 
     </span>
     <span class='ocr_line' id='line_1_23' title="bbox 279 3722 2658 3814; baseline 0.001 -24"><span class='ocrx_word' id='word_1_175' title='bbox 279 3725 428 3791; x_wconf 88' lang='lat' dir='ltr'><strong>dem</strong></span> <span class='ocrx_word' id='word_1_176' title='bbox 492 3727 564 3788; x_wconf 88' lang='lat' dir='ltr'><strong>in</strong></span> <span class='ocrx_word' id='word_1_177' title='bbox 621 3722 953 3790; x_wconf 87' lang='lat' dir='ltr'><strong>literarum</strong></span> <span class='ocrx_word' id='word_1_178' title='bbox 1019 3722 1406 3793; x_wconf 83' lang='lat' dir='ltr'><strong>Graecarum</strong></span> <span class='ocrx_word' id='word_1_179' title='bbox 1467 3726 1707 3814; x_wconf 88' lang='lat' dir='ltr'><strong>angulo</strong></span> <span class='ocrx_word' id='word_1_180' title='bbox 1772 3729 2031 3813; x_wconf 86' lang='lat' dir='ltr'><strong>penitus</strong></span> <span class='ocrx_word' id='word_1_181' title='bbox 2077 3726 2325 3792; x_wconf 82' lang='lat' dir='ltr'><strong>diverso</strong></span> <span class='ocrx_word' id='word_1_182' title='bbox 2371 3727 2658 3792; x_wconf 89' lang='lat' dir='ltr'><strong>habitare</strong></span> 
     </span>
     <span class='ocr_line' id='line_1_24' title="bbox 286 3830 2656 3920; baseline 0.001 -23"><span class='ocrx_word' id='word_1_183' title='bbox 286 3832 460 3898; x_wconf 90' lang='lat' dir='ltr'><strong>soleo</strong></span> <span class='ocrx_word' id='word_1_184' title='bbox 509 3836 574 3897; x_wconf 92' lang='lat' dir='ltr'><strong>et</strong></span> <span class='ocrx_word' id='word_1_185' title='bbox 619 3830 801 3917; x_wconf 82' lang='lat' dir='ltr'><strong>plane</strong></span> <span class='ocrx_word' id='word_1_186' title='bbox 842 3834 1165 3919; x_wconf 89' lang='lat' dir='ltr'><strong>hospitem</strong></span> <span class='ocrx_word' id='word_1_187' title='bbox 1201 3855 1307 3899; x_wconf 90' lang='lat' dir='ltr'><strong>me</strong></span> <span class='ocrx_word' id='word_1_188' title='bbox 1345 3854 1478 3900; x_wconf 86' lang='lat' dir='ltr'><strong>esse</strong></span> <span class='ocrx_word' id='word_1_189' title='bbox 1518 3837 1646 3900; x_wconf 91' lang='lat' dir='ltr'><strong>scio</strong></span> <span class='ocrx_word' id='word_1_190' title='bbox 1686 3836 1755 3899; x_wconf 92' lang='lat' dir='ltr'><strong>in</strong></span> <span class='ocrx_word' id='word_1_191' title='bbox 1781 3832 2295 3901; x_wconf 86' lang='lat' dir='ltr'><strong>Christianorum</strong></span> <span class='ocrx_word' id='word_1_192' title='bbox 2318 3839 2656 3920; x_wconf 89' lang='lat' dir='ltr'><strong>poetarum</strong></span> 
     </span>
     <span class='ocr_line' id='line_1_25' title="bbox 289 3938 2657 4027; baseline 0 -24"><span class='ocrx_word' id='word_1_193' title='bbox 289 3938 614 4023; x_wconf 80' lang='lat' dir='ltr'><strong>operibus3</strong></span> <span class='ocrx_word' id='word_1_194' title='bbox 679 3938 790 4003; x_wconf 88' lang='lat' dir='ltr'><strong>sed</strong></span> <span class='ocrx_word' id='word_1_195' title='bbox 847 3944 996 4004; x_wconf 90' lang='lat' dir='ltr'><strong>sunt</strong></span> <span class='ocrx_word' id='word_1_196' title='bbox 1059 3939 1371 4025; x_wconf 88' lang='lat' dir='ltr'><strong>quaedam</strong></span> <span class='ocrx_word' id='word_1_197' title='bbox 1415 3942 1484 4005; x_wconf 88' lang='lat' dir='ltr'><strong>in</strong></span> <span class='ocrx_word' id='word_1_198' title='bbox 1531 3938 1885 4027; x_wconf 81' lang='lat' dir='ltr'><strong>Sophronio</strong></span> <span class='ocrx_word' id='word_1_199' title='bbox 1935 3946 2071 4004; x_wconf 87' lang='lat' dir='ltr'><strong>tam</strong></span> <span class='ocrx_word' id='word_1_200' title='bbox 2116 3945 2480 4024; x_wconf 88' lang='lat' dir='ltr'><strong>portentose</strong></span> <span class='ocrx_word' id='word_1_201' title='bbox 2528 3962 2657 4006; x_wconf 94' lang='lat' dir='ltr'><strong>cor-</strong></span> 
     </span>
     <span class='ocr_line' id='line_1_26' title="bbox 291 4044 2656 4133; baseline 0.002 -25"><span class='ocrx_word' id='word_1_202' title='bbox 291 4050 512 4129; x_wconf 85' lang='lat' dir='ltr'><strong>rupta,</strong></span> <span class='ocrx_word' id='word_1_203' title='bbox 577 4049 651 4108; x_wconf 86' lang='lat' dir='ltr'><strong>ut</strong></span> <span class='ocrx_word' id='word_1_204' title='bbox 695 4046 890 4109; x_wconf 83' lang='lat' dir='ltr'><strong>mirer</strong></span> <span class='ocrx_word' id='word_1_205' title='bbox 936 4065 1010 4111; x_wconf 91' lang='lat' dir='ltr'><strong>ea</strong></span> <span class='ocrx_word' id='word_1_206' title='bbox 1057 4045 1272 4111; x_wconf 86' lang='lat' dir='ltr'><strong>doctos</strong></span> <span class='ocrx_word' id='word_1_207' title='bbox 1321 4045 1592 4111; x_wconf 86' lang='lat' dir='ltr'><strong>editores</strong></span> <span class='ocrx_word' id='word_1_208' title='bbox 1640 4046 1862 4133; x_wconf 85' lang='lat' dir='ltr'><strong>fugere</strong></span> <span class='ocrx_word' id='word_1_209' title='bbox 1908 4048 2211 4132; x_wconf 88' lang='lat' dir='ltr'><strong>potuisse.</strong></span> <span class='ocrx_word' id='word_1_210' title='bbox 2272 4044 2369 4112; x_wconf 93' lang='lat' dir='ltr'><strong>De</strong></span> <span class='ocrx_word' id='word_1_211' title='bbox 2416 4067 2541 4133; x_wconf 86' lang='lat' dir='ltr'><strong>qua</strong></span> <span class='ocrx_word' id='word_1_212' title='bbox 2589 4067 2656 4112; x_wconf 88' lang='lat' dir='ltr'><strong>re</strong></span> 
     </span>
     <span class='ocr_line' id='line_1_27' title="bbox 291 4148 2657 4239; baseline 0.002 -25"><span class='ocrx_word' id='word_1_213' title='bbox 291 4156 366 4214; x_wconf 89' lang='lat' dir='ltr'><strong>ut</strong></span> <span class='ocrx_word' id='word_1_214' title='bbox 421 4148 873 4237; x_wconf 82' lang='lat' dir='ltr'><strong>Mnemosynes</strong></span> <span class='ocrx_word' id='word_1_215' title='bbox 929 4150 1192 4234; x_wconf 81' lang='lat' dir='ltr'><strong>lectores</strong></span> <span class='ocrx_word' id='word_1_216' title='bbox 1258 4154 1383 4239; x_wconf 89' lang='lat' dir='ltr'><strong>ipsi</strong></span> <span class='ocrx_word' id='word_1_217' title='bbox 1442 4152 1725 4219; x_wconf 89' lang='lat' dir='ltr'><strong>iudicare</strong></span> <span class='ocrx_word' id='word_1_218' title='bbox 1783 4155 2027 4239; x_wconf 81' lang='lat' dir='ltr'><strong>possint</strong></span> <span class='ocrx_word' id='word_1_219' title='bbox 2042 4200 2060 4230; x_wconf 88' lang='lat'><em>,</em></span> <span class='ocrx_word' id='word_1_220' title='bbox 2110 4154 2396 4238; x_wconf 89' lang='lat' dir='ltr'><strong>primum</strong></span> <span class='ocrx_word' id='word_1_221' title='bbox 2440 4156 2657 4218; x_wconf 92' lang='lat' dir='ltr'><strong>totum</strong></span> 
     </span>
     <span class='ocr_line' id='line_1_28' title="bbox 291 4256 2657 4351; baseline 0.001 -31"><span class='ocrx_word' id='word_1_222' title='bbox 291 4274 541 4320; x_wconf 81' lang='lat' dir='ltr'><strong>carmen</strong></span> <span class='ocrx_word' id='word_1_223' title='bbox 602 4276 913 4351; x_wconf 86' lang='lat' dir='ltr'><strong>apponere</strong></span> <span class='ocrx_word' id='word_1_224' title='bbox 970 4259 1154 4322; x_wconf 82' lang='lat' dir='ltr'><strong>iuvat</strong></span> <span class='ocrx_word' id='word_1_225' title='bbox 1198 4278 1276 4323; x_wconf 83' lang='lat' dir='ltr'><strong>ex</strong></span> <span class='ocrx_word' id='word_1_226' title='bbox 1321 4262 1681 4324; x_wconf 86' lang='lat' dir='ltr'><strong>recensione</strong></span> <span class='ocrx_word' id='word_1_227' title='bbox 1728 4256 2059 4323; x_wconf 86' lang='lat' dir='ltr'><strong>Wilhelmi</strong></span> <span class='ocrx_word' id='word_1_228' title='bbox 2107 4256 2374 4325; x_wconf 84' lang='lat' dir='ltr'><strong>Christii</strong></span> <span class='ocrx_word' id='word_1_229' title='bbox 2416 4260 2487 4323; x_wconf 91' lang='lat' dir='ltr'><strong>in</strong></span> <span class='ocrx_word' id='word_1_230' title='bbox 2534 4259 2657 4322; x_wconf 86' lang='lat' dir='ltr'><strong>An-</strong></span> 
     </span>
     <span class='ocr_line' id='line_1_29' title="bbox 297 4360 2109 4451; baseline 0.002 -26"><span class='ocrx_word' id='word_1_231' title='bbox 297 4360 578 4449; x_wconf 82' lang='lat' dir='ltr'><strong>thologia</strong></span> <span class='ocrx_word' id='word_1_232' title='bbox 626 4360 866 4449; x_wconf 77' lang='lat' dir='ltr'><strong>Graeca</strong></span> <span class='ocrx_word' id='word_1_233' title='bbox 912 4361 1287 4431; x_wconf 85' lang='lat' dir='ltr'><strong>Garminum</strong></span> <span class='ocrx_word' id='word_1_234' title='bbox 1335 4362 1843 4433; x_wconf 80' lang='lat' dir='ltr'><strong>Christianorum</strong></span> <span class='ocrx_word' id='word_1_235' title='bbox 1886 4388 1949 4451; x_wconf 85' lang='lat' dir='ltr'><strong>p.</strong></span> <span class='ocrx_word' id='word_1_236' title='bbox 1998 4362 2109 4441; x_wconf 28' lang='lat'>45..</span> 
     </span>
    </p>

    <p class='ocr_par' dir='ltr' id='par_1_6' title="bbox 2342 4484 2370 4535">
     <span class='ocr_line' id='line_1_30' title="bbox 2342 4484 2370 4535; baseline 0 0"><span class='ocrx_word' id='word_1_237' title='bbox 2342 4484 2370 4535; x_wconf 90' lang='lat'>1</span> 
     </span>
    </p>
   </div>
  </div>
 </body>
</html>
