3192 5009
1135 198 1623 307 hammone.
2497 236 2582 306 6¹7

251 444 340 487 cos
397 422 904 488 Ptolemaeorum
972 430 1107 489 erat
1176 427 1520 489 auctoritas
1582 430 1925 509 postquam
1973 426 2391 491 Athenienses
2438 424 2586 491 Deli

248 532 633 615 principatum
697 534 910 595 tenere
959 530 1302 595 desierunt.
1352 529 1519 609 Quin
1566 534 1764 595 etiam
1813 530 2029 595 divino
2075 532 2312 596 honore
2362 552 2584 620 regem

246 634 494 701 colebant
534 634 814 701 insulani
831 685 847 713 ‚
895 636 1212 723 festosque
1260 637 1392 701 dies
1413 686 1428 713 ,
1479 636 1844 703 Ptolemaea
1889 644 1953 702 et
1999 637 2456 724 Philadelphea
2494 641 2588 702 in-

245 746 560 807 stituerant.
631 742 772 807 Iam
840 742 1104 808 deorum
1148 746 1216 807 in
1263 765 1529 809 numero
1577 743 1849 808 habetur
1893 765 2017 809 non
2062 744 2271 810 solum
2318 767 2428 811 rex
2476 745 2586 811 sed

246 870 370 913 mox
424 852 615 913 etiam
676 852 933 935 regina,
982 856 1047 915 et
1093 850 1502 915 anathemata
1547 853 1631 913 iis
1676 858 2011 929 voventur,
2062 854 2243 916 cuius
2291 854 2383 917 rei
2431 873 2580 938 prae

245 959 432 1020 ceteris
489 978 658 1020 nunc
715 963 933 1021 auctor
979 964 1075 1022 est
1121 955 1510 1042 Theophilus
1565 956 1937 1021 Homollius
1956 1006 1973 1034 ‚
2033 960 2144 1042 qui
2198 961 2267 1022 in
2321 961 2585 1045 egregio

243 1060 378 1127 libro
423 1084 612 1148 quem
663 1063 737 1128 de
786 1064 972 1128 rebus
1018 1061 1293 1128 Deliacis
1339 1065 1592 1148 scripsit
1639 1062 1833 1142 („Les
1882 1064 2167 1129 archives
2216 1065 2292 1129 de
2338 1063 2590 1130 l'inten-

251 1168 404 1235 (lance
447 1169 654 1235 sacree
700 1172 739 1234 a
783 1168 994 1234 Delos.
1053 1168 1253 1233 Paris.
1303 1167 1539 1233 Thorin
1593 1167 1795 1249 1887)
1844 1190 1991 1256 pag.
2045 1169 2129 1234 59
2177 1173 2585 1257 inscriptione

253 1276 480 1359 quadam
537 1284 812 1342 testatur
857 1276 1169 1341 Hermian
1214 1275 1462 1361 phialas
1513 1276 1831 1341 dedicasse
1883 1277 2227 1353 „Arsinoae
2274 1277 2589 1343 Philadel-

253 1381 377 1465 pho,
419 1382 728 1467 Apollini,
778 1381 1160 1447 Artemidi”.
1210 1380 1379 1447 Cum
1421 1384 1630 1468 igitur
1673 1385 1741 1445 in
1786 1382 1999 1447 insula
2042 1382 2201 1448 Delo
2242 1405 2441 1470 aequo
2482 1385 2589 1449 ho-

246 1508 364 1551 nore
405 1496 590 1574 atque
632 1509 743 1553 rex
787 1491 928 1573 ipsa
972 1490 1194 1574 regina
1239 1490 1504 1552 Arsinoe
1551 1487 1881 1565 coleretur,
1930 1509 2057 1553 non
2095 1498 2253 1575 puto
2292 1496 2547 1575 poetam
2568 1538 2585 1568 ,

242 1597 330 1679 qui
397 1595 887 1681 Philadelphum
961 1600 1295 1681 tamquam
1357 1594 1549 1658 ἄλλον
1616 1594 1741 1659 θεὸν
1803 1594 2087 1681 Apollini
2150 1600 2583 1682 aequavisset,

241 1702 498 1766 Arsinoes
536 1702 802 1767 honores
844 1701 1096 1766 silentio
1136 1704 1637 1785 praeteriturum
1676 1701 1871 1765 fuisse
1893 1751 1908 1778 ,
1950 1703 2005 1765 si
2043 1708 2188 1788 post
2227 1706 2397 1789 regis
2436 1724 2587 1767 cum

242 1827 420 1871 sorore
456 1812 714 1893 nuptias
753 1808 1074 1894 hymnum
1114 1811 1594 1893 composuisset.
1639 1809 1773 1872 Aut
1814 1814 2028 1892 aperte
2059 1811 2268 1892 ipsam
2293 1811 2586 1895 reg-inam

241 1911 502 1977 laudibus
561 1913 933 1991 extulisset,
997 1918 1112 1977 aut
1173 1916 1358 1978 tect-is
1421 1919 1486 1978 et
1548 1914 1873 2000 ambiguis
1926 1915 2170 1993 verbis,
2220 1916 2585 1981 Artemidos

241 2020 390 2083 verbi
431 2040 618 2085 causa
663 2020 972 2085 honorem
1018 2026 1275 2084 cantans
1294 2068 1310 2097 ,
1361 2022 1543 2085 cuius
1592 2019 1742 2085 deae
1781 2042 1947 2085 nunc
1988 2023 2111 2084 nisi
2137 2021 2370 2087 ultimo
2394 2043 2585 2087 versu

243 2124 392 2190 nulla
433 2134 564 2192 toto
613 2129 890 2192 carmine
938 2125 1012 2190 fit
1057 2129 1319 2191 mentio.

315 2230 474 2311 Quod
553 2235 761 2319 igitur
843 2233 919 2297 de
987 2253 1201 2297 sorore
1273 2234 1537 2296 Arsinoe
1609 2234 1677 2296 in
1748 2235 2027 2299 carmine
2095 2232 2351 2299 Deliaco
2418 2239 2587 2299 tacet

242 2348 428 2421 poeta,
489 2338 652 2403 mihi
712 2338 972 2423 quidem
1033 2344 1413 2424 argumento
1476 2345 1573 2403 est
1633 2339 1954 2429 hymnum
2016 2337 2103 2401 IV
2152 2345 2296 2405 ante
2346 2360 2585 2403 annum

243 2442 352 2509 273
415 2447 839 2532 compositum
905 2465 1059 2509 esse.
1131 2443 1286 2508 Post
1354 2464 1592 2508 annum
1666 2452 1814 2509 vero
1877 2442 2009 2509 279
2074 2447 2387 2531 scriptum
2450 2466 2585 2511 esse

243 2552 478 2634 probant
521 2573 594 2617 ea
641 2572 801 2637 quae
848 2551 924 2621 de
973 2548 1306 2616 Gallorum
1354 2549 1434 2613 ad
1471 2548 1699 2614 Nilum
1738 2550 1913 2615 clade
1954 2550 2253 2615 dicuntur
2290 2573 2385 2615 vs.
2434 2550 2582 2616 186.

245 2656 328 2719 Ad
385 2678 525 2722 eum
585 2678 845 2723 versum
913 2665 1008 2721 est
1070 2658 1402 2721 notissima
1463 2654 1838 2720 scholiastae
1902 2655 2225 2721 adnotatio
2245 2705 2261 2734 ,
2324 2659 2392 2722 in
2460 2678 2585 2741 qua

242 2770 544 2848 postquam
614 2762 692 2827 de
762 2760 1099 2828 Gallorum
1167 2759 1341 2825 clade
1414 2760 1492 2824 ad
1554 2759 1835 2848 Delphos
1904 2760 2067 2825 dixit
2085 2809 2101 2838 ,
2170 2764 2265 2826 ita
2335 2766 2582 2849 pergit:

249 2868 476 2945 „Myer
537 2862 632 2933 οὖν
701 2870 1206 2947 περιλειφθέντων
1252 2866 1603 2943 Ἀντίγονός
1653 2892 1744 2938 τις
1796 2867 1978 2943 Φίλος
2031 2873 2137 2930 τοῦ
2185 2868 2582 2948 Φιλαδέλφου

247 2976 599 3050 Πτολεμαίου
663 2971 942 3052 προξενεῖ
999 2972 1221 3043 αὐτοὺς
1287 2974 1452 3053 αὐτῷ
1516 2970 1672 3037 ὥστε
1724 2973 1823 3035 ἐπὶ
1877 2975 2069 3052 μισθῷ
2118 2974 2581 3051 στρατεύεσθαι.

247 3072 290 3140 οἳ
328 3078 380 3143 δὲ
421 3080 631 3157 ὁμοίως
682 3079 1106 3158 ἠβουλήθησαν
1156 3080 1261 3142 καὶ
1309 3082 1415 3141 τοῦ
1464 3080 1855 3153 Πτολεμαίου
1906 3078 2243 3155 διαρπάσαι
2295 3079 2379 3143 τὰ
2429 3081 2582 3160 χρή-

249 3208 430 3257 ματα,
475 3188 656 3263 γνοὺς
705 3180 802 3251 οὖν
849 3184 1292 3263 συλλαμβάνει
1341 3186 1562 3255 αὐτοὺς
1609 3185 1711 3248 καὶ
1754 3184 1997 3261 ἀπάγει
2042 3186 2185 3262 πρὸς
2225 3186 2294 3249 τὸ
2336 3186 2583 3263 στόμιον

249 3295 332 3353 τοῦ
391 3296 610 3357 Νείλου
680 3293 749 3356 τὸ
820 3292 1154 3369 λεγόμενον
1229 3289 1665 3367 Σεβεννυτικὸν
1730 3292 1833 3354 καὶ
1903 3290 2282 3355 κατέκλυσεν
2359 3295 2581 3365 αὐτοὺς

251 3396 470 3463 ε’κεῒσε”.
535 3398 686 3484 Ipsa
755 3420 850 3464 res
919 3418 1112 3483 quam
1181 3404 1394 3462 narrat
1465 3396 1805 3461 scholiasta
1868 3396 2161 3462 firmatur
2230 3398 2582 3464 Pausaniae

251 3507 571 3570 testimonio
590 3553 607 3583 ,
653 3508 765 3591 qui
811 3503 986 3569 addit
1033 3524 1140 3568 eos
1188 3524 1226 3567 a
1272 3502 1641 3568 Ptolemaeo
1685 3509 1903 3569 contra
1940 3502 2183 3591 Magan
2221 3502 2581 3590 Cyrenaeas

251 3629 432 3696 regem
489 3632 624 3677 esse
685 3610 940 3687 ductos,
988 3609 1182 3695 paulo
1231 3609 1416 3674 aliter
1463 3616 1683 3673 autem
1732 3609 1807 3673 de
1854 3630 2081 3674 eorum
2127 3614 2305 3676 exitu
2354 3613 2579 3677 refert:

252 3719 540 3795 ,ἀνήγαγε
607 3720 778 3795 σφᾶς
831 3716 889 3785 ἐς
940 3724 1110 3788 νῆσον
1159 3713 1372 3791 ἔρημον
1419 3714 1519 3779 διὰ
1567 3721 1673 3778 τοῦ
1726 3720 2031 3790 ποταμοῦ.
2084 3717 2187 3779 καὶ
2240 3718 2288 3780 οἱ
2338 3718 2452 3793 μὲν
2499 3718 2584 3781 ἐν·

247 3826 412 3886 rafica
469 3824 786 3887 ἀπώλοντο
849 3820 966 3886 ὑπό
1026 3845 1096 3885 τε
1148 3822 1439 3893 αλλήλων
1487 3821 1591 3885 καὶ
1639 3824 1745 3885 τοῦ
1794 3820 2049 3895 λιμοῢ”.
2099 3820 2340 3887 Verum
2386 3844 2583 3908 parva

247 3926 366 3995 haec
401 3934 780 4015 scriptorum
826 3928 1246 4013 discrepantia
1269 3928 1336 4007 ¹),
1381 3950 1584 4013 neque
1632 3935 1728 3993 est
1774 3927 1943 4013 quod
1991 3928 2069 3992 de
2114 3929 2256 4013 ipsa
2297 3950 2363 3993 re
2388 3950 2583 4015 quam

434 4042 587 4049 ,ῤ’-

254 4040 333 4125 „n
361 4066 562 4115 Tollitur
593 4066 710 4114 haec
745 4064 979 4112 discordia
1014 4063 1286 4112 felicissima
1321 4061 1500 4111 Nubel-i
1535 4062 1892 4117 emendatione,
1922 4077 2061 4126 quam
2095 4077 2277 4111 meeum
2296 4064 2584 4127 pei-litteras

241 4149 582 4197 communicavit.
619 4148 792 4196 Censet
825 4146 950 4195 enim
985 4146 1062 4193 vir
1095 4146 1386 4194 clarissimus
1419 4146 1470 4193 in
1505 4146 1786 4195 scholiastae
1822 4144 1975 4193 verbis
2010 4142 2582 4202 κατέκλεισεν,ιιοιι

241 4226 510 4278 κατέκλυσεν
543 4246 646 4279 esse
680 4228 943 4292 legendnm.
981 4228 1132 4275 Grato
1167 4228 1327 4276 animo
1363 4228 1484 4275 hanc
1519 4227 1863 4275 correctionem
1899 4241 2081 4275 meeum
2102 4226 2299 4291 accipiet
2316 4227 2583 4292 quicunque

243 4311 476 4361 meminerit
517 4310 802 4361 Strabonem
847 4310 904 4358 de
947 4308 1196 4357 Perdiccae
1232 4311 1322 4358 fine
1356 4308 1586 4357 scribere:
1628 4304 1950 4364 ,ἐπελθόντος
1986 4310 2079 4355 τοῦ
2115 4308 2466 4370 Πτολεμαίου,
2500 4307 2585 4357 καὶ

241 4394 783 4449 κατακλείσαντος
815 4389 967 4440 αὐτὸν
1003 4386 1053 4440 ἔν
1089 4388 1216 4453 νήσῳ
1254 4387 1440 4453 ipsit-‘ff’
1475 4390 1659 4455 (XVII.
1698 4390 1827 4453 794).
