3192 5009
1143 381 1230 431 nn
1277 381 1544 432 'taurus
1593 383 1893 433 Romus.
2574 361 2705 430 369

336 545 690 634 significare
743 567 938 632 quam
982 546 1136 612 fines
1183 551 1561 614 constitutos
1611 550 1813 634 signis
1862 546 2242 633 quibusdam
2288 547 2597 626 indicare;
2645 546 2713 611 id

339 635 560 717 autem
603 652 793 718 fiebat
836 656 904 716 in
952 655 1444 740 inauguratione
1477 653 1650 736 pubis
1690 659 1801 719 aut
1839 654 2007 716 metis
2026 703 2043 731 ,
2087 674 2247 738 quae
2284 658 2503 738 postea
2539 652 2715 718 tolle-

340 763 562 823 rentur
607 779 756 822 cum
809 761 982 823 muri
1028 758 1335 824 aedificati
1381 765 1494 824 aut
1543 758 1805 825 cancelli
1851 763 2045 844 positi
2092 765 2319 826 essent.

431 864 671 929 Deinde
733 864 1260 930 considerandum
1307 873 1402 930 est
1449 866 1601 951 quid
1648 866 1723 930 de
1770 865 2004 931 finibus
2049 865 2440 952 templorum
2485 869 2710 933 consti-

339 972 593 1036 tuendis
637 973 706 1036 in
748 974 887 1036 iure
934 992 1106 1037 sacro
1155 975 1615 1058 praescriptum
1660 971 1875 1037 fuerit.
1914 972 2051 1038 Iam
2092 994 2169 1037 ex
2208 994 2281 1039 eo
2320 972 2488 1058 quod
2527 971 2715 1038 modo

341 1076 532 1142 attuli
550 1126 566 1155 ,
614 1083 876 1163 apparet
920 1077 1162 1165 templa
1208 1098 1457 1165 semper
1503 1079 1701 1144 fuisse
1748 1081 2224 1165 circumscripta
2269 1079 2453 1144 lineis
2491 1081 2713 1156 rectis3

342 1188 398 1248 si
437 1189 602 1250 recte
649 1183 961 1250 affirmavi
1007 1184 1160 1250 fines
1209 1187 1500 1250 omnium
1545 1184 1937 1270 templorum
1980 1187 2113 1250 iam
2158 1188 2379 1250 statim
2423 1187 2492 1249 in
2537 1187 2716 1250 inau-

341 1292 677 1376 guratione
735 1290 1042 1356 indicatas
1096 1311 1228 1356 esse
1275 1291 1436 1376 palis
1485 1300 1596 1356 aut
1649 1293 1837 1356 metis
1882 1291 2074 1376 (quod
2127 1294 2320 1356 etiam
2366 1291 2532 1356 infra
2578 1313 2718 1356 con-

341 1397 758 1474 firmabitur),
825 1418 1073 1463 necesse
1139 1403 1235 1462 est
1283 1419 1386 1462 eos
1433 1397 1588 1462 fines
1635 1398 1831 1462 fuisse
1878 1399 2119 1484 rigores
2170 1419 2417 1483 semper
2462 1399 2539 1464 ab
2587 1419 2715 1463 uno

339 1500 486 1587 palo
544 1501 624 1567 ad
683 1505 1053 1587 proximum
1114 1502 1337 1588 palum
1396 1507 1783 1589 pertinentes
1802 1552 1819 1582 ,
1886 1506 1995 1588 qui
2057 1506 2557 1569 interversuram
2605 1509 2718 1568 aut

341 1613 751 1672 curvaturam
795 1607 1042 1674 nullam
1078 1609 1529 1686 admittebant3
1579 1611 1774 1674 etiam
1813 1608 2201 1674 vocabulum
2238 1609 2506 1689 νεμέσησε
2523 1658 2540 1689 ,
2584 1612 2719 1694 (1111-

342 1713 462 1777 bus
515 1712 756 1799 templa
797 1718 1138 1780 terminata
1183 1736 1318 1780 esse
1365 1715 1665 1780 dieuntur
1683 1764 1698 1791 ,
1750 1715 2024 1780 ostendit
2074 1715 2227 1780 fines
2274 1716 2569 1780 habuisse
2616 1737 2719 1780 an-

342 1817 563 1905 gulos,
626 1825 691 1884 et
736 1826 832 1886 tot
877 1821 1139 1906 quidem
1183 1826 1338 1906 quot
1385 1819 1518 1906 pali
1561 1819 1851 1886 collocati
1898 1828 2137 1898 essent,
2188 1821 2297 1886 sed
2342 1829 2715 1887 curvaturas

345 1923 573 1989 nullas.
634 1924 774 1991 Hoe
820 1929 1016 1992 etiam
1062 1926 1434 1992 confirmant
1479 1933 1799 1993 auctores:

435 2029 604 2095 Fest.
645 2051 792 2117 pag.
839 2029 999 2098 157:
1045 2032 1407 2118 „templum
1447 2039 1542 2098 est
1588 2032 1765 2098 106118
1809 2035 1903 2097 ita
1948 2032 2205 2112 effatus,
2255 2041 2366 2098 aut
2413 2037 2504 2099 ita
2550 2055 2721 2120 saep·
2786 2103 2789 2106 ,

345 2143 486 2217 tus,
551 2143 626 2202 ut
673 2159 750 2204 ex
798 2141 914 2218 (ita
958 2139 1324 2206 Mommsen
1371 2139 1635 2204 Staatsr.
1693 2140 1749 2202 1.
1797 2159 1944 2225 pag.
2001 2137 2127 2204 105
2177 2139 2318 2204 adn.
2370 2139 2411 2205 2
2462 2162 2575 2227 pro
2624 2146 2718 2219 ea)

346 2264 476 2308 una
539 2250 717 2331 parte
779 2251 1026 2330 pateat,
1078 2245 1474 2332 angulosque
1521 2248 1638 2326 (816
1683 2245 2048 2311 Μο1111118611
2097 2267 2209 2331 pro
2249 2246 2496 2327 amqulos
2538 2247 2719 2330 quod)

347 2351 564 2416 affixos
603 2351 830 2417 habeat
870 2353 948 2417 ad
989 2352 1289 2418 terram’'.
1337 2352 1414 2416 In
1457 2353 1619 2417 hanc
1664 2351 1841 2417 Festi
1886 2355 2267 2418 sententiam
2312 2352 2720 2418 inserendum

347 2461 545 2524 etiam
607 2479 740 2524 esse
801 2459 966 2523 mihi
1013 2459 1271 2524 videtur
1317 2457 1702 2524 vocabulum
1752 2458 2105 2544 „quatuor”
2126 2507 2143 2537 ‚
2190 2461 2284 2524 ita
2332 2465 2409 2524 ut
2452 2481 2565 2545 pro
2618 2484 2722 2522 aaz·

341 2565 516 2645 qulos
553 2567 712 2650 quod
746 2564 1040 2652 legamus
1081 2564 1517 2652 „angulosque
1540 2565 1735 2644 1111”,
1760 2572 2019 2652 propter
2042 2566 2210 2631 hunc
2232 2566 2446 2631 locum
2472 2565 2716 2632 Servii:

440 2669 620 2737 Serv.
683 2673 840 2737 Aen.
892 2672 955 2737 2.
985 2671 1151 2737 512:
1227 2692 1458 2750 „omne
1529 2668 1891 2737 aedifieium
1958 2671 2139 2737 aedes
2212 2672 2542 2750 dicuntur,
2614 2672 2721 2737 sed

347 2776 542 2843 Varro
602 2778 817 2844 locum
877 2790 1152 2865 quatuor
1213 2779 1467 2866 angulis
1533 2778 1907 2844 conclusum
1971 2777 2213 2844 Aedem
2273 2778 2453 2843 docet
2501 2780 2713 2844 vocari

349 2883 638 2949 debere”.
703 2884 798 2949 De
861 2885 978 2950 1106
1036 2884 1174 2950 1060
1239 2887 1560 2950 consentio
1623 2906 1772 2949 eum
1831 2887 1971 2949 viro
2032 2883 2091 2948 d.
2143 2882 2520 2969 Marquardt
2541 2934 2557 2962 ‚
2606 2887 2717 2970 qui

351 2989 678 3055 adnotavit
722 2989 960 3067 „Varro
1010 2991 1188 3056 ha'tte
1235 2989 1508 3056 offenbar
1552 3011 1707 3055 vom
1754 2989 2072 3076 templum
2119 2990 2421 3075 geredet''
2452 2988 2523 3071 ¹).

441 3094 563 3160 Sed
609 3117 757 3161 eum
807 3100 1018 3162 omnia
1065 3096 1306 3182 templa
1353 3095 1792 3183 quadrangula
1838 3116 1972 3161 esse
2021 3095 2310 3161 debuisse
2348 3097 2495 3160 111116
2536 3115 2723 3182 appa-

351 3207 519 3278 reat,
587 3205 806 3267 statim
869 3203 1242 3269 eximendus
1303 3209 1400 3270 est
1462 3203 1623 3266 loeus
1682 3203 1871 3280 muri,
1935 3204 2003 3266 in
2064 3223 2255 3288 quem
2316 3222 2390 3266 ea
2447 3200 2552 3266 lex
2598 3223 2722 3266 non

351 3309 520 3373 eadit
537 3357 552 3387 ‚
601 3311 714 3394 qui
760 3312 949 3375 etiam
1004 3331 1040 3375 a
1084 3309 1314 3375 multis
1361 3310 1649 3395 partibus
1694 3312 1921 3374 intrari
1958 3314 2225 3394 poterat.
2274 3308 2479 3374 Locus
2517 3310 2718 3386 muri,

353 3418 648 3500 quamvis
693 3418 889 3480 etiam
935 3416 1463 3482 determinaretur
1507 3414 1693 3480 lineis
1740 3416 1927 3479 rectis
1945 3463 1961 3492 ,
2012 3420 2076 3479 et
2119 3414 2299 3479 binas
2349 3435 2487 3479 oras
2529 3420 2723 3494 (exte—

354 3523 587 3586 riorem
647 3527 712 3586 et
772 3523 1166 3603 interiorem)
1231 3542 1480 3607 semper
1541 3519 1877 3608 parallelas
1927 3520 2221 3597 haberet,
2271 3525 2487 3585 tamen
2533 3519 2723 3606 longe

354 3626 568 3692 aberat
627 3648 664 3692 a
725 3627 928 3692 forma
989 3628 1296 3714 quadrata
1354 3627 1762 3712 templorum.
1827 3626 2004 3691 Haec
2052 3645 2240 3690 eausa
2288 3647 2422 3690 esse
2471 3625 2726 3691 videtur

355 3753 468 3796 cur
529 3736 588 3796 is
647 3731 823 3798 106118
887 3737 1312 3821 inauguratus
1358 3736 1526 3798 inter
1572 3732 1814 3819 templa
1858 3733 2180 3796 numerari
2226 3752 2349 3796 non
2398 3729 2597 3796 soleat
2646 3732 2722 3796 ab

354 3839 718 3904 auctoribus
777 3842 1043 3917 nostris,
1097 3840 1205 3905 sed
1253 3861 1368 3904 suo
1417 3842 1671 3904 nomine
1710 3840 1962 3924 proprio
2002 3836 2195 3922 (quod
2231 3843 2328 3902 est
2378 3838 2725 3920 pomerium)

356 3952 469 4011 aut
515 3944 658 4010 aliis
704 3945 910 4011 modis
957 3949 1176 4027 (sicuti
1223 3943 1442 4013 Cicero
1488 3967 1640 4011 eum
1677 3946 1831 4010 dicit
1872 3945 2141 4021 „urbem
2180 3949 2245 4008 et
2284 3944 2514 4029 agros''
2536 3993 2553 4022 ,
2593 3942 2724 4010 vid.

355 4071 546 4137 supra
610 4071 757 4137 pag.
815 4049 944 4116 365
971 4058 1090 4138 sq.)
1153 4051 1557 4137 designetur,
1608 4071 1997 4137 quamquam
2042 4049 2108 4114 id
2156 4071 2279 4114 non
2324 4049 2533 4114 obstat
2579 4069 2729 4134 quo-

356 4160 573 4222 minus
635 4177 671 4222 a
732 4157 914 4222 nobis
973 4161 1030 4222 is
1091 4156 1268 4223 locus
1287 4206 1302 4235 ,
1352 4160 1502 4243 quia
1547 4157 1823 4242 reliquas
1871 4154 2264 4242 templorum
2309 4157 2727 4240 proprietates

356 4264 582 4340 habet,
647 4284 797 4327 611111
845 4263 1102 4350 templis
1150 4271 1570 4350 componatur
1620 4270 1683 4328 et
1729 4285 1841 4348 pro
1889 4261 2205 4349 singulari
2249 4260 2476 4346 templi
2524 4264 2727 4347 specie

428 4511 475 4573 1)
509 4511 672 4574 Marq.
709 4509 938 4559 Wissowa
973 4510 1112 4559 Rabm.
1147 4509 1352 4558 Stantsv.
1389 4509 1420 4556 3
1454 4523 1562 4573 pag.
1599 4507 1689 4556 156
1727 4506 1831 4555 adn.
1868 4509 1916 4556 4.

2374 4603 2437 4650 25
