<?xml version="1.0" encoding="UTF-8"?>
<!DOCTYPE html PUBLIC "-//W3C//DTD XHTML 1.0 Transitional//EN"
    "http://www.w3.org/TR/xhtml1/DTD/xhtml1-transitional.dtd">
<html xmlns="http://www.w3.org/1999/xhtml" xml:lang="en" lang="en">
 <head>
  <title>
</title>
<meta http-equiv="Content-Type" content="text/html;charset=utf-8" />
  <meta name='ocr-system' content='tesseract 3.04.00' />
  <meta name='ocr-capabilities' content='ocr_page ocr_carea ocr_par ocr_line ocrx_word'/>
</head>
<body>
  <div class='ocr_page' id='page_1' title='image "./mnemosyne07servgoog_0610.png"; bbox 0 0 3192 5009; ppageno 0'>
   <div class='ocr_carea' id='block_1_1' title="bbox 524 242 1873 313">
    <p class='ocr_par' dir='ltr' id='par_1_1' title="bbox 524 242 1873 313">
     <span class='ocr_line' id='line_1_1' title="bbox 524 242 1873 313; baseline 0.001 -3"><span class='ocrx_word' id='word_1_1' title='bbox 524 242 653 310; x_wconf 83' lang='lat'>130</span> <span class='ocrx_word' id='word_1_2' title='bbox 1524 261 1873 313; x_wconf 55' lang='lat' dir='ltr'>sonamus.</span> 
     </span>
    </p>
   </div>
   <div class='ocr_carea' id='block_1_2' title="bbox 1599 426 2012 451">
    <p class='ocr_par' dir='ltr' id='par_1_2' title="bbox 1599 426 2012 451">
     <span class='ocr_line' id='line_1_2' title="bbox 1599 426 2012 451; baseline 0.005 -2"><span class='ocrx_word' id='word_1_3' title='bbox 1599 426 2012 451; x_wconf 55' lang='lat'>00000</span> 
     </span>
    </p>
   </div>
   <div class='ocr_carea' id='block_1_3' title="bbox 522 524 2414 813">
    <p class='ocr_par' dir='ltr' id='par_1_3' title="bbox 522 524 2414 813">
     <span class='ocr_line' id='line_1_3' title="bbox 792 524 2414 616; baseline 0.001 -20"><span class='ocrx_word' id='word_1_4' title='bbox 792 529 865 605; x_wconf 81' lang='grc' dir='ltr'><em>ὦς</em></span> <span class='ocrx_word' id='word_1_5' title='bbox 915 524 1000 615; x_wconf 65' lang='lat' dir='ltr'>ose*</span> <span class='ocrx_word' id='word_1_6' title='bbox 1044 534 1156 608; x_wconf 73' lang='grc' dir='ltr'>μὲν</span> <span class='ocrx_word' id='word_1_7' title='bbox 1202 532 1512 613; x_wconf 74' lang='grc' dir='ltr'>μάρναντο</span> <span class='ocrx_word' id='word_1_8' title='bbox 1559 533 1750 610; x_wconf 77' lang='grc' dir='ltr'><em>δέμας</em></span> <span class='ocrx_word' id='word_1_9' title='bbox 1807 532 1986 613; x_wconf 75' lang='grc' dir='ltr'><em>πυρὸς</em></span> <span class='ocrx_word' id='word_1_10' title='bbox 2038 534 2414 616; x_wconf 78' lang='grc' dir='ltr'><em>αἰθομένοιο],</em></span> 
     </span>
     <span class='ocr_line' id='line_1_4' title="bbox 792 637 2274 717; baseline 0.001 -14"><span class='ocrx_word' id='word_1_11' title='bbox 792 638 1113 717; x_wconf 72' lang='grc' dir='ltr'><strong><em>Κεβριόνης</em></strong></span> <span class='ocrx_word' id='word_1_12' title='bbox 1164 637 1224 703; x_wconf 73' lang='grc' dir='ltr'>δὲ</span> <span class='ocrx_word' id='word_1_13' title='bbox 1274 645 1393 704; x_wconf 70' lang='lat' dir='ltr'>etc-</span> <span class='ocrx_word' id='word_1_14' title='bbox 2269 660 2274 667; x_wconf 83' lang='grc'><em>·</em></span> 
     </span>
     <span class='ocr_line' id='line_1_5' title="bbox 522 742 967 813; baseline -0.004 0"><span class='ocrx_word' id='word_1_15' title='bbox 522 742 620 813; x_wconf 83' lang='lat' dir='ltr'>Of.</span> <span class='ocrx_word' id='word_1_16' title='bbox 666 767 761 811; x_wconf 79' lang='lat' dir='ltr'>vs·</span> <span class='ocrx_word' id='word_1_17' title='bbox 813 744 967 811; x_wconf 83' lang='lat'><strong>596.</strong></span> 
     </span>
    </p>
   </div>
   <div class='ocr_carea' id='block_1_4' title="bbox 519 912 2908 4187">
    <p class='ocr_par' dir='ltr' id='par_1_4' title="bbox 610 912 2908 1001">
     <span class='ocr_line' id='line_1_6' title="bbox 610 912 2908 1001; baseline 0 -22"><span class='ocrx_word' id='word_1_18' title='bbox 610 914 895 999; x_wconf 89' lang='lat' dir='ltr'>Denique</span> <span class='ocrx_word' id='word_1_19' title='bbox 957 918 1107 979; x_wconf 90' lang='lat' dir='ltr'>sunt</span> <span class='ocrx_word' id='word_1_20' title='bbox 1150 913 1575 1000; x_wconf 90' lang='lat' dir='ltr'>perpendendi</span> <span class='ocrx_word' id='word_1_21' title='bbox 1621 936 1715 979; x_wconf 84' lang='lat' dir='ltr'>vs.</span> <span class='ocrx_word' id='word_1_22' title='bbox 1768 912 1898 979; x_wconf 86' lang='lat'>526</span> <span class='ocrx_word' id='word_1_23' title='bbox 1925 936 2082 1001; x_wconf 70' lang='lat' dir='ltr'>sqq.³</span> <span class='ocrx_word' id='word_1_24' title='bbox 2129 916 2242 981; x_wconf 91' lang='lat' dir='ltr'>ubi</span> <span class='ocrx_word' id='word_1_25' title='bbox 2287 918 2354 980; x_wconf 91' lang='lat' dir='ltr'>in</span> <span class='ocrx_word' id='word_1_26' title='bbox 2401 915 2723 980; x_wconf 79' lang='lat' dir='ltr'>hodiernis</span> <span class='ocrx_word' id='word_1_27' title='bbox 2770 913 2908 979; x_wconf 82' lang='lat' dir='ltr'>edi-</span> 
     </span>
    </p>

    <p class='ocr_par' dir='ltr' id='par_1_5' title="bbox 519 1017 1687 1106">
     <span class='ocr_line' id='line_1_7' title="bbox 519 1017 1687 1106; baseline -0.001 -20"><span class='ocrx_word' id='word_1_28' title='bbox 519 1022 799 1087; x_wconf 78' lang='lat' dir='ltr'><strong>tionibus</strong></span> <span class='ocrx_word' id='word_1_29' title='bbox 843 1023 935 1085; x_wconf 90' lang='lat' dir='ltr'>ita</span> <span class='ocrx_word' id='word_1_30' title='bbox 976 1018 1263 1106; x_wconf 88' lang='lat' dir='ltr'>loquitur</span> <span class='ocrx_word' id='word_1_31' title='bbox 1313 1017 1687 1086; x_wconf 86' lang='lat' dir='ltr'>Gebriones:</span> 
     </span>
    </p>

    <p class='ocr_par' dir='ltr' id='par_1_6' title="bbox 795 1124 2461 1206">
     <span class='ocr_line' id='line_1_8' title="bbox 795 1124 2461 1206; baseline 0.001 -15"><span class='ocrx_word' id='word_1_32' title='bbox 795 1126 953 1197; x_wconf 72' lang='grc' dir='ltr'><em>Αἴας</em></span> <span class='ocrx_word' id='word_1_33' title='bbox 1002 1127 1065 1191; x_wconf 77' lang='grc' dir='ltr'>δὲ</span> <span class='ocrx_word' id='word_1_34' title='bbox 1112 1128 1337 1190; x_wconf 80' lang='grc' dir='ltr'><strong><em>κλονέει</em></strong></span> <span class='ocrx_word' id='word_1_35' title='bbox 1386 1131 1817 1203; x_wconf 76' lang='grc' dir='ltr'><em>Τελαμώνιος·</em></span> <span class='ocrx_word' id='word_1_36' title='bbox 1868 1124 1936 1193; x_wconf 81' lang='grc' dir='ltr'><em>εὖ</em></span> <span class='ocrx_word' id='word_1_37' title='bbox 1986 1127 2050 1193; x_wconf 77' lang='grc' dir='ltr'>δέ</span> <span class='ocrx_word' id='word_1_38' title='bbox 2098 1152 2201 1204; x_wconf 86' lang='grc' dir='ltr'>μιν</span> <span class='ocrx_word' id='word_1_39' title='bbox 2251 1128 2461 1206; x_wconf 78' lang='grc' dir='ltr'><em>ἔγνων,</em></span> 
     </span>
    </p>

    <p class='ocr_par' dir='ltr' id='par_1_7' title="bbox 791 1231 2660 1312">
     <span class='ocr_line' id='line_1_9' title="bbox 791 1231 2660 1312; baseline 0.001 -16"><span class='ocrx_word' id='word_1_40' title='bbox 791 1233 928 1312; x_wconf 79' lang='grc' dir='ltr'><em>εὐρὺ</em></span> <span class='ocrx_word' id='word_1_41' title='bbox 978 1232 1102 1311; x_wconf 75' lang='grc' dir='ltr'><em>γὰρ</em></span> <span class='ocrx_word' id='word_1_42' title='bbox 1150 1233 1321 1311; x_wconf 69' lang='grc' dir='ltr'><em>ἀμφ’</em></span> <span class='ocrx_word' id='word_1_43' title='bbox 1370 1232 1614 1307; x_wconf 76' lang='grc' dir='ltr'><em>ὤμοισιν</em></span> <span class='ocrx_word' id='word_1_44' title='bbox 1657 1231 1790 1310; x_wconf 78' lang='grc' dir='ltr'><em>ἔχει</em></span> <span class='ocrx_word' id='word_1_45' title='bbox 1841 1235 2049 1305; x_wconf 73' lang='grc' dir='ltr'><em>σάκος.</em></span> <span class='ocrx_word' id='word_1_46' title='bbox 2099 1234 2274 1299; x_wconf 71' lang='grc' dir='ltr'><em>ἀλλὰ</em></span> <span class='ocrx_word' id='word_1_47' title='bbox 2325 1236 2428 1298; x_wconf 76' lang='grc' dir='ltr'><em>καὶ</em></span> <span class='ocrx_word' id='word_1_48' title='bbox 2482 1234 2660 1310; x_wconf 72' lang='grc' dir='ltr'><em>ἡμεῖς</em></span> 
     </span>
    </p>

    <p class='ocr_par' dir='ltr' id='par_1_8' title="bbox 790 1334 2554 1418">
     <span class='ocr_line' id='line_1_10' title="bbox 790 1334 2554 1418; baseline 0 -15"><span class='ocrx_word' id='word_1_49' title='bbox 790 1344 944 1403; x_wconf 76' lang='grc' dir='ltr'><em>κεῖσ·</em></span> <span class='ocrx_word' id='word_1_50' title='bbox 991 1336 1210 1407; x_wconf 78' lang='grc' dir='ltr'><em>ἵππους</em></span> <span class='ocrx_word' id='word_1_51' title='bbox 1259 1362 1329 1401; x_wconf 86' lang='grc' dir='ltr'><em>τε</em></span> <span class='ocrx_word' id='word_1_52' title='bbox 1377 1340 1483 1402; x_wconf 78' lang='grc' dir='ltr'><em>καὶ</em></span> <span class='ocrx_word' id='word_1_53' title='bbox 1533 1334 1685 1418; x_wconf 75' lang='grc' dir='ltr'><em>ἄρμ’</em></span> <span class='ocrx_word' id='word_1_54' title='bbox 1734 1340 2029 1417; x_wconf 73' lang='grc' dir='ltr'><em>ἰθύνομεν,</em></span> <span class='ocrx_word' id='word_1_55' title='bbox 2078 1338 2215 1404; x_wconf 75' lang='grc' dir='ltr'><em>ἔνθα</em></span> <span class='ocrx_word' id='word_1_56' title='bbox 2266 1340 2554 1415; x_wconf 72' lang='grc' dir='ltr'><em>μάλιστα</em></span> 
     </span>
    </p>

    <p class='ocr_par' dir='ltr' id='par_1_9' title="bbox 795 1442 2280 1525">
     <span class='ocr_line' id='line_1_11' title="bbox 795 1442 2280 1525; baseline 0.001 -17"><span class='ocrx_word' id='word_1_57' title='bbox 795 1446 1022 1516; x_wconf 73' lang='grc' dir='ltr'><em>ἱππῆες</em></span> <span class='ocrx_word' id='word_1_58' title='bbox 1072 1442 1246 1525; x_wconf 77' lang='grc' dir='ltr'><em>πεζοί</em></span> <span class='ocrx_word' id='word_1_59' title='bbox 1292 1468 1360 1509; x_wconf 86' lang='grc' dir='ltr'><em>τε</em></span> <span class='ocrx_word' id='word_1_60' title='bbox 1408 1447 1603 1519; x_wconf 66' lang='grc' dir='ltr'><em>κακὴν</em></span> <span class='ocrx_word' id='word_1_61' title='bbox 1649 1444 1812 1522; x_wconf 74' lang='grc' dir='ltr'><em>ἔριδα</em></span> <span class='ocrx_word' id='word_1_62' title='bbox 1860 1446 2280 1524; x_wconf 72' lang='grc' dir='ltr'>προβαλόντες</span> 
     </span>
    </p>

    <p class='ocr_par' dir='ltr' id='par_1_10' title="bbox 523 1550 2906 2594">
     <span class='ocr_line' id='line_1_12' title="bbox 794 1550 2332 1632; baseline 0.003 -18"><span class='ocrx_word' id='word_1_63' title='bbox 794 1551 1104 1622; x_wconf 67' lang='grc' dir='ltr'><em>ἀλλήλους</em></span> <span class='ocrx_word' id='word_1_64' title='bbox 1154 1552 1463 1627; x_wconf 75' lang='grc' dir='ltr'><em>ὀλέκουσι,</em></span> <span class='ocrx_word' id='word_1_65' title='bbox 1510 1551 1629 1628; x_wconf 68' lang='grc' dir='ltr'><em>βοὴ</em></span> <span class='ocrx_word' id='word_1_66' title='bbox 1675 1550 1728 1615; x_wconf 75' lang='grc' dir='ltr'>δ’</span> <span class='ocrx_word' id='word_1_67' title='bbox 1780 1551 2092 1629; x_wconf 73' lang='grc' dir='ltr'><em>ἄσβεστος</em></span> <span class='ocrx_word' id='word_1_68' title='bbox 2142 1552 2332 1632; x_wconf 73' lang='grc' dir='ltr'><em>ὄρωρε.</em></span> 
     </span>
     <span class='ocr_line' id='line_1_13' title="bbox 525 1657 2906 1745; baseline -0.001 -21"><span class='ocrx_word' id='word_1_69' title='bbox 525 1659 651 1724; x_wconf 91' lang='lat' dir='ltr'>Pro</span> <span class='ocrx_word' id='word_1_70' title='bbox 714 1666 878 1722; x_wconf 80' lang='grc' dir='ltr'><em>κεῖσε</em></span> <span class='ocrx_word' id='word_1_71' title='bbox 938 1657 1333 1724; x_wconf 87' lang='lat' dir='ltr'>Zenodotum</span> <span class='ocrx_word' id='word_1_72' title='bbox 1392 1658 1625 1745; x_wconf 86' lang='lat' dir='ltr'>legisse</span> <span class='ocrx_word' id='word_1_73' title='bbox 1690 1661 1834 1724; x_wconf 79' lang='grc' dir='ltr'><em>κεῖθι</em></span> <span class='ocrx_word' id='word_1_74' title='bbox 1902 1666 2220 1727; x_wconf 75' lang='lat' dir='ltr'><strong>testantur</strong></span> <span class='ocrx_word' id='word_1_75' title='bbox 2261 1658 2506 1725; x_wconf 84' lang='lat' dir='ltr'>scholia</span> <span class='ocrx_word' id='word_1_76' title='bbox 2523 1708 2539 1737; x_wconf 90' lang='lat'><strong><em>,</em></strong></span> <span class='ocrx_word' id='word_1_77' title='bbox 2588 1658 2780 1744; x_wconf 91' lang='lat' dir='ltr'>idque</span> <span class='ocrx_word' id='word_1_78' title='bbox 2829 1660 2906 1721; x_wconf 83' lang='lat' dir='ltr'>in</span> 
     </span>
     <span class='ocr_line' id='line_1_14' title="bbox 525 1764 2904 1853; baseline -0.001 -24"><span class='ocrx_word' id='word_1_79' title='bbox 525 1786 766 1851; x_wconf 81' lang='lat' dir='ltr'>papyro</span> <span class='ocrx_word' id='word_1_80' title='bbox 832 1770 1045 1830; x_wconf 84' lang='lat' dir='ltr'>extare</span> <span class='ocrx_word' id='word_1_81' title='bbox 1108 1767 1467 1851; x_wconf 83' lang='lat' dir='ltr'>suspicatur</span> <span class='ocrx_word' id='word_1_82' title='bbox 1527 1764 1835 1852; x_wconf 84' lang='lat' dir='ltr'>Mahaffy,</span> <span class='ocrx_word' id='word_1_83' title='bbox 1900 1769 2011 1853; x_wconf 90' lang='lat' dir='ltr'>qui</span> <span class='ocrx_word' id='word_1_84' title='bbox 2072 1773 2288 1832; x_wconf 91' lang='lat' dir='ltr'>tamen</span> <span class='ocrx_word' id='word_1_85' title='bbox 2350 1766 2714 1831; x_wconf 85' lang='lat' dir='ltr'>admonitus</span> <span class='ocrx_word' id='word_1_86' title='bbox 2775 1784 2904 1829; x_wconf 89' lang='lat' dir='ltr'>non</span> 
     </span>
     <span class='ocr_line' id='line_1_15' title="bbox 524 1869 2904 1959; baseline -0.001 -22"><span class='ocrx_word' id='word_1_87' title='bbox 524 1872 786 1959; x_wconf 79' lang='lat' dir='ltr'><strong>negabit</strong></span> <span class='ocrx_word' id='word_1_88' title='bbox 844 1869 1061 1936; x_wconf 89' lang='lat' dir='ltr'>oculos</span> <span class='ocrx_word' id='word_1_89' title='bbox 1111 1892 1177 1936; x_wconf 92' lang='lat' dir='ltr'>se</span> <span class='ocrx_word' id='word_1_90' title='bbox 1221 1870 1521 1937; x_wconf 83' lang='lat' dir='ltr'>fefellisse</span> <span class='ocrx_word' id='word_1_91' title='bbox 1540 1919 1556 1948; x_wconf 90' lang='lat'><strong><em>,</em></strong></span> <span class='ocrx_word' id='word_1_92' title='bbox 1607 1892 1756 1935; x_wconf 85' lang='lat' dir='ltr'>nam</span> <span class='ocrx_word' id='word_1_93' title='bbox 1803 1874 2157 1959; x_wconf 80' lang='lat' dir='ltr'>imaginem</span> <span class='ocrx_word' id='word_1_94' title='bbox 2200 1873 2626 1959; x_wconf 87' lang='lat' dir='ltr'>phototypam</span> <span class='ocrx_word' id='word_1_95' title='bbox 2669 1872 2904 1934; x_wconf 87' lang='lat' dir='ltr'>riman-</span> 
     </span>
     <span class='ocr_line' id='line_1_16' title="bbox 523 1977 2900 2063; baseline -0.001 -21"><span class='ocrx_word' id='word_1_96' title='bbox 523 1978 699 2042; x_wconf 89' lang='lat' dir='ltr'>tibus</span> <span class='ocrx_word' id='word_1_97' title='bbox 760 1999 885 2042; x_wconf 91' lang='lat' dir='ltr'>non</span> <span class='ocrx_word' id='word_1_98' title='bbox 932 1986 1039 2041; x_wconf 76' lang='grc' dir='ltr'>ΚΘ</span> <span class='ocrx_word' id='word_1_99' title='bbox 1086 1977 1195 2042; x_wconf 88' lang='lat' dir='ltr'>sed</span> <span class='ocrx_word' id='word_1_100' title='bbox 1244 1985 1353 2041; x_wconf 81' lang='grc' dir='ltr'>ΛΤ</span> <span class='ocrx_word' id='word_1_101' title='bbox 1402 1983 1514 2041; x_wconf 85' lang='lat' dir='ltr'>aut</span> <span class='ocrx_word' id='word_1_102' title='bbox 1560 1986 1675 2041; x_wconf 82' lang='lat' dir='ltr'>AT</span> <span class='ocrx_word' id='word_1_103' title='bbox 1724 1978 2083 2044; x_wconf 78' lang='lat' dir='ltr'>hexametri</span> <span class='ocrx_word' id='word_1_104' title='bbox 2125 1981 2389 2044; x_wconf 88' lang='lat' dir='ltr'>initium</span> <span class='ocrx_word' id='word_1_105' title='bbox 2437 1998 2570 2045; x_wconf 88' lang='lat' dir='ltr'>esse</span> <span class='ocrx_word' id='word_1_106' title='bbox 2618 1982 2900 2063; x_wconf 79' lang='lat' dir='ltr'>apparet,</span> 
     </span>
     <span class='ocr_line' id='line_1_17' title="bbox 525 2082 2906 2151; baseline -0.001 -2"><span class='ocrx_word' id='word_1_107' title='bbox 525 2083 865 2150; x_wconf 86' lang='lat' dir='ltr'>secundam</span> <span class='ocrx_word' id='word_1_108' title='bbox 910 2090 1079 2149; x_wconf 91' lang='lat' dir='ltr'>certe</span> <span class='ocrx_word' id='word_1_109' title='bbox 1125 2082 1410 2149; x_wconf 73' lang='lat' dir='ltr'>litteram</span> <span class='ocrx_word' id='word_1_110' title='bbox 1454 2104 1581 2148; x_wconf 90' lang='lat' dir='ltr'>non</span> <span class='ocrx_word' id='word_1_111' title='bbox 1628 2105 1762 2150; x_wconf 86' lang='lat' dir='ltr'>esse</span> <span class='ocrx_word' id='word_1_112' title='bbox 1813 2094 1860 2149; x_wconf 77' lang='grc' dir='ltr'>Ε</span> <span class='ocrx_word' id='word_1_113' title='bbox 1906 2087 2165 2151; x_wconf 90' lang='lat' dir='ltr'>omnino</span> <span class='ocrx_word' id='word_1_114' title='bbox 2210 2091 2476 2151; x_wconf 84' lang='lat' dir='ltr'>constat.</span> <span class='ocrx_word' id='word_1_115' title='bbox 2539 2084 2664 2149; x_wconf 88' lang='lat' dir='ltr'>Pro</span> <span class='ocrx_word' id='word_1_116' title='bbox 2710 2084 2906 2149; x_wconf 84' lang='lat' dir='ltr'>versi-</span> 
     </span>
     <span class='ocr_line' id='line_1_18' title="bbox 526 2190 2900 2278; baseline -0.001 -22"><span class='ocrx_word' id='word_1_117' title='bbox 526 2192 645 2256; x_wconf 87' lang='lat' dir='ltr'>bus</span> <span class='ocrx_word' id='word_1_118' title='bbox 691 2198 907 2255; x_wconf 87' lang='lat' dir='ltr'>autem</span> <span class='ocrx_word' id='word_1_119' title='bbox 954 2192 1066 2274; x_wconf 89' lang='lat' dir='ltr'>qui</span> <span class='ocrx_word' id='word_1_120' title='bbox 1112 2202 1466 2275; x_wconf 85' lang='lat' dir='ltr'>sequuntur</span> <span class='ocrx_word' id='word_1_121' title='bbox 1492 2190 1795 2268; x_wconf 85' lang='lat' dir='ltr'>duobus,</span> <span class='ocrx_word' id='word_1_122' title='bbox 1843 2194 1912 2256; x_wconf 88' lang='lat' dir='ltr'>in</span> <span class='ocrx_word' id='word_1_123' title='bbox 1958 2214 2229 2277; x_wconf 90' lang='lat' dir='ltr'>quorum</span> <span class='ocrx_word' id='word_1_124' title='bbox 2279 2196 2488 2278; x_wconf 88' lang='lat' dir='ltr'>priore</span> <span class='ocrx_word' id='word_1_125' title='bbox 2527 2196 2900 2277; x_wconf 87' lang='lat' dir='ltr'>suspectum</span> 
     </span>
     <span class='ocr_line' id='line_1_19' title="bbox 528 2295 2897 2383; baseline -0.001 -23"><span class='ocrx_word' id='word_1_126' title='bbox 528 2295 875 2361; x_wconf 81' lang='lat' dir='ltr'>admodum</span> <span class='ocrx_word' id='word_1_127' title='bbox 910 2301 1008 2360; x_wconf 90' lang='lat' dir='ltr'>est</span> <span class='ocrx_word' id='word_1_128' title='bbox 1048 2296 1489 2373; x_wconf 74' lang='grc' dir='ltr'><em>προβαλόντες,</em></span> <span class='ocrx_word' id='word_1_129' title='bbox 1532 2316 1816 2382; x_wconf 82' lang='lat' dir='ltr'>papyrus</span> <span class='ocrx_word' id='word_1_130' title='bbox 1854 2298 2045 2362; x_wconf 88' lang='lat' dir='ltr'>habet</span> <span class='ocrx_word' id='word_1_131' title='bbox 2069 2319 2273 2363; x_wconf 91' lang='lat' dir='ltr'>unum</span> <span class='ocrx_word' id='word_1_132' title='bbox 2297 2297 2551 2363; x_wconf 81' lang='lat' dir='ltr'>aliunde</span> <span class='ocrx_word' id='word_1_133' title='bbox 2575 2299 2897 2383; x_wconf 79' lang='lat' dir='ltr'>ignotum,</span> 
     </span>
     <span class='ocr_line' id='line_1_20' title="bbox 527 2402 2902 2490; baseline -0.002 -22"><span class='ocrx_word' id='word_1_134' title='bbox 527 2404 710 2468; x_wconf 85' lang='lat' dir='ltr'>cuius</span> <span class='ocrx_word' id='word_1_135' title='bbox 752 2404 1014 2466; x_wconf 89' lang='lat' dir='ltr'>initium</span> <span class='ocrx_word' id='word_1_136' title='bbox 1062 2407 1159 2466; x_wconf 90' lang='lat' dir='ltr'>est</span> <span class='ocrx_word' id='word_1_137' title='bbox 1200 2423 1324 2467; x_wconf 84' lang='lat' dir='ltr'>vox</span> <span class='ocrx_word' id='word_1_138' title='bbox 1366 2408 1575 2480; x_wconf 83' lang='grc' dir='ltr'><em>κοῦροι.</em></span> <span class='ocrx_word' id='word_1_139' title='bbox 1623 2402 1844 2489; x_wconf 89' lang='lat' dir='ltr'>Itaque</span> <span class='ocrx_word' id='word_1_140' title='bbox 1892 2407 1982 2469; x_wconf 89' lang='lat' dir='ltr'>sic</span> <span class='ocrx_word' id='word_1_141' title='bbox 2027 2404 2156 2469; x_wconf 88' lang='lat' dir='ltr'>sere</span> <span class='ocrx_word' id='word_1_142' title='bbox 2204 2402 2556 2490; x_wconf 87' lang='lat' dir='ltr'>supplenda</span> <span class='ocrx_word' id='word_1_143' title='bbox 2598 2402 2902 2468; x_wconf 83' lang='lat' dir='ltr'>videntur</span> 
     </span>
     <span class='ocr_line' id='line_1_21' title="bbox 527 2508 1353 2594; baseline 0 -22"><span class='ocrx_word' id='word_1_144' title='bbox 527 2529 687 2594; x_wconf 89' lang='lat' dir='ltr'>quae</span> <span class='ocrx_word' id='word_1_145' title='bbox 734 2508 992 2593; x_wconf 83' lang='lat' dir='ltr'>praebet</span> <span class='ocrx_word' id='word_1_146' title='bbox 1037 2527 1353 2593; x_wconf 82' lang='lat' dir='ltr'>papyrus:</span> 
     </span>
    </p>

    <p class='ocr_par' dir='ltr' id='par_1_11' title="bbox 804 2610 2518 2697">
     <span class='ocr_line' id='line_1_22' title="bbox 804 2610 2518 2697; baseline 0 -20"><span class='ocrx_word' id='word_1_147' title='bbox 804 2613 957 2684; x_wconf 70' lang='grc' dir='ltr'><em>Αἶας</em></span> <span class='ocrx_word' id='word_1_148' title='bbox 1006 2613 1070 2677; x_wconf 72' lang='grc' dir='ltr'>δὲ</span> <span class='ocrx_word' id='word_1_149' title='bbox 1118 2614 1375 2696; x_wconf 76' lang='grc' dir='ltr'><em>[κλονέει</em></span> <span class='ocrx_word' id='word_1_150' title='bbox 1422 2614 1851 2691; x_wconf 77' lang='grc' dir='ltr'><em>Τελαμώνιος·</em></span> <span class='ocrx_word' id='word_1_151' title='bbox 1903 2610 1971 2679; x_wconf 82' lang='grc' dir='ltr'><em>εὖ</em></span> <span class='ocrx_word' id='word_1_152' title='bbox 2018 2615 2081 2679; x_wconf 76' lang='grc' dir='ltr'>δέ</span> <span class='ocrx_word' id='word_1_153' title='bbox 2128 2639 2233 2691; x_wconf 84' lang='grc' dir='ltr'>μιν</span> <span class='ocrx_word' id='word_1_154' title='bbox 2279 2614 2518 2697; x_wconf 76' lang='grc' dir='ltr'><em>ἔγνων,]</em></span> 
     </span>
    </p>

    <p class='ocr_par' dir='ltr' id='par_1_12' title="bbox 800 2719 2750 2803">
     <span class='ocr_line' id='line_1_23' title="bbox 800 2719 2750 2803; baseline 0.001 -20"><span class='ocrx_word' id='word_1_155' title='bbox 800 2720 938 2796; x_wconf 82' lang='grc' dir='ltr'><em>εὐρὺ</em></span> <span class='ocrx_word' id='word_1_156' title='bbox 989 2719 1115 2797; x_wconf 71' lang='grc' dir='ltr'><em>γὰρ</em></span> <span class='ocrx_word' id='word_1_157' title='bbox 1165 2721 1366 2802; x_wconf 69' lang='grc' dir='ltr'><em>[ἄμφ’</em></span> <span class='ocrx_word' id='word_1_158' title='bbox 1415 2720 1659 2797; x_wconf 83' lang='grc' dir='ltr'><em>ὤμοισιν</em></span> <span class='ocrx_word' id='word_1_159' title='bbox 1706 2722 1841 2800; x_wconf 81' lang='grc' dir='ltr'><em>ἔχει</em></span> <span class='ocrx_word' id='word_1_160' title='bbox 1891 2721 2114 2794; x_wconf 74' lang='grc' dir='ltr'><em>σάκος·</em></span> <span class='ocrx_word' id='word_1_161' title='bbox 2165 2722 2338 2786; x_wconf 69' lang='grc' dir='ltr'><em>ἀλλὰ</em></span> <span class='ocrx_word' id='word_1_162' title='bbox 2387 2720 2492 2784; x_wconf 76' lang='grc' dir='ltr'><em>καὶ</em></span> <span class='ocrx_word' id='word_1_163' title='bbox 2543 2721 2750 2803; x_wconf 71' lang='grc' dir='ltr'><em>ἡμεῖς]</em></span> 
     </span>
    </p>

    <p class='ocr_par' dir='ltr' id='par_1_13' title="bbox 802 2822 2634 2909">
     <span class='ocr_line' id='line_1_24' title="bbox 802 2822 2634 2909; baseline 0 -21"><span class='ocrx_word' id='word_1_164' title='bbox 802 2822 994 2909; x_wconf 56' lang='lat' dir='ltr'>aime]</span> <span class='ocrx_word' id='word_1_165' title='bbox 1042 2823 1293 2909; x_wconf 80' lang='grc' dir='ltr'><em>ἵππ[ους</em></span> <span class='ocrx_word' id='word_1_166' title='bbox 1342 2850 1411 2892; x_wconf 83' lang='grc' dir='ltr'><em>τε</em></span> <span class='ocrx_word' id='word_1_167' title='bbox 1460 2828 1564 2891; x_wconf 80' lang='grc' dir='ltr'><em>καὶ</em></span> <span class='ocrx_word' id='word_1_168' title='bbox 1616 2824 1763 2904; x_wconf 77' lang='grc' dir='ltr'><em>ἅρμ’</em></span> <span class='ocrx_word' id='word_1_169' title='bbox 1812 2826 2106 2906; x_wconf 74' lang='grc' dir='ltr'><em>ἰθύνομεν,</em></span> <span class='ocrx_word' id='word_1_170' title='bbox 2157 2825 2294 2891; x_wconf 74' lang='grc' dir='ltr'><em>ἔνθα</em></span> <span class='ocrx_word' id='word_1_171' title='bbox 2345 2826 2634 2904; x_wconf 72' lang='grc' dir='ltr'><em>μάλιστα</em></span> 
     </span>
    </p>

    <p class='ocr_par' dir='ltr' id='par_1_14' title="bbox 527 2932 2902 3316">
     <span class='ocr_line' id='line_1_25' title="bbox 802 2932 2482 3017; baseline 0.002 -23"><span class='ocrx_word' id='word_1_172' title='bbox 802 2933 992 3008; x_wconf 77' lang='grc' dir='ltr'><em>κοῦροί</em></span> <span class='ocrx_word' id='word_1_173' title='bbox 1039 2935 1135 3015; x_wconf 90' lang='grc' dir='ltr'><em>τ[ε</em></span> <span class='ocrx_word' id='word_1_174' title='bbox 1184 2932 1409 3007; x_wconf 79' lang='grc' dir='ltr'><em>ἱππῆές</em></span> <span class='ocrx_word' id='word_1_175' title='bbox 1456 2958 1525 2997; x_wconf 86' lang='grc' dir='ltr'><em>τε</em></span> <span class='ocrx_word' id='word_1_176' title='bbox 1577 2936 1768 3005; x_wconf 64' lang='grc' dir='ltr'><em>κακὴν</em></span> <span class='ocrx_word' id='word_1_177' title='bbox 1816 2932 1979 3011; x_wconf 76' lang='grc' dir='ltr'><em>ἔριδα</em></span> <span class='ocrx_word' id='word_1_178' title='bbox 2028 2934 2482 3017; x_wconf 76' lang='grc' dir='ltr'><em>προφέρονται.]</em></span> 
     </span>
     <span class='ocr_line' id='line_1_26' title="bbox 527 3038 2897 3114; baseline -0.001 -10"><span class='ocrx_word' id='word_1_179' title='bbox 527 3039 603 3104; x_wconf 95' lang='lat' dir='ltr'>In</span> <span class='ocrx_word' id='word_1_180' title='bbox 664 3038 896 3103; x_wconf 90' lang='lat' dir='ltr'>ultimo</span> <span class='ocrx_word' id='word_1_181' title='bbox 958 3060 1149 3104; x_wconf 80' lang='lat' dir='ltr'>versu</span> <span class='ocrx_word' id='word_1_182' title='bbox 1211 3039 1653 3105; x_wconf 87' lang='lat' dir='ltr'>constituendo</span> <span class='ocrx_word' id='word_1_183' title='bbox 1699 3061 1854 3105; x_wconf 90' lang='lat' dir='ltr'>usus</span> <span class='ocrx_word' id='word_1_184' title='bbox 1900 3061 2045 3105; x_wconf 90' lang='lat' dir='ltr'>sum</span> <span class='ocrx_word' id='word_1_185' title='bbox 2094 3039 2155 3105; x_wconf 87' lang='lat' dir='ltr'>N</span> <span class='ocrx_word' id='word_1_186' title='bbox 2157 3041 2372 3105; x_wconf 85' lang='lat' dir='ltr'>auckii</span> <span class='ocrx_word' id='word_1_187' title='bbox 2421 3041 2856 3106; x_wconf 84' lang='lat' dir='ltr'>observatione</span> <span class='ocrx_word' id='word_1_188' title='bbox 2881 3086 2897 3114; x_wconf 91' lang='lat'>,</span> 
     </span>
     <span class='ocr_line' id='line_1_27' title="bbox 529 3142 2902 3230; baseline -0.001 -21"><span class='ocrx_word' id='word_1_189' title='bbox 529 3146 641 3230; x_wconf 90' lang='lat' dir='ltr'>qui</span> <span class='ocrx_word' id='word_1_190' title='bbox 688 3166 801 3230; x_wconf 87' lang='lat' dir='ltr'>pro</span> <span class='ocrx_word' id='word_1_191' title='bbox 849 3147 1182 3230; x_wconf 90' lang='lat' dir='ltr'>participio</span> <span class='ocrx_word' id='word_1_192' title='bbox 1227 3144 1486 3211; x_wconf 91' lang='lat' dir='ltr'>insolito</span> <span class='ocrx_word' id='word_1_193' title='bbox 1531 3146 1948 3223; x_wconf 77' lang='grc' dir='ltr'><em>προβαλόντες</em></span> <span class='ocrx_word' id='word_1_194' title='bbox 1998 3149 2266 3212; x_wconf 89' lang='lat' dir='ltr'>coniecit</span> <span class='ocrx_word' id='word_1_195' title='bbox 2304 3146 2702 3225; x_wconf 75' lang='grc' dir='ltr'><em>προφέροντες</em></span> <span class='ocrx_word' id='word_1_196' title='bbox 2729 3194 2742 3219; x_wconf 91' lang='grc'><em>,</em></span> <span class='ocrx_word' id='word_1_197' title='bbox 2785 3142 2902 3210; x_wconf 88' lang='lat' dir='ltr'>col-</span> 
     </span>
     <span class='ocr_line' id='line_1_28' title="bbox 528 3247 1541 3316; baseline 0.001 -1"><span class='ocrx_word' id='word_1_198' title='bbox 528 3250 658 3316; x_wconf 86' lang='lat' dir='ltr'>lato</span> <span class='ocrx_word' id='word_1_199' title='bbox 706 3271 896 3316; x_wconf 82' lang='lat' dir='ltr'>versu</span> <span class='ocrx_word' id='word_1_200' title='bbox 943 3250 1274 3316; x_wconf 87' lang='lat' dir='ltr'>simillimo</span> <span class='ocrx_word' id='word_1_201' title='bbox 1324 3260 1367 3315; x_wconf 94' lang='grc' dir='ltr'><strong>Γ</strong></span> <span class='ocrx_word' id='word_1_202' title='bbox 1399 3247 1473 3316; x_wconf 79' lang='lat'>7:</span> <span class='ocrx_word' id='word_1_203' title='bbox 1537 3256 1541 3259; x_wconf 68' lang='grc'>’</span> 
     </span>
    </p>

    <p class='ocr_par' dir='ltr' id='par_1_15' title="bbox 530 3356 2898 4187">
     <span class='ocr_line' id='line_1_29' title="bbox 803 3356 2465 3438; baseline 0.001 -17"><span class='ocrx_word' id='word_1_204' title='bbox 803 3360 989 3433; x_wconf 75' lang='grc' dir='ltr'><em>ἠέριαι</em></span> <span class='ocrx_word' id='word_1_205' title='bbox 1038 3359 1090 3422; x_wconf 79' lang='grc' dir='ltr'>δ’</span> <span class='ocrx_word' id='word_1_206' title='bbox 1139 3356 1259 3437; x_wconf 77' lang='grc' dir='ltr'>ἄρα</span> <span class='ocrx_word' id='word_1_207' title='bbox 1308 3360 1418 3420; x_wconf 73' lang='grc' dir='ltr'>ταί</span> <span class='ocrx_word' id='word_1_208' title='bbox 1464 3382 1541 3433; x_wconf 74' lang='grc' dir='ltr'><em>γε</em></span> <span class='ocrx_word' id='word_1_209' title='bbox 1592 3359 1782 3427; x_wconf 67' lang='grc' dir='ltr'><em>κακὴν</em></span> <span class='ocrx_word' id='word_1_210' title='bbox 1830 3358 1992 3438; x_wconf 81' lang='grc' dir='ltr'><em>ἔριδα</em></span> <span class='ocrx_word' id='word_1_211' title='bbox 2042 3360 2465 3435; x_wconf 81' lang='grc' dir='ltr'><em>προφέρονται.</em></span> 
     </span>
     <span class='ocr_line' id='line_1_30' title="bbox 530 3464 2892 3552; baseline -0 -22"><span class='ocrx_word' id='word_1_212' title='bbox 530 3465 707 3530; x_wconf 90' lang='lat' dir='ltr'>Num</span> <span class='ocrx_word' id='word_1_213' title='bbox 768 3469 984 3529; x_wconf 88' lang='lat' dir='ltr'>tamen</span> <span class='ocrx_word' id='word_1_214' title='bbox 1044 3486 1272 3530; x_wconf 88' lang='lat' dir='ltr'>verum</span> <span class='ocrx_word' id='word_1_215' title='bbox 1316 3464 1588 3530; x_wconf 87' lang='lat' dir='ltr'>viderim</span> <span class='ocrx_word' id='word_1_216' title='bbox 1636 3464 1856 3531; x_wconf 87' lang='lat' dir='ltr'>dubito</span> <span class='ocrx_word' id='word_1_217' title='bbox 1875 3514 1890 3543; x_wconf 92' lang='lat'><strong><em>,</em></strong></span> <span class='ocrx_word' id='word_1_218' title='bbox 1941 3468 2244 3552; x_wconf 89' lang='lat' dir='ltr'>quoniam</span> <span class='ocrx_word' id='word_1_219' title='bbox 2289 3470 2508 3552; x_wconf 81' lang='lat' dir='ltr'>aptam</span> <span class='ocrx_word' id='word_1_220' title='bbox 2556 3468 2892 3552; x_wconf 84' lang='lat' dir='ltr'>oppositio·</span> 
     </span>
     <span class='ocr_line' id='line_1_31' title="bbox 531 3570 2890 3658; baseline 0 -23"><span class='ocrx_word' id='word_1_221' title='bbox 531 3592 679 3637; x_wconf 90' lang='lat' dir='ltr'>nem</span> <span class='ocrx_word' id='word_1_222' title='bbox 726 3592 853 3635; x_wconf 92' lang='lat' dir='ltr'>non</span> <span class='ocrx_word' id='word_1_223' title='bbox 893 3570 1171 3635; x_wconf 88' lang='lat' dir='ltr'>efficiunt</span> <span class='ocrx_word' id='word_1_224' title='bbox 1212 3575 1398 3648; x_wconf 83' lang='grc' dir='ltr'><em>κοῦροι</em></span> <span class='ocrx_word' id='word_1_225' title='bbox 1442 3576 1507 3635; x_wconf 91' lang='lat' dir='ltr'>et</span> <span class='ocrx_word' id='word_1_226' title='bbox 1544 3574 1792 3645; x_wconf 76' lang='grc' dir='ltr'><em>ἱππῆες.</em></span> <span class='ocrx_word' id='word_1_227' title='bbox 1842 3570 2132 3637; x_wconf 79' lang='lat' dir='ltr'>Fortasse</span> <span class='ocrx_word' id='word_1_228' title='bbox 2170 3574 2374 3658; x_wconf 82' lang='lat' dir='ltr'>igitur</span> <span class='ocrx_word' id='word_1_229' title='bbox 2410 3570 2673 3658; x_wconf 82' lang='lat' dir='ltr'>longius</span> <span class='ocrx_word' id='word_1_230' title='bbox 2699 3573 2890 3637; x_wconf 87' lang='lat' dir='ltr'>etiam</span> 
     </span>
     <span class='ocr_line' id='line_1_32' title="bbox 532 3675 2893 3764; baseline -0.001 -20"><span class='ocrx_word' id='word_1_231' title='bbox 532 3699 571 3744; x_wconf 89' lang='lat' dir='ltr'>a</span> <span class='ocrx_word' id='word_1_232' title='bbox 637 3682 821 3743; x_wconf 80' lang='lat' dir='ltr'>textu</span> <span class='ocrx_word' id='word_1_233' title='bbox 844 3725 859 3754; x_wconf 92' lang='lat'><strong><em>,</em></strong></span> <span class='ocrx_word' id='word_1_234' title='bbox 932 3680 1043 3762; x_wconf 89' lang='lat' dir='ltr'>qui</span> <span class='ocrx_word' id='word_1_235' title='bbox 1108 3684 1397 3763; x_wconf 88' lang='lat' dir='ltr'>receptus</span> <span class='ocrx_word' id='word_1_236' title='bbox 1452 3675 1705 3755; x_wconf 88' lang='lat' dir='ltr'>dicitur,</span> <span class='ocrx_word' id='word_1_237' title='bbox 1754 3676 2111 3742; x_wconf 77' lang='lat' dir='ltr'>discedebat</span> <span class='ocrx_word' id='word_1_238' title='bbox 2155 3680 2385 3764; x_wconf 78' lang='lat' dir='ltr'>papyri</span> <span class='ocrx_word' id='word_1_239' title='bbox 2430 3676 2620 3743; x_wconf 89' lang='lat' dir='ltr'>lectio</span> <span class='ocrx_word' id='word_1_240' title='bbox 2665 3680 2736 3741; x_wconf 85' lang='lat' dir='ltr'>in</span> <span class='ocrx_word' id='word_1_241' title='bbox 2781 3678 2893 3742; x_wconf 89' lang='lat' dir='ltr'>hoc</span> 
     </span>
     <span class='ocr_line' id='line_1_33' title="bbox 531 3782 2894 3871; baseline -0.001 -22"><span class='ocrx_word' id='word_1_242' title='bbox 531 3805 724 3849; x_wconf 84' lang='lat' dir='ltr'>versu</span> <span class='ocrx_word' id='word_1_243' title='bbox 785 3788 849 3847; x_wconf 86' lang='lat' dir='ltr'>et</span> <span class='ocrx_word' id='word_1_244' title='bbox 906 3783 1323 3867; x_wconf 79' lang='lat' dir='ltr'>praecedenti.</span> <span class='ocrx_word' id='word_1_245' title='bbox 1388 3782 1462 3848; x_wconf 93' lang='lat' dir='ltr'>Id</span> <span class='ocrx_word' id='word_1_246' title='bbox 1537 3790 1703 3849; x_wconf 88' lang='lat' dir='ltr'>certe</span> <span class='ocrx_word' id='word_1_247' title='bbox 1748 3782 2107 3849; x_wconf 85' lang='lat' dir='ltr'>luculenter</span> <span class='ocrx_word' id='word_1_248' title='bbox 2152 3790 2364 3871; x_wconf 89' lang='lat' dir='ltr'>patet,</span> <span class='ocrx_word' id='word_1_249' title='bbox 2416 3783 2730 3869; x_wconf 85' lang='lat' dir='ltr'>quantilla</span> <span class='ocrx_word' id='word_1_250' title='bbox 2776 3786 2894 3848; x_wconf 86' lang='lat' dir='ltr'>sint</span> 
     </span>
     <span class='ocr_line' id='line_1_34' title="bbox 534 3888 2896 3976; baseline -0 -22"><span class='ocrx_word' id='word_1_251' title='bbox 534 3891 900 3954; x_wconf 89' lang='lat' dir='ltr'>discrimina</span> <span class='ocrx_word' id='word_1_252' title='bbox 960 3911 1119 3975; x_wconf 86' lang='lat' dir='ltr'>quae</span> <span class='ocrx_word' id='word_1_253' title='bbox 1182 3912 1259 3955; x_wconf 80' lang='lat' dir='ltr'>ex</span> <span class='ocrx_word' id='word_1_254' title='bbox 1320 3890 1641 3955; x_wconf 89' lang='lat' dir='ltr'>codicibus</span> <span class='ocrx_word' id='word_1_255' title='bbox 1698 3890 1884 3955; x_wconf 90' lang='lat' dir='ltr'>hodie</span> <span class='ocrx_word' id='word_1_256' title='bbox 1933 3891 2382 3976; x_wconf 83' lang='lat' dir='ltr'>superstitibus</span> <span class='ocrx_word' id='word_1_257' title='bbox 2431 3888 2649 3955; x_wconf 90' lang='lat' dir='ltr'>sedulo</span> <span class='ocrx_word' id='word_1_258' title='bbox 2700 3890 2896 3956; x_wconf 85' lang='lat' dir='ltr'>solent</span> 
     </span>
     <span class='ocr_line' id='line_1_35' title="bbox 535 3995 2896 4083; baseline 0 -22"><span class='ocrx_word' id='word_1_259' title='bbox 535 3996 776 4061; x_wconf 87' lang='lat' dir='ltr'>enotari</span> <span class='ocrx_word' id='word_1_260' title='bbox 793 4043 808 4072; x_wconf 92' lang='lat'><strong><em>,</em></strong></span> <span class='ocrx_word' id='word_1_261' title='bbox 874 3998 929 4059; x_wconf 89' lang='lat' dir='ltr'>si</span> <span class='ocrx_word' id='word_1_262' title='bbox 979 4002 1428 4082; x_wconf 82' lang='lat' dir='ltr'>comparentur</span> <span class='ocrx_word' id='word_1_263' title='bbox 1472 4017 1622 4061; x_wconf 92' lang='lat' dir='ltr'>cum</span> <span class='ocrx_word' id='word_1_264' title='bbox 1665 3995 1816 4061; x_wconf 89' lang='lat' dir='ltr'>libri</span> <span class='ocrx_word' id='word_1_265' title='bbox 1862 4000 2288 4061; x_wconf 80' lang='lat' dir='ltr'>vetustissimi</span> <span class='ocrx_word' id='word_1_266' title='bbox 2334 3997 2454 4061; x_wconf 90' lang='lat' dir='ltr'>hoc</span> <span class='ocrx_word' id='word_1_267' title='bbox 2501 3996 2860 4083; x_wconf 67' lang='lat' dir='ltr'>fragmento</span> <span class='ocrx_word' id='word_1_268' title='bbox 2877 4045 2896 4073; x_wconf 93' lang='lat'>‚</span> 
     </span>
     <span class='ocr_line' id='line_1_36' title="bbox 532 4102 2898 4187; baseline 0.001 -20"><span class='ocrx_word' id='word_1_269' title='bbox 532 4106 601 4167; x_wconf 91' lang='lat' dir='ltr'>in</span> <span class='ocrx_word' id='word_1_270' title='bbox 646 4122 770 4187; x_wconf 92' lang='lat' dir='ltr'>quo</span> <span class='ocrx_word' id='word_1_271' title='bbox 817 4108 1082 4187; x_wconf 89' lang='lat' dir='ltr'>quartus</span> <span class='ocrx_word' id='word_1_272' title='bbox 1128 4106 1396 4187; x_wconf 90' lang='lat' dir='ltr'>quisque</span> <span class='ocrx_word' id='word_1_273' title='bbox 1440 4102 1810 4167; x_wconf 82' lang='lat' dir='ltr'>hexameter</span> <span class='ocrx_word' id='word_1_274' title='bbox 1847 4123 2104 4187; x_wconf 91' lang='lat' dir='ltr'>prorsus</span> <span class='ocrx_word' id='word_1_275' title='bbox 2144 4104 2432 4168; x_wconf 85' lang='lat' dir='ltr'>diversus</span> <span class='ocrx_word' id='word_1_276' title='bbox 2471 4124 2508 4167; x_wconf 88' lang='lat' dir='ltr'>a</span> <span class='ocrx_word' id='word_1_277' title='bbox 2549 4106 2898 4169; x_wconf 89' lang='lat' dir='ltr'>recensione</span> 
     </span>
    </p>
   </div>
   <div class='ocr_carea' id='block_1_5' title="bbox 534 4206 2896 4380">
    <p class='ocr_par' dir='ltr' id='par_1_16' title="bbox 534 4206 2896 4380">
     <span class='ocr_line' id='line_1_37' title="bbox 534 4206 2896 4294; baseline 0.001 -21"><span class='ocrx_word' id='word_1_278' title='bbox 534 4206 802 4294; x_wconf 82' lang='lat' dir='ltr'>vulgata</span> <span class='ocrx_word' id='word_1_279' title='bbox 861 4210 1194 4293; x_wconf 87' lang='lat' dir='ltr'>reperitur.</span> <span class='ocrx_word' id='word_1_280' title='bbox 1261 4206 1526 4272; x_wconf 83' lang='lat' dir='ltr'>Utinam</span> <span class='ocrx_word' id='word_1_281' title='bbox 1587 4207 1774 4293; x_wconf 91' lang='lat' dir='ltr'>plura</span> <span class='ocrx_word' id='word_1_282' title='bbox 1836 4228 1914 4273; x_wconf 85' lang='lat' dir='ltr'>ex</span> <span class='ocrx_word' id='word_1_283' title='bbox 1959 4208 2350 4276; x_wconf 70' lang='lat' dir='ltr'>venerandae</span> <span class='ocrx_word' id='word_1_284' title='bbox 2397 4212 2739 4276; x_wconf 82' lang='lat' dir='ltr'>vetustatis</span> <span class='ocrx_word' id='word_1_285' title='bbox 2785 4210 2896 4276; x_wconf 90' lang='lat' dir='ltr'>hoc</span> 
     </span>
     <span class='ocr_line' id='line_1_38' title="bbox 536 4310 1606 4380; baseline -0.003 0"><span class='ocrx_word' id='word_1_286' title='bbox 536 4314 913 4380; x_wconf 88' lang='lat' dir='ltr'>documento</span> <span class='ocrx_word' id='word_1_287' title='bbox 955 4319 1230 4379; x_wconf 82' lang='lat' dir='ltr'>aetatem</span> <span class='ocrx_word' id='word_1_288' title='bbox 1272 4310 1606 4380; x_wconf 69' lang='lat' dir='ltr'>tulissent!</span> 
     </span>
    </p>
   </div>
   <div class='ocr_carea' id='block_1_6' title="bbox 1534 4448 1898 4460">
    <p class='ocr_par' dir='ltr' id='par_1_17' title="bbox 1534 4448 1898 4460">
     <span class='ocr_line' id='line_1_39' title="bbox 1534 4448 1898 4460; baseline 0 549"><span class='ocrx_word' id='word_1_289' title='bbox 1534 4448 1898 4460; x_wconf 95' lang='lat' dir='ltr'> </span> 
     </span>
    </p>
   </div>
   <div class='ocr_carea' id='block_1_7' title="bbox 3090 588 3119 3977">
    <p class='ocr_par' dir='ltr' id='par_1_18' title="bbox 3090 588 3119 3977">
     <span class='ocr_line' id='line_1_40' title="bbox 3090 588 3119 3977; baseline 0 0"><span class='ocrx_word' id='word_1_290' title='bbox 3090 588 3119 3977; x_wconf 95' lang='lat' dir='ltr'> </span> 
     </span>
    </p>
   </div>
   <div class='ocr_carea' id='block_1_8' title="bbox 3085 588 3124 4967">
    <p class='ocr_par' dir='ltr' id='par_1_19' title="bbox 3085 588 3124 4967">
     <span class='ocr_line' id='line_1_41' title="bbox 3085 588 3124 4967; baseline 0 0"><span class='ocrx_word' id='word_1_291' title='bbox 3085 588 3124 4967; x_wconf 95' lang='lat' dir='ltr'> </span> 
     </span>
    </p>
   </div>
  </div>
 </body>
</html>
