3192 5009
1363 272 1699 329 1161111166.
2634 256 2717 323 13

709 443 1238 530 periculosae
1284 444 1623 530 plenum
1669 466 1828 530 opu
1848 465 1878 508 s
1926 442 2153 509 aleae

709 558 1027 617 tractas
1074 557 1154 617 et
1199 551 1526 617 incedis
1572 572 1715 637 per
1758 554 2005 638 ignes

707 661 1196 744 suppositos
1245 660 1517 723 cineri
1569 657 1881 723 doloso.
1928 678 1983 722 6.
2011 678 2071 742 q.
2097 678 2147 721 s.

352 761 619 831 carmen
677 764 931 830 honoris
993 786 1181 830 causa
1241 764 1516 830 Pollioni
1565 764 1789 829 datum
1836 764 2143 829 officiosae
2190 765 2403 848 potius
2450 762 2717 850 diligen·

349 873 474 935 tiae
519 892 714 957 quam
761 871 962 937 divini
1007 870 1254 936 afflatus
1303 872 1728 937 characterem
1778 892 1929 956 prae
1974 892 2039 935 66
2086 870 2247 935 ferre
2295 892 2479 935 nemo
2527 873 2716 936 mira-
2778 884 2785 892 ·

349 976 538 1041 bitur.
582 975 958 1056 Cecinerunt
993 977 1148 1043 talia
1186 976 1520 1043 Messallae
1561 976 1853 1042 Tibullus
1873 1025 1888 1054 ‚
1928 976 2282 1042 Maecenati
2306 976 2674 1063 Propertius
2694 998 2711 1057 ;

343 1082 454 1147 sed
516 1081 823 1148 Horatius
871 1084 1120 1149 brevior
1167 1090 1263 1149 est
1311 1091 1374 1149 et
1422 1085 1665 1149 acutior
1707 1086 1775 1148 16
1824 1084 1941 1148 1166
1988 1082 2107 1148 oda
2124 1132 2141 1161 ,
2188 1086 2256 1147 in
2302 1104 2425 1169 qua
2470 1083 2678 1149 multa
2695 1132 2711 1163 ,

341 1188 500 1253 olim
561 1195 626 1253 et
686 1211 852 1253 61166
913 1210 1162 1275 (1116(1116
1223 1190 1601 1275 reprehensa
1663 1188 1941 1269 (Hartm.
1991 1211 2053 1274 p.
2105 1188 2189 1253 56
2214 1196 2355 1274 sq.,)‚
2422 1192 2477 1253 si
2522 1190 2712 1276 probe

325 1292 774 1373 excutiuntur,
813 1316 1048 1383 magna
1071 1317 1222 1360 cum
1244 1316 1396 1360 cura
1421 1301 1486 1360 et
1509 1316 1725 1359 rerum
1748 1298 2015 1360 veritate
2041 1298 2276 1380 scripta
2299 1296 2710 1381 apparebunt.

433 1403 694 1466 Asinius
759 1401 963 1467 Pollio
1032 1405 1266 1466 omissa
1337 1400 1791 1487 aliquantisper
1861 1400 2185 1488 tragoedia
2234 1439 2319 1449 —
2365 1423 2515 1467 nam
2584 1401 2715 1467 noli

341 1508 608 1593 iungere
652 1504 889 1573 Musa
937 1506 1428 1595 tragoediae
1470 1510 1540 1571 in
1585 1529 1650 1571 7.
1702 1505 1765 1584 9,
1814 1506 1923 1571 66(1
1971 1506 2204 1573 Μ1166
2251 1506 2710 1587 Ρ61116616,

343 1634 494 1677 61116
529 1612 903 1699 plerumque
945 1611 1266 1700 Vergilius
1307 1618 1371 1678 et
1408 1612 1718 1679 Horatius
1758 1611 1835 1678 M
1847 1635 1892 1677 u
1910 1635 1939 1678 s
1955 1634 1992 1678 a
2006 1636 2077 1678 m
2114 1613 2482 1701 intelligant
2520 1616 2709 1679 unius

342 1719 622 1784 hominis
659 1741 898 1785 numen
937 1724 1002 1785 et
1039 1718 1407 1784 facultatem
1443 1722 1757 1805 poeticam
1782 1756 1867 1767 —
1894 1740 2087 1805 quam
2112 1721 2419 1789 tractabat
2444 1720 2708 1807 dignam

342 1824 807 1910 Sophocleo
854 1832 1205 1890 coturno
1254 1824 1468 1912 (Verg.
1509 1826 1585 1890 E.
1629 1826 1690 1891 8.
1724 1826 1827 1892 10.
1867 1826 2023 1891 Ηο1.
2062 1848 2125 1892 7.
2173 1826 2256 1892 12
2305 1824 2708 1912 Cecropio

344 1953 380 1997 6
397 1952 433 1996 o
450 1937 478 1995 t
492 1952 537 1995 u
555 1953 586 1995 r
600 1954 643 1995 n
659 1938 742 2013 o),
805 1932 1113 1997 scribebat
1176 1933 1470 1997 historias
1535 1932 1687 1997 belli
1733 1932 1940 1997 civilis
1987 1954 2099 2018 per
2145 1953 2339 1997 annos
2388 1933 2668 2019 digestas
2686 1981 2705 2011 ‚

341 2042 418 2101 ut
464 2035 745 2102 solebant
789 2036 1004 2102 Latini
1043 2038 1214 2117 (hinc
1252 2060 1314 2103 7.
1363 2038 1442 2102 11
1492 2039 1635 2103 ubi
1680 2036 2062 2123 publicas
2109 2059 2237 2103 res
2286 2037 2707 2103 ordinaris

343 2142 486 2207 coll.
551 2142 612 2207 4.
646 2143 748 2207 11.
776 2142 864 2207 20
927 2143 1260 2208 ordinat
1328 2150 1629 2225 annos),
1698 2164 1959 2229 remque
2029 2144 2387 2229 repetebat,
2452 2150 2526 2208 ut
2592 2164 2707 2229 par

343 2256 514 2326 erat,
563 2269 600 2313 a
648 2270 681 2314 c
699 2248 989 2314 onsule
1033 2248 1387 2314 Metello
1407 2298 1424 2327 ,
1471 2269 1597 2314 non
1642 2270 1680 2314 a
1726 2249 2066 2315 Rubiconis
2108 2252 2384 2315 transitu
2423 2249 2703 2331 (Hartm.

338 2353 484 2435 l.l.)‚
533 2354 701 2439 quod
747 2354 1002 2420 decebat
1039 2354 1372 2421 Lucanum
1388 2404 1405 2433 ,
1454 2358 1564 2441 qui
1611 2362 1687 2420 ut
1733 2361 1919 2441 poeta
1938 2404 1952 2433 ,
2002 2376 2115 2421 666
2154 2358 2321 2441 rapit
2360 2357 2429 2420 in
2468 2354 2708 2421 medias

341 2481 460 2525 res.
523 2458 825 2527 Ceterum
869 2482 1018 2526 cum
1061 2461 1174 2527 illo
1221 2470 1408 2547 poeta
1455 2464 1819 2527 communia
1863 2461 2172 2547 quaedam
2219 2461 2444 2527 habuit
2490 2464 2558 2526 in
2606 2483 2710 2528 ex-

339 2568 651 2652 positione
700 2588 844 2631 cau
863 2588 892 2631 s
911 2588 1140 2631 arum
1185 2566 1336 2633 belli
1371 2570 1819 2653 variorumque
1874 2588 1994 2632 mo
2014 2566 2297 2631 dorum
2350 2589 2400 2631 s.
2441 2588 2701 2633 casuum

339 2671 445 2751 (cf.
497 2668 626 2747 016.
673 2672 750 2737 (16
798 2672 923 2737 div.
975 2671 1036 2736 2.
1067 2671 1156 2752 9),
1219 2693 1370 2737 6616
1415 2676 1513 2737 uti
1559 2672 1671 2738 ille
1720 2673 2101 2760 coarguebat
2147 2675 2310 2737 vitia
2355 2678 2421 2737 et
2466 2694 2705 2739 errores

341 2765 578 2843 ducum
596 2828 611 2856 ,
677 2779 975 2864 Pompei,
1041 2781 1279 2864 opinor,
1343 2778 1627 2846 Caesaris
1674 2782 2011 2845 victoriam
2055 2778 2339 2843 tribuens
2386 2800 2537 2844 cum
2582 2778 2707 2843 Lu-

339 2904 493 2949 cano
551 2883 602 2948 F
619 2904 654 2948 o
669 2905 703 2947 r
717 2891 744 2948 t
760 2906 805 2948 u
822 2908 864 2947 n
881 2905 918 2948 a
933 2905 968 2949 e
986 2933 1003 2961 ,
1052 2884 1430 2969 favebatque
1491 2907 1617 2950 666
1678 2887 1895 2949 1616116
1956 2883 2156 2949 Bruto
2220 2888 2285 2948 et
2331 2881 2548 2951 Cassio
2598 2886 2705 2965 (cf.

339 2988 485 3054 Tac.
532 2990 608 3053 A.
659 2989 722 3054 4.
750 2988 862 3069 34)
911 2993 1106 3055 etiam
1152 2988 1407 3057 Catonis
1455 2990 1799 3055 admirator
1843 2996 1931 3071 (7.
1984 2990 2118 3071 24).

431 3093 606 3161 Η666
652 3098 866 3160 616616
903 3095 978 3159 (16
1015 3098 1206 3160 616161
1243 3116 1427 3181 opere
1463 3098 1593 3161 iam
1634 3102 1953 3181 acceperat
1990 3096 2296 3160 Horatius
2337 3095 2704 3182 adluditque

340 3200 421 3266 ad
465 3200 721 3288 singula
765 3208 830 3267 et
878 3201 957 3267 ad
1003 3204 1208 3288 operis
1246 3204 1682 3267 recitationem
1719 3202 2003 3267 futuram
2042 3207 2131 3283 (7.
2165 3198 2245 3267 17
2286 3204 2363 3267 ia
2380 3224 2448 3266 m
2492 3226 2535 3267 n
2552 3225 2597 3267 u
2615 3226 2658 3267 n
2672 3224 2706 3267 c

339 3309 643 3373 minaci
713 3328 1132 3373 murmure
1205 3329 1605 3373 cornuum
1670 3309 2199 3395 perstringis
2261 3328 2502 3374 aures
2555 3356 2570 3373 .
2598 3356 2613 3373 .
2644 3356 2658 3373 .
2688 3356 2703 3373 .

340 3413 630 3478 audire
691 3434 1030 3500 magnas
1091 3416 1256 3478 iam
1314 3412 1607 3479 videor
1665 3413 1913 3478 duces
1974 3432 2026 3478 e.
2055 3435 2115 3499 q.
2141 3419 2239 3494 s.),
2302 3434 2451 3479 nam
2496 3412 2704 3481 Pollio

338 3521 658 3605 primus
719 3522 1080 3585 omnium
1124 3518 1680 3585 Romanorum
1727 3520 2169 3585 advocatis
2215 3520 2705 3586 hominibus

341 3628 662 3711 scripta
731 3647 875 3691 sua
939 3629 1354 3691 recitavit
1433 3625 1729 3707 (Seneca,
1804 3626 1996 3711 praef.
2071 3624 2368 3693 Controv.
2442 3625 2531 3707 4).
2604 3628 2703 3693 Ita

339 3737 524 3819 poeta
581 3735 649 3797 16
706 3732 824 3798 1166
883 3735 1073 3797 616161
1117 3736 1400 3799 encomio
1447 3732 1693 3798 nullam
1740 3735 1932 3799 amici
1974 3732 2231 3797 laudem
2278 3735 2495 3798 omisit
2512 3781 2529 3811 ,
2579 3754 2703 3798 non

337 3838 648 3904 forensem
695 3860 942 3925 quoque
987 3846 1099 3904 aut
1145 3839 1438 3905 bellicam
1453 3887 1470 3918 ‚
1521 3860 1677 3926 quas
1723 3841 1947 3904 inserit
1992 3860 2117 3905 766.
2167 3838 2450 3905 13-16.

430 3943 714 4031 Denique
779 3947 848 4010 in
917 3943 1126 4012 Garm.
1190 3944 1278 4010 IV
1341 3945 1382 4010 4
1437 3967 1564 4011 766.
1634 3948 1792 4011 istos
1864 3945 2282 4011 conclamatos
2303 3966 2317 4010 ε
2397 3968 2438 4031 q
2452 3967 2497 4009 u
2512 3948 2537 4009 i
2556 3946 2595 4011 b
2610 3967 2657 4010 u
2672 3967 2702 4011 s

339 4072 509 4118 mos
584 4051 794 4117 unde
864 4051 1273 4117 deductus
1344 4073 1487 4139 per
1555 4073 1783 4117 omne
1856 4058 2185 4139 tempus
2256 4053 2701 4118 Amazonia

339 4161 619 4224 securi
657 4158 992 4223 dextras
1030 4159 1436 4236 obarmet,
1481 4180 1881 4245 quaerere
1916 4158 2261 4237 distuli;
2305 4179 2447 4223 nec
2487 4161 2702 4224 scire

341 4263 416 4331 fa
431 4286 460 4331 s
508 4286 542 4329 e
557 4287 588 4330 s
603 4270 632 4328 t
677 4286 714 4329 o
731 4286 800 4329 m
816 4266 898 4328 61
914 4285 951 4329 a
968 4313 983 4342 ,
1030 4267 1314 4352 ineptam
1359 4266 1509 4331 huic
1555 4264 1693 4332 loco
1740 4287 1890 4352 prae
1936 4286 2003 4330 se
2043 4265 2205 4330 ferre
2246 4265 2597 4330 doctrinam
2636 4272 2701 4330 et

339 4390 473 4435 esse
539 4392 617 4436 ex
685 4371 1168 4437 ambitiosis
1239 4374 1799 4451 ornamentis,
1871 4393 2030 4458 quae
2098 4375 2166 4436 in
2236 4372 2389 4437 Arte
2458 4373 2701 4459 poetica
