3192 5009
540 274 677 339 202
1532 290 1935 339 Arminius,

536 458 979 521 accusativum
1036 477 1258 542 regere
1304 455 1506 521 soleat
1526 504 1541 534 ‚
1593 460 1802 521 nescio
1849 478 1929 522 an
1977 456 2150 521 κατὰ
2197 456 2358 521 celet
2403 454 2702 542 copulam
2748 480 2783 519 κ
2803 458 2880 521 αἱ
2895 505 2916 533 ,

536 565 722 627 cuius
772 560 993 647 paullo
1044 562 1264 626 durior
1312 562 1417 627 hic
1466 564 1747 626 omissio.

628 691 691 753 p.
733 668 842 745 44,
870 690 923 733 e.
975 667 1207 738 οὐδενὸς
1248 663 1421 735 ἦττον
1468 668 1810 732 διακεῖσθαι
1836 669 2119 741 σώμασιν
2163 652 2920 747 ἐρρωμενεστέρους.

534 775 750 861 Digna
810 782 979 839 certe
1026 779 1162 839 erat
1210 795 1370 858 quae
1417 774 1745 839 afferretur
1793 772 2352 861 Schweighaiiseri
2399 777 2766 839 coniectura
2823 774 2928 854 ἕρ-

532 881 892 963 ρωμένως
914 930 930 957 ,
982 901 1143 966 quae
1191 882 1355 945 mihi
1402 880 1663 965 quidem
1713 880 1969 971 videtur
2015 883 2368 945 verissima.

625 1009 688 1072 p.
741 985 849 1063 51,
874 988 917 1051 f.
967 986 1071 1051 Sic
1121 986 1478 1072 distingue:
1530 984 1779 1066 εὔχυλα
1831 988 1946 1061 μέν
1997 989 2182 1063 ἐστιν,
2237 986 2620 1066 ὀλιγότροφα
2671 986 2770 1063 δέ,
2818 986 2926 1049 καὶ

532 1093 915 1172 εὐστόμαχα
962 1094 1066 1157 καὶ
1118 1094 1458 1168 εὐέκκριτα.
1512 1092 1722 1157 Officit
1769 1096 1948 1169 enim
1993 1096 2340 1159 sententiae
2391 1096 2627 1159 omissa
2671 1092 2929 1179 virgula

546 1206 694 1285 post
739 1198 1039 1264 voculam
1087 1197 1170 1262 δέ.

622 1326 685 1390 p.
738 1303 845 1381 53,
872 1325 927 1369 a.
1000 1303 1269 1368 Nullam
1336 1304 1525 1369 video
1595 1308 2076 1381 necessitatem,
2149 1326 2264 1369 cur
2335 1326 2485 1370 cum
2559 1304 2930 1369 doctissimo

534 1410 774 1476 editore
823 1409 1150 1476 deleamus
1196 1409 1339 1490 λίθῳ
1386 1414 1454 1474 111
1502 1412 1866 1498 fragmento
1913 1412 2416 1497 Aristophaneo:

1235 1512 1362 1593 ἄγε
1414 1541 1514 1581 νυν
1562 1518 1680 1587 τοὶς
1731 1516 2120 1593 ἀμυγδαλᾶς
2170 1516 2386 1594 λαβὼν

995 1621 1177 1687 τασδὶ
1230 1620 1504 1697 κάταξον
1549 1633 1628 1701 τῇ
1680 1632 1933 1703 κεφαλῇ
1984 1627 2218 1687 σαυτοῦ
2266 1624 2429 1703 λίθῳ.

538 1728 707 1793 Noto
756 1748 881 1793 usu
928 1728 1071 1806 λίθῳ
1120 1728 1365 1793 dictum
1410 1750 1523 1813 pro
1574 1726 1772 1811 ὥσπερ
1821 1730 1986 1809 λίθῳ.

627 1856 689 1920 p.
736 1832 842 1912 55,
869 1855 923 1902 c.
973 1835 1289 1899 Amxmls
1325 1833 1576 1913 locum,
1620 1838 1675 1899 si
1710 1856 1858 1901 vere
1899 1856 2014 1919 pro
2041 1834 2431 1921 glossemate
2453 1835 2682 1900 habuit
2705 1834 2932 1901 Kaibel

536 1941 729 2005 verba
775 1941 945 2018 μετὰ
993 1943 1109 2005 τῶν
1159 1947 1381 2017 κακῶν,
1430 1941 1533 2005 1118
1582 1940 1808 2007 deletis
1856 1940 2028 2006 haud
2076 1944 2290 2025 inepte
2337 1943 2428 2005 sic
2475 1940 2866 2028 expleveris:

2114 2049 2201 2122 1ιῆ
2250 2044 2434 2126 ὥρασι
2483 2049 2517 2110 ’ὑ

807 2148 975 2216 ἵκοιθ’
1026 2153 1054 2217 ὅ
1104 2151 1244 2224 τοὺς
1295 2151 1543 2232 θερμοὺς
1590 2154 1820 2234 φαγών
1869 2162 1936 2234 <,
1987 2148 2154 2224 ὅστις
2203 2155 2344 2217 ποτ’
2395 2148 2535 2233 ἦν),

807 2259 868 2323 ἐν
916 2260 1001 2338 τῷ
1050 2257 1309 2338 προθύρῳ
1358 2259 1442 2323 τὰ
1493 2259 1778 2336 λέμμαθ’
1826 2260 1956 2333 ὁτιὴ
2007 2258 2362 2337 κατέλιπεν,
2411 2260 2538 2323 κτὲ.

626 2388 689 2451 p.
743 2364 850 2442 58,
878 2385 930 2429 c.
997 2363 1292 2443 πρόπομά
1342 2389 1401 2428 τι
1450 2364 1563 2443 πρὸ
1610 2369 1716 2429 τοῦ
1757 2364 1996 2429 δείπνου
2031 2366 2460 2445 περιεφέρετο,
2505 2366 2700 2437 καθὼς
2743 2366 2930 2431 εἷῶθει

534 2474 619 2537 τὸ
667 2478 991 2550 πρῶτον.
1038 2471 1115 2535 Ι11
1163 2473 1283 2536 hoc
1330 2471 1718 2536 Pflnxnom
1768 2470 1844 2535 de
1893 2470 2328 2557 Bithynorum
2374 2492 2527 2558 rege
2577 2470 2728 2537 Zela
2766 2473 2931 2559 fiag-

534 2583 754 2643 mento
818 2580 873 2641 si
922 2597 1074 2641 sana
1118 2584 1270 2640 sunt
1320 2577 1444 2641 duo
1489 2575 1727 2642 ultima
1772 2576 2082 2641 vocabula
2102 2626 2115 2652 ,
2168 2577 2338 2662 quod
2385 2578 2608 2643 dubito
2628 2627 2646 2655 ,
2697 2577 2934 2642 dicitur

532 2706 645 2749 rex
693 2705 806 2769 per
855 2681 1117 2768 aliquod
1163 2688 1421 2768 tempus
1467 2685 1816 2767 pristinum
1864 2684 2034 2747 hunc
2081 2704 2330 2748 morem
2369 2704 2498 2747 non
2535 2685 2925 2748 observasse.

623 2813 686 2875 p.
738 2786 844 2866 ¹79,
872 2810 929 2853 a.
992 2788 1278 2862 δυνάμεις
1338 2789 1387 2852 δ’
1436 2787 1571 2869 ἔχει
1623 2796 1767 2852 τῶν
1821 2788 2073 2868 ὑγρῶν
2121 2791 2444 2859 κολλώδεις
2493 2814 2562 2853 τε
2613 2790 2720 2852 καὶ
2766 2804 2928 2866 γλυ-

530 2897 702 2967 κείας
754 2896 1160 2975 ὑπονιτρώδεις
1212 2919 1282 2959 τε
1334 2896 1462 2959 κτὲ.
1511 2895 1718 2961 Nemo
1769 2898 1881 2980 qui
1930 2898 2299 2961 universam
2346 2897 2734 2961 sententiam
2783 2895 2932 2959 dili-

530 3009 759 3091 genter
820 3005 1317 3080 examinaverit,
1380 3003 1642 3088 negabit
1687 3002 1878 3067 verba
1925 3008 2041 3065 τῶν
2091 3002 2282 3081 ὑγρῶν
2332 3000 2707 3086 glossatoris
2755 3022 2894 3067 esse
2913 3050 2929 3078 ‚

534 3132 663 3176 non
710 3110 1081 3174 Pmomss.
2155 3182 2162 3188 .

623 3238 685 3301 p.
740 3214 848 3292 80,
878 3215 937 3279 d.
1004 3215 1487 3293 Ἡγησιάνακτα
1531 3217 1682 3291 γοῦν
1731 3213 1830 3278 τὸν
1879 3211 2295 3291 ’Λλεξανδρέα
2341 3214 2444 3277 τὸν
2491 3213 2608 3281 τοὶς
2660 3214 2931 3294 ἱστορίας

530 3320 877 3401 γράψαντα
944 3322 1085 3383 κατ’
1152 3320 1358 3398 ἀρχὰς
1424 3318 1568 3383 ὄντα
1623 3318 1860 3393 πένητα
1911 3319 2016 3382 καὶ
2067 3316 2379 3397 τραγῳδόν
2426 3328 2581 3397 Φησι
2634 3320 2927 3398 γενέσθαι

533 3426 928 3506 (Demetrius
991 3424 1402 3510 Scepsiensis)
1466 3426 1571 3489 καὶ
1629 3424 2005 3503 ὑποκριτικὸν
2053 3424 2158 3488 κα)
2207 3422 2451 3503 εὔηχον,
2501 3428 2928 3493 ὀκτωκαίδεκα

533 3530 640 3607 ἔτη
689 3532 887 3596 σύκων
938 3532 1024 3606 μὴ
1072 3532 1484 3607 γευσάμενον.
1529 3529 1804 3595 Ν11Π11111
1840 3530 2227 3595 vocabulum
2263 3533 2332 3595 in
2374 3531 2475 3595 his
2503 3531 2932 3617 depravatum

534 3644 665 3715 est,
708 3638 816 3701 sed
857 3637 1028 3714 hiat,
1073 3640 1199 3701 nisi
1236 3636 1439 3715 fallor,
1481 3639 1686 3701 oratio
1729 3642 1872 3721 post
1897 3635 2202 3713 γενέσθαι.
2254 3635 2521 3700 Dixerat
2544 3637 2932 3703 Dlffln‘rmus

530 3745 1067 3830 Hegesianactem
1112 3742 1579 3808 adolescentem
1619 3745 1790 3821 (κατ’
1835 3743 2065 3820 ἀρχὰς.
2115 3740 2212 3807 Of.
2257 3740 2326 3819 ἐξ
2367 3747 2567 3821 ἀρχῆς
2609 3765 2674 3828 p.
2706 3741 2816 3819 90,
2846 3745 2932 3825 f),

532 3856 877 3934 antequam
920 3847 1223 3913 historias
1275 3870 1420 3913 suas
1468 3847 1797 3924 conderet,
1849 3852 2222 3932 paupertate
2271 3847 2682 3932 compulsum
2720 3854 2931 3914 artem

528 3956 969 4019 histrionicam
1017 3958 1371 4019 exercuisse
1396 4004 1411 4033 ,
1452 3958 1519 4019 in
1559 3974 1682 4040 qua
1724 3974 1874 4018 cum
1912 3958 2171 4037 propter
2211 3956 2387 4017 vocis
2428 3956 2668 4018 vitium
2693 3974 2930 4039 parum

528 4058 891 4145 proficeret,
961 4081 1073 4143 per
1117 4059 1391 4147 longum
1438 4068 1695 4145 tempus
1743 4082 1779 4123 a
1827 4058 1960 4122 ficis
2010 4058 2393 4131 abstinuisse
2443 4066 2509 4125 et
2561 4062 2652 4124 sic
2701 4082 2929 4126 vocem

522 4167 647 4231 sibi
722 4185 1117 4250 comparasse
1169 4188 1467 4232 sonoram
1513 4166 1593 4232 ad
1643 4165 2091 4253 agendumque
2141 4166 2458 4231 idoneam.
2510 4165 2680 4230 Fieri
2729 4170 2930 4233 etiam

526 4275 740 4358 potest
822 4276 899 4333 ut
968 4274 1353 4356 epitomator
1424 4273 1740 4338 Athenaei
1808 4271 2126 4337 Demetrii
2199 4271 2420 4337 locum
2489 4274 2708 4339 minus
2782 4281 2929 4359 apte

534 4378 1120 4464 compendefecerit.
