3192 5009
474 238 605 305 140
1477 258 1826 306 sommus.-

469 446 756 490 sermone
817 426 1043 490 evanui
1052 430 1223 490 ssent
1240 473 1256 503 ‚
1320 428 1455 491 sine
1509 424 1926 511 explicatione
1973 426 2051 491 ab
2099 425 2498 492 auditoribus
2541 423 2828 510 intellegi

470 553 596 597 non
656 552 836 617 posse
895 532 1225 597 sentiebat.
1288 530 1431 617 Ipse
1493 553 1643 598 vero
1703 538 1921 618 poeta,
1969 554 2160 617 quem
2206 554 2430 598 11111888
2473 535 2688 599 omnia
2730 531 2830 595 do-

467 643 768 714 cuerunt,
817 639 929 722 qui
973 643 1038 703 et
1082 638 1347 703 deorum
1392 637 1656 703 consilia
1699 640 1881 703 novit
1924 644 1989 703 et
2025 638 2365 704 hominum
2403 645 2681 715 mentes,
2723 638 2830 723 (1111

466 764 567 808 res
628 749 773 808 ante
834 742 1045 808 multa
1107 744 1355 809 saecula
1414 752 1630 832 gestas
1675 764 1962 811 enarrare
2007 752 2220 831 potest
2265 751 2330 811 et
2371 748 2546 810 viros
2591 743 2828 809 dudum

465 853 603 915 vita
660 849 906 915 functos
970 849 1313 937 depingere
1334 900 1351 928 ,
1416 854 1613 917 etiam
1671 854 2095 916 intermortua
2147 850 2260 916 illa
2305 851 2616 917 vocabula
2657 852 2830 915 novit

464 961 529 1022 et
589 958 890 1041 perspicit
906 1004 923 1033 ,
994 962 1059 1021 et
1121 960 1367 1041 quoties
1431 957 1557 1024 tale
1617 957 1960 1023 verbulum
2019 960 2089 1023 in
2151 979 2220 1023 os
2273 961 2332 1023 ei
2379 960 2592 1039 venit,
2643 954 2832 1022 simul

464 1060 757 1149 Olympii
812 1064 883 1126 in
944 1082 1165 1128 aurem
1224 1066 1284 1128 ei
1345 1066 1748 1129 insusurrant
1812 1063 1964 1149 quid
2024 1063 2237 1130 valeat
2297 1086 2422 1129 vox
2469 1063 2729 1130 insolita
2769 1068 2832 1128 et

464 1169 780 1255 quomodo
847 1171 932 1232 sit
992 1168 1305 1234 reddenda
1322 1218 1339 1247 ,
1401 1176 1479 1234 ut
1537 1172 1676 1235 eius
1735 1172 1876 1234 vim
1934 1173 2256 1257 percipere
2314 1172 2514 1256 possit
2575 1173 2838 1235 circum·

462 1281 635 1341 stans
704 1295 948 1340 corona.
1019 1274 1095 1339 Id
1155 1277 1363 1361 igitur
1423 1279 1783 1362 praemittit
1801 1325 1818 1354 ,
1878 1276 2102 1342 deinde
2161 1298 2314 1343 vero
2381 1276 2576 1342 adicit
2620 1280 2835 1362 ipsum

463 1380 850 1447 vocabulum
911 1383 1195 1466 priscum
1258 1388 1321 1447 et
1369 1385 1710 1449 vetustatis
1759 1385 2062 1470 aerugine
2109 1383 2445 1462 decorum;
2504 1382 2682 1447 addit
2723 1382 2842 1446 hoc

467 1491 821 1555 ornamenti
867 1492 1121 1552 tantum
1161 1508 1349 1553 causa
1364 1537 1381 1566 ,
1424 1488 1968 1574 quemadmodum
2008 1489 2336 1555 cumulare
2377 1488 2540 1555 solet
2561 1489 2846 1574 epitheta

467 1595 759 1671 obscura,
808 1614 968 1679 quae
1014 1597 1363 1659 sententiae
1408 1592 1571 1660 nihil
1621 1596 1854 1660 addant
1900 1600 2152 1681 praeter
2199 1595 2482 1681 pondus,
2533 1616 2658 1681 quo
2701 1614 2848 1682 gra-

468 1704 609 1767 vior
651 1705 716 1765 et
762 1702 1159 1766 numerosior
1208 1701 1288 1765 ad
1336 1721 1518 1766 aures
1564 1704 1782 1767 veniat
1826 1722 2068 1767 versus.

558 1806 697 1872 Hoc
743 1808 798 1871 si
846 1811 1137 1871 tenemus
1154 1855 1169 1883 ‚
1237 1806 1432 1871 simul
1485 1811 1749 1892 apparet
1794 1807 1947 1892 quid
1996 1807 2073 1872 de
2120 1806 2263 1871 aliis
2311 1806 2695 1893 quibusdam
2741 1827 2853 1871 no-

466 1913 749 1979 minibus
796 1915 881 1977 sit
928 1912 1339 1977 statuendum
1356 1963 1373 1991 ‚
1415 1934 1575 1999 quae
1613 1913 1766 1980 licet
1803 1935 1928 1979 non
1955 1935 1988 1978 8
2013 1914 2278 1979 deorum
2301 1913 2530 2001 ling-ua
2553 1913 2853 1978 desumta

467 2040 603 2086 8888
665 2018 975 2096 dicantur,
1036 2018 1163 2084 huc
1214 2024 1425 2085 tamen
1474 2041 1671 2105 quam
1715 2023 1995 2085 maxime
2045 2020 2306 2085 faciunt.
2378 2018 2538 2086 Dico
2587 2020 2852 2084 nomina.

467 2126 746 2213 duplicia
810 2122 1216 2200 Ῥαστυεοίναξ
1287 2164 1373 2175 —
1447 2126 1907 2205 Σκαμάνδριος,
1990 2126 2384 2206 Ἀλέξανδρος
2458 2165 2544 2175 -
2617 2126 2850 2203 Πάρις,

468 2254 741 2319 quorum
788 2232 987 2298 altera
1032 2253 1110 2297 ex
1157 2234 1649 2297 vestustissimis
1697 2234 1946 2319 mythis
2007 2231 2302 2297 desumta
2364 2238 2516 2297 sunt
2532 2281 2548 2310 ,
2610 2230 2810 2297 altera
2831 2280 2850 2307 ‚

466 2342 777 2423 Astyanax
822 2343 887 2403 et
934 2338 1296 2415 Alemandem
1346 2342 1412 2402 in
1459 2340 1662 2422 ipsius
1709 2341 1878 2403 vatis
1923 2359 2029 2404 ore
2075 2346 2242 2403 nata.
2309 2332 2647 2403 Aberravit
2691 2357 2852 2401 vero

467 2467 504 2511 a
574 2452 867 2511 veterum
936 2450 1271 2510 cantorum
1331 2447 1575 2510 ratione
1637 2466 1775 2511 sero
1837 2451 2026 2510 natus
2072 2446 2266 2511 homo
2285 2495 2300 2523 ‚
2351 2448 2639 2532 quisquis
2683 2444 2810 2508 fuit
2829 2491 2850 2520 ‚

468 2554 580 2638 qui
640 2577 675 2616 κ
719 2550 849 2616 305
908 2551 1187 2617 radicem
1246 2549 1429 2615 illam
1448 2600 1465 2628 ,
1532 2553 1716 2615 cuius
1779 2554 1878 2615 vis
1941 2550 2200 2617 Ulixem
2261 2572 2298 2617 a
2344 2549 2556 2619 Circes
2603 2550 2852 2615 artibus

474 2663 690 2724 tutum
734 2657 1041 2735 reddidit,
1092 2658 1194 2722 his
1239 2657 1451 2721 verbis
1498 2657 1898 2743 desig-navit:

739 2768 916 2838 μῶλυ
964 2762 1027 2826 δέ
1075 2786 1181 2836 μιν
1228 2760 1510 2826 καλέουσι
1562 2762 1716 2827 θεοί·
1769 2761 2060 2842 χαλεπὸν
2105 2762 2169 2827 δέ
2218 2760 2278 2825 τ’
2329 2762 2617 2841 ὀρύσσειν.

558 2870 700 2935 Ν181
762 2870 1019 2956 egregie
1060 2866 1265 2945 fallor,
1312 2869 1706 2933 imitatorem
1753 2868 1858 2933 hic
1905 2875 2197 2934 tenemus
2236 2870 2652 2934 manifestum
2667 2918 2684 2946 ,
2737 2873 2854 2954 (1111

469 2975 625 3040 (111111
671 2980 967 3039 veterum
1014 2980 1241 3038 vatum
1286 2994 1481 3039 usum
1528 2975 1708 3059 sequi
1755 2977 2034 3058 conatur,
2084 2973 2346 3062 linguae
2395 2974 2854 3061 Olympiorum

468 3082 694 3147 tribuit
754 3079 1050 3145 voculam
1108 3082 1401 3166 ignotam
1466 3085 1531 3145 et
1594 3080 1963 3157 obscuram,
2037 3084 2220 3166 quasi
2281 3080 2359 3146 de
2408 3082 2654 3145 πάντων
2697 3080 2856 3159 βαρ-

469 3187 853 3266 βαρωτάτοις
896 3186 1035 3251 θεῶν
1075 3184 1463 3271 loqueretur,
1504 3189 1573 3250 in
1620 3183 1927 3251 Triballia
1973 3208 2100 3253 non
2146 3190 2213 3252 in
2259 3187 2596 3253 Musarum
2642 3191 2858 3274 patria

469 3293 926 3359 habitantibus.
978 3292 1419 3389 'simillimum
1474 3312 1754 3359 errorem
1801 3297 2128 3359 commisit
2175 3293 2568 3359 Philoxenus
2615 3291 2860 3381 Gythe-

468 3403 604 3464 rius
662 3402 731 3463 in
791 3400 1123 3463 notissimo
1182 3400 1459 3463 carmine
1479 3447 1494 3476 ,
1560 3400 1667 3463 cui
1713 3399 1944 3463 titulus
1991 3405 2126 3464 erat
2174 3406 2454 3478 Δεῖπνον,
2504 3399 2856 3465 dictionem

472 3509 715 3592 epicam
762 3504 1131 3570 traducens:

700 3610 1033 3691 πορθμίδας
1080 3616 1320 3675 πολλῶν
1365 3610 1617 3688 ἀγαθῶν
1665 3608 1858 3675 πάλιν
1904 3610 2183 3691 εἴσφερον
2228 3611 2586 3689 γεμούσας,

700 3717 815 3787 τὰς
866 3717 1157 3793 ἐφήμεροι
1204 3718 1483 3782 καλέοντι
1531 3712 1876 3796 τραπέζας,

698 3822 990 3887 ἀθάνατοι
1040 3821 1103 3887 δέ
1150 3820 1211 3885 τ’
1267 3822 1656 3901 Ἀμαλθείας
1707 3819 1908 3899 κέρας.

471 3930 614 3996 vid.
664 3931 896 3997 Athen.
946 3924 1098 3995 xlv
1123 3927 1340 4015 642f.
