3192 5009
1308 348 1657 397 nonnos.
2537 319 2665 391 137

392 514 493 580 Ad
558 522 609 579 Φ
642 513 773 580 319
821 536 945 581 vox
995 514 1253 597 χέραδος
1302 514 1668 581 illustratur
1711 514 1855 582 loco
1902 536 1980 580 ex
2025 512 2256 579 Alcaeo
2302 511 2667 597 depromto:

564 619 821 698 οίδημαν
865 620 1125 704 χέραδος
1178 623 1265 698 ab
1313 620 1567 699 βεβαὼς
1619 620 1954 699 ἐργάσιμον
2001 621 2159 684 λίθον

556 736 736 800 κινεῖς
786 730 890 793 καὶ
939 730 1095 799 κενὶς
1144 724 1217 799 ὣς
1266 728 1384 795 τὰν
1432 728 1727 806 κεφαλὰν
1774 726 2098 807 ἀργαλέαν
2144 724 2298 805 ἔχοι.

386 830 570 898 Nihil
611 837 681 899 in
726 837 825 901 his
872 836 1147 901 tenebris
1195 835 1381 901 video
1398 884 1415 913 ‚
1464 837 1590 900 nisi
1640 834 1810 920 quod
1857 858 1959 898 κεν
1999 832 2138 903 ἴσως
2160 829 2510 919 legendum
2531 848 2667 893 esse

294 956 373 1001 ex
422 942 707 1024 optativo
754 938 887 1021 ἔχοι
937 941 1177 1021 efficio;
1228 942 1359 1005 vid.
1408 962 1602 1027 supra
1647 963 1710 1027 p.
1760 938 1866 1006 98.
1915 939 2180 1005 Frustra
2222 936 2465 1003 contuli
2499 934 2668 1000 locu-

290 1046 537 1111 tionem
596 1046 815 1113 Alcaei
873 1049 951 1113 ab
1012 1047 1349 1113 Eustathio
1410 1048 1507 1112 bis
1556 1046 1708 1124 633,
1737 1046 1819 1112 61
1869 1052 1935 1112 et
1984 1042 2179 1123 1397,
2207 1044 2293 1109 32
2338 1043 2666 1109 laudatam

288 1149 394 1214 τὸν
442 1152 555 1215 ἀπ’
602 1154 731 1231 ίραι,
781 1153 943 1218 λίθον
989 1161 1170 1218 κινεῖν
1234 1176 1452 1219 omnem
1511 1153 1776 1236 lapidem
1833 1174 2060 1217 movere
2113 1151 2216 1231 (fr.
2263 1149 2348 1215 81
2399 1148 2660 1237 Bergk).

290 1254 575 1323 'l'andem
620 1262 899 1325 tentavi:

563 1358 608 1429 ἆ
656 1366 828 1444 δείλ’,
876 1366 955 1431 ἂν
1000 1365 1258 1447 χέραδος
1308 1368 1399 1443 μὴ
1452 1364 1708 1443 βεβαὼς
1759 1364 2096 1443 ἐργάσιμον
2141 1365 2303 1429 λίθον

563 1471 741 1536 κίνει·
789 1476 897 1538 καί
941 1496 1042 1538 κεν
1091 1472 1229 1543 ἴσως
1278 1474 1395 1538 τὰν
1440 1472 1733 1548 κεφαλὰν
1778 1470 2106 1551 ἀργαλέαν
2143 1470 2432 1548 ἓχοκς).

285 1596 397 1639 vae
442 1576 637 1655 miser,
685 1601 959 1659 maynum
1006 1579 1269 1662 lapidem
1314 1600 1541 1643 movere
1582 1601 1659 1642 ne
1704 1600 1914 1642 coma-e
1959 1579 2099 1641 dm
2142 1575 2210 1639 in
2260 1576 2475 1657 ,οἶαι-θα
2533 1597 2664 1639 con-

282 1680 453 1745 ei-m's
466 1711 495 1757 ,·
524 1685 806 1768 fortasse
852 1686 1029 1749 etiam
1074 1692 1257 1769 caput
1304 1684 1414 1749 tibi
1454 1686 1695 1749 dolebit.
1737 1683 1860 1749 Sed
1898 1684 1996 1749 fac
2031 1703 2260 1748 verum
2281 1703 2386 1747 me
2405 1682 2664 1759 vidisse,

282 1788 543 1854 concedi
588 1790 839 1856 debebit
892 1812 1149 1876 prorsus
1196 1812 1309 1857 nos
1357 1789 1555 1857 latere
1605 1792 1685 1855 ad
1732 1812 1926 1876 quem
1973 1789 2126 1855 haec
2171 1792 2301 1853 sint
2346 1788 2514 1854 dicta
2558 1787 2666 1854 vel

281 1916 589 1981 quorsum
634 1904 938 1983 spectent.

374 2001 650 2067 Additur
708 2004 905 2069 fuisse
964 2007 1075 2089 qui
1138 2000 1279 2073 ἅλις
1342 2002 1640 2085 σχέραδος
1705 2003 1876 2089 apud
1937 2002 2298 2067 Homerum
2340 2000 2662 2089 legerent,

282 2107 447 2173 hanc
491 2105 831 2175 lectionem
876 2109 1391 2175 commendantes
1441 2109 1870 2195 Euphorionis
1917 2112 1980 2173 ἐν
2029 2110 2226 2188 Θρᾳκί
2269 2128 2495 2173 versu:

644 2214 889 2290 τύμβος
933 2217 1049 2283 ὑπὸ
1098 2224 1375 2287 κνημοῖσι
1426 2216 1883 2295 πολυσχεράδος
1931 2214 2260 2292 Μυκόνοιο,

283 2318 395 2385 sed
462 2318 928 2406 Apollodorum
994 2322 1390 2389 contendisse
1464 2322 1633 2407 apud
1697 2322 2174 2406 Euphorionem
2230 2318 2394 2385 illud
2453 2323 2665 2408 sigma

286 2426 637 2504 abundare,
686 2429 946 2513 perinde
994 2436 1183 2515 atque
1234 2428 1578 2515 Sophocles
1623 2430 1808 2493 initio
1856 2428 2208 2505 Λαρισαίων
2254 2426 2531 2492 dederit:

644 2532 933 2613 Λάρισσα
978 2537 1179 2613 μήτηρ
1227 2536 1568 2617 αροσγόνων
1619 2533 2041 2613 Πελασγιδῶν,

282 2638 421 2704 ἀντὶ
470 2642 578 2703 τοῦ
625 2642 951 2719 προγόνων.

374 2745 469 2812 De
510 2745 912 2832 Euphorione
949 2748 1259 2835 quidlibet
1298 2748 1547 2814 credere
1584 2752 1843 2833 paratus
1881 2769 2028 2814 sum
2044 2795 2062 2825 ,
2105 2746 2214 2813 sed
2249 2751 2317 2811 in
2339 2768 2531 2812 versu
2555 2745 2664 2813 So-

280 2851 544 2939 phocleo
584 2853 843 2919 foedum
879 2854 1045 2919 illud
1081 2858 1323 2920 vitium
1345 2875 1700 2940 numquam
1724 2854 1956 2932 feram:
1983 2853 2318 2919 dederatne
2339 2856 2658 2940 tragicus:

645 2960 893 3037 Λάρισα
938 2960 1141 3035 μήτηρ
1190 2959 1575 3041 προσΠόΛων
1623 2956 2072 3037 Πελασγίδωνῗ

374 3063 813 3144 Femininum,
860 3089 985 3133 non
1032 3067 1465 3134 masculinum
1484 3116 1500 3145 ,
1550 3088 1686 3132 esse
1735 3065 2160 3145 Πελασγιδων,
2211 3088 2398 3132 nemo
2437 3069 2662 3153 opinor

279 3170 645 3236 admonitus
691 3174 969 3259 negabit.
1021 3172 1091 3238 Si
1135 3172 1569 3239 masculinum
1611 3175 1958 3259 requiritur
1979 3176 2462 3261 —ignoramus
2485 3178 2660 3239 enim

280 3283 655 3343 contextum
696 3318 803 3356 —-‚
854 3287 1276 3358 ΠελασγιΚῶν
1324 3280 1799 3346 rescribendum
1845 3286 1961 3345 est.
2011 3279 2124 3345 Sin
2171 3287 2377 3345 certae
2427 3280 2662 3345 ducun-

280 3390 390 3448 tur
448 3382 699 3451 litterae
760 3394 923 3464 ΓοΝ,
986 3392 1274 3473 superest
1336 3391 1412 3451 ut
1474 3406 1511 3451 a
1568 3406 1724 3451 voce
1771 3386 1957 3464 γοναί
2001 3392 2355 3472 repetentes
2401 3406 2660 3452 versum

276 3492 375 3555 ita
421 3489 926 3578 distinguamus:

644 3598 891 3676 Λάρισα
937 3600 1172 3678 μήτηρ,
1223 3601 1366 3679 πρὸς
1412 3605 1602 3677 γονῶν
1651 3598 2147 3676 Πελασγίδων..
2177 3649 2231 3679 .,

279 3706 375 3769 ita
419 3708 495 3768 ut
539 3704 853 3789 particula
898 3709 1154 3770 tantum
1201 3704 1354 3771 haec
1402 3707 1489 3770 sit
1535 3706 1903 3771 sententiae.

376 3884 665 3973 Denique
709 3887 786 3953 ad
839 3896 890 3952 Φ
926 3886 1057 3953 483
1104 3888 1321 3954 Alcaei
1366 3888 1443 3955 de
1490 3887 1696 3954 Diana
1741 3889 1938 3955 verba
1983 3892 2294 3956 citantur:

958 3995 1047 4069 μὶν
1092 3994 1275 4073 Φόνος
1323 3996 1593 4076 κέχύται
1641 4002 1964 4073 γυναικῶν.

373 4176 599 4242 Plures
643 4182 979 4263 poetarum
1020 4177 1321 4243 versiculi
1368 4200 1493 4243 non
1532 4178 1882 4257 afferuntur
1898 4229 1915 4258 ,
1953 4182 2080 4245 nisi
2116 4178 2270 4266 quid
2306 4203 2412 4247 me
2451 4182 2654 4269 fugit3

281 4285 851 4371 grammaticorum
899 4288 1118 4348 autem
1166 4283 1566 4370 aliorumque
1614 4288 1998 4371 scriptorum
2041 4287 2435 4375 pedestrium
2486 4288 2656 4357 locos

284 4390 602 4461 excribere
648 4388 1039 4478 supersedeo
