3192 5009
169 838 371 905 Adelph.
411 840 490 888 88.

562 217 648 284 60
1569 237 1941 286 manumve.

558 402 1013 469 Dziatzkonem
1059 425 1254 489 pravo
1299 404 1535 471 iudicio
1576 426 1681 471 eas
1720 408 2031 492 sprevisse
2070 411 2351 471 statuam
2380 444 2459 455 —
2484 407 2603 472 hoc
2622 408 2755 471 iam
2778 410 2933 471 satis

559 515 844 577 constare
906 511 1181 590 videtur,
1245 511 1414 598 apud
1473 511 1849 577 Terentium
1895 534 2143 599 quoque
2190 513 2708 579 membranarum
2755 517 2935 597 quot-

562 621 716 703 quot
777 623 1028 682 exstant
1084 638 1458 683 consensum
1507 618 1968 704 impedimento
2014 640 2148 685 esse
2193 641 2317 685 non
2362 640 2545 705 posse
2592 620 2935 705 quominus

558 724 625 785 in
661 721 818 787 locis
858 728 1072 808 aperte
1110 726 1428 809 corruptis
1467 746 1653 789 verae
1691 722 1991 791 lectiones
2014 726 2420 791 coniectando
2442 727 2933 811 investigentur.

560 826 782 913 Neque
845 831 1186 914 quisquam
1247 829 1430 895 credo
1493 830 1572 895 ad
1617 852 1875 895 versum
1927 829 2094 895 33¹¹¹¹¹
2134 829 2606 916 Adelphorum,
2654 828 2854 895 semel
2898 848 2937 893 a

559 932 943 1000 Dziatzkone
1004 937 1286 1000 monitus
1339 936 1532 1000 verba
1579 943 1695 1001 lete
1740 936 1935 999 amari
1982 938 2141 1001 vitio
2188 935 2472 1001 laborare
2490 984 2507 1013 ,
2554 934 2787 1000 idcirco
2834 933 2937 999 de-

555 1039 771 1105 fendet
838 1041 1006 1127 quod
1074 1041 1318 1107 codices
1376 1045 1445 1106 in
1509 1064 1582 1107 ea
1642 1041 1915 1108 lectione
1978 1041 2249 1107 absurda
2307 1044 2686 1127 conspirant.
2734 1040 2936 1105 Micio

557 1168 746 1213 senex
795 1146 913 1211 filii
960 1148 1250 1235 adoptivi
1295 1148 1371 1214 de
1419 1154 1603 1214 nocte
1652 1151 1954 1214 cessantis
2001 1148 2282 1214 reditum
2328 1150 2659 1235 opperiens
2706 1146 2940 1211 sollici-

555 1252 849 1319 tudinem
887 1256 1089 1319 animi
1123 1258 1263 1319 ioco
1280 1305 1294 1329 ‚
1335 1260 1411 1320 ut
1449 1254 1522 1320 fit
1539 1303 1555 1332 ‚
1596 1254 1764 1320 fallit
1800 1255 2170 1341 dictumque
2207 1254 2429 1320 laudat
2465 1252 2767 1340 populare
2808 1274 2935 1338 quo

558 1361 741 1424 aiunt
786 1363 1056 1424 cessanti
1099 1360 1348 1425 homini
1391 1359 1626 1426 melius
1667 1382 1802 1426 esse
1850 1381 1925 1426 ea
1970 1364 2221 1426 evenire
2270 1381 2430 1447 quae
2467 1362 2631 1425 irata
2666 1379 2829 1423 uxor
2866 1360 2937 1422 in

558 1485 710 1531 eum
755 1464 922 1530 dicat
967 1486 1161 1551 quam
1209 1487 1368 1551 quae
1415 1472 1707 1551 parentes
1755 1468 2051 1554 propitii:

827 1569 1026 1649 Uxor,
1075 1574 1130 1635 si
1175 1592 1410 1650 cesses,
1460 1577 1573 1637 aut
1618 1578 1682 1638 te
1730 1592 1943 1637 amare
1992 1574 2236 1659 cogitat

827 1676 962 1740 Aut
1007 1681 1137 1742 tete
1186 1680 1388 1743 amari
1434 1683 1549 1743 aut
1593 1682 1811 1763 potare
1857 1684 2047 1764 atque
2094 1680 2306 1743 animo
2351 1677 2633 1763 obsequi.

560 1782 743 1863 Quod
805 1783 958 1868 quid
1019 1784 1334 1870 significet
1379 1789 1677 1869 apertum
1722 1789 1837 1849 est.
1888 1785 2205 1849 Maritum
2252 1784 2520 1849 domum
2562 1782 2768 1849 redire
2815 1802 2946 1847 ees-

559 1895 808 1955 santem
877 1892 1139 1954 scortari
1205 1898 1318 1955 aut
1386 1895 1605 1976 potare
1670 1893 2027 1977 suspicatur
2091 1890 2225 1956 sola
2286 1889 2509 1955 relicta
2570 1911 2751 1955 uxor.
2817 1887 2945 1953 Sed

559 1999 714 2062 haec
761 1996 888 2061 duo
935 1998 1094 2061 vitia
1139 2018 1265 2061 non
1313 1996 1673 2062 sufficiunt:
1720 1997 1976 2062 additur
2015 1999 2187 2062 enim
2231 1999 2533 2074 tertium,
2576 2002 2641 2061 et
2679 1995 2944 2081 quidem

558 2104 853 2187 ineptum
923 2102 1244 2187 quiddam.
1315 2102 1689 2168 Ridiculum
1750 2108 1848 2168 est
1916 2105 2119 2169 immo
2190 2102 2446 2167 fatuum
2462 2150 2479 2179 ,
2541 2122 2810 2167 uxorem
2869 2104 2943 2166 in

558 2210 727 2274 hunc
783 2208 1052 2273 modum
1112 2211 1283 2273 intra
1345 2230 1410 2274 se
1469 2212 1785 2295 cogitare:
1849 2230 2035 2273 meus
2080 2210 2353 2273 maritus
2398 2213 2569 2273 certo
2614 2208 2944 2295 flagitium

560 2317 941 2393 committit,
1007 2336 1236 2379 verum
1297 2315 1372 2380 de
1417 2316 1538 2381 hac
1582 2336 1651 2379 re
1697 2318 1938 2379 incerta
1984 2335 2131 2379 sum
2172 2317 2391 2401 ipsene
2441 2322 2612 2381 amet
2658 2321 2946 2381 scortum

560 2441 638 2486 an
701 2426 953 2485 ametur
1015 2420 1093 2485 ab
1155 2423 1378 2485 amica.
1449 2420 1628 2485 Adde
1699 2420 1866 2505 quod
1927 2422 2323 2505 pronominis
2386 2426 2502 2483 tete
2547 2419 2946 2505 emphaticae

561 2526 801 2592 formae
846 2528 1010 2591 ratio
1059 2546 1378 2611 nusquam
1424 2531 1767 2612 comparet.
1824 2524 2056 2590 Donati
2104 2528 2598 2591 commentarius
2646 2526 2724 2590 ad
2770 2526 2945 2591 hunc

559 2631 776 2697 locum
836 2630 1000 2695 nihil
1062 2630 1238 2696 aliud
1297 2653 1413 2696 nos
1475 2632 1693 2708 docet,
1757 2633 1881 2696 nisi
1942 2634 2162 2715 ipsum
2224 2633 2356 2695 iam
2404 2636 2701 2719 corrupta
2747 2632 2947 2698 verba

560 2737 825 2825 legisse;
868 2757 942 2802 00
981 2757 1140 2823 quae
1179 2742 1442 2802 annotat
1457 2785 1474 2815 ,
1515 2758 1729 2802 merae
1768 2742 1919 2801 sunt
1943 2736 2461 2823 magistellorum
2486 2758 2717 2825 nugae.
2764 2738 2943 2825 Ergo

562 2844 870 2909 mendum
929 2844 1185 2908 videtur
1242 2846 1447 2909 inesse
1491 2846 1555 2907 in
1606 2842 1868 2908 vocibus
1914 2850 2029 2907 tete
2076 2844 2271 2906 amari
2288 2878 2319 2921 ,·
2354 2845 2585 2930 quibus
2634 2843 2941 2911 Dziatzko

563 2953 796 3015 merito
843 2971 1096 3015 crucem
1141 2952 1526 3035 praeposuit.

655 3054 822 3136 Quid
865 3077 1018 3121 vero
1059 3061 1246 3142 poeta
1289 3057 1613 3141 scripserit
1630 3104 1647 3133 ,
1696 3054 1959 3120 fortasse
2006 3054 2391 3141 deprehendi
2435 3061 2665 3142 potest.
2714 3056 2949 3123 Arche-

564 3170 762 3249 typus
823 3161 1056 3227 litteris
1116 3161 1492 3248 capitalibus
1554 3168 1849 3227 exaratus
1892 3161 2270 3226 mendosum
2317 3160 2483 3226 illud
2532 3180 2691 3227 'mvn
2738 3180 2949 3228 mm

563 3290 813 3334 necesse
873 3276 970 3334 est
1029 3272 1162 3333 iam
1221 3269 1516 3334 habuerit
1531 3290 1548 3348 ;
1612 3288 1762 3332 nam
1826 3274 1890 3333 et
1951 3267 2302 3333 Bembinus
2362 3267 2554 3332 habet
2602 3274 2667 3333 et
2712 3267 2950 3354 reliqui

565 3395 801 3441 omnes.
851 3373 1036 3454 Quid,
1085 3377 1141 3439 si
1188 3380 1405 3439 ortum
1451 3378 1537 3439 sit
1580 3394 1660 3439 ex
1705 3377 1987 3460 genuino
2027 3370 2396 3439 numm?
2446 3373 2774 3460 Scriptura
2816 3375 2950 3462 pal-

563 3482 696 3547 lida
740 3477 997 3543 librario
1045 3500 1268 3563 parum
1320 3485 1564 3544 attento
1614 3482 1827 3544 animo
1874 3479 2056 3545 facile
2104 3479 2394 3545 fraudem
2443 3480 2646 3545 facere
2694 3486 2949 3566 poterat

566 3592 642 3651 ut
702 3607 815 3672 pro
861 3584 1128 3648 helluari
1173 3584 1481 3649 vocabulo
1527 3588 1745 3650 minus
1791 3587 2028 3650 usitato
2076 3591 2141 3651 et
2190 3586 2325 3651 stili
2372 3585 2781 3674 elegantioris
2823 3588 2949 3653 sibi

565 3692 778 3757 videre
823 3691 1148 3756 videretur
1189 3690 1256 3756 id
1296 3691 1464 3776 quod
1502 3690 1689 3756 hodie
1728 3691 2191 3757 circumfertur.
2236 3691 2403 3772 Quid
2443 3696 2529 3757 sit
2558 3692 2945 3772 „helluari”,

566 3801 708 3885 quis
752 3802 919 3863 reete
968 3797 1272 3875 „helluo”
1320 3797 1679 3884 appelletur
1725 3795 1973 3863 Gellius
2019 3798 2202 3864 docet
2242 3798 2349 3875 VI,
2400 3798 2503 3876 16,
2538 3799 2569 3863 1
2616 3800 2713 3864 M.
2756 3800 2946 3865 Varro

569 3906 639 3968 iu
682 3911 890 3967 satura
935 3926 1106 3989 quam
1151 3903 1282 3982 περὶ
1333 3904 1687 3975 ἐδεσμάτων
1733 3904 2062 3986 inscripsit,
2114 3905 2315 3987 lepido
2361 3906 2671 3968 admodum
2708 3912 2766 3969 el
2802 3905 2949 3970 scite

553 4010 762 4097 faeti-3
797 4011 1058 4073 versibus
1095 4033 1369 4073 cenarum
1407 4011 1775 4095 ciborumque
1818 4011 2143 4095 exquisitae
2183 4010 2435 4074 delicia-3
2484 4013 2944 4094 comprehendit.

571 4117 731 4179 Nam
765 4116 1060 4199 pleraque
1103 4114 1173 4179 id
1211 4138 1399 4197 yenus
1417 4166 1432 4193 ,
1481 4140 1629 4201 quae
1666 4114 1996 4181 helluones
2040 4115 2148 4178 isti
2194 4122 2357 4179 terra
2400 4123 2458 4179 et
2502 4116 2657 4180 mari
2710 4118 2949 4203 conqui-

571 4228 715 4286 runt
731 4270 747 4299 ,
815 4220 1086 4303 exposuit
1153 4220 1512 4307 inclusitque
1579 4221 1647 4284 iu
1714 4243 1980 4285 numeros
2023 4221 2308 4284 senarios.
2372 4221 2458 4286 Et
2504 4242 2601 4307 cp.
2652 4220 2784 4289 Cic.
2831 4245 2949 4310 pro

573 4326 780 4393 Sestio
831 4326 937 4404 52,
991 4326 1116 4391 lll
1181 4326 1385 4391 Utrum
1447 4350 1550 4409 eqo
1597 4327 1708 4391 tibi
1742 4326 2177 4410 patrimonium
2222 4326 2458 4409 eripui,
2512 4328 2710 4405 Gelli,
2758 4353 2840 4393 au
2886 4337 2953 4395 lu
