3192 5009
1288 253 1509 303 Puro,
2468 237 2599 304 339

344 422 425 489 111
444 425 497 489 b.
544 422 688 488 Sim
734 421 941 505 elapsi
988 421 1221 499 semel,
1269 443 1499 508 nempe
1544 421 1710 487 Xen.
1759 423 1964 489 Anab.
2012 421 2108 488 ΠΙ
2157 423 2220 500 2,
2248 421 2332 488 37
2382 424 2432 487 εἶ
2483 424 2597 499 μὲν

272 527 351 596 οὖν
389 527 529 594 ἄλλο
574 551 667 600 τις
713 529 963 606 βέλτιον
1012 528 1151 612 δρᾷ,
1204 523 1450 597 οὕτως
1499 528 1800 608 ἐχέτω,
1849 531 1901 594 εἰ
1952 529 2012 592 δὲ
2062 531 2148 604 μὴ
2198 529 2326 594 κτὲ.
2374 529 2598 614 Itaque

268 635 549 721 hucusque
606 657 711 698 eea·
772 639 1027 698 tantum
1086 631 1273 716 locos,
1322 632 1626 718 colligere
1674 634 1840 698 mihi
1885 633 2109 712 licuit,
2158 635 2272 699 ubi
2320 656 2448 700 non
2493 655 2600 720 ap-

270 745 413 828 paret
450 741 683 827 ellipsis
702 789 719 818 ,
760 746 981 805 contra
1019 739 1275 820 triqinta
1312 746 1450 817 trec,
1492 740 1607 804 ubi
1647 745 1944 826 apparet,
1987 738 2098 806 sed
2135 743 2202 804 in
2241 740 2600 827 colligendo

268 869 493 936 pergam
534 847 800 932 aliisque
846 852 923 910 ut
966 844 1143 909 idem
1186 845 1421 910 faciant
1468 851 1691 910 auctor
1735 867 1903 910 sum.

336 955 399 1018 P.
445 952 568 1018 583
593 951 665 1020 G.
729 954 839 1017 οὐκ
898 952 1163 1016 ἐναντίον
1224 953 1443 1031 Φαμὲν
1504 951 1710 1026 λύπην
1773 951 1980 1032 ἡδονῇ
2033 951 2136 1016 καὶ
2186 952 2394 1029 μάλα.
2463 954 2598 1018 Οὐκ

264 1057 339 1126 οὖν
391 1059 485 1124 καὶ
544 1059 615 1123 τὸ
676 1061 840 1137 μήτε
901 1059 1147 1137 χαίρειν
1207 1058 1371 1134 μήτε
1416 1062 1742 1124 λυπεῖσθαι
1792 1054 1950 1123 εἶναί
1993 1079 2090 1135 τις
2142 1057 2319 1125 Εἶναι
2369 1060 2598 1136 μέντοι.

268 1163 560 1240 Μεταξὺ
624 1166 854 1230 τούτων
918 1165 1161 1241 άμφοῒν
1207 1163 1283 1226 δν
1330 1163 1541 1244 μέσῳ
1591 1162 1653 1227 ὃν
1701 1166 1974 1246 ἡσυχίαν
2018 1166 2158 1230 τινὰ
2207 1167 2340 1245 περὶ
2390 1171 2598 1231 ταῦτα

267 1279 349 1346 τῆς
391 1277 627 1352 ψνχῆςς
682 1271 717 1345 ἢ
762 1271 885 1351 οὐχ
925 1267 1109 1339 οὕτως
1150 1269 1302 1334 αὐτὸ
1343 1271 1586 1348 abyssu
1635 1268 1872 1348 Οὕτως,
1916 1267 2032 1344 ἥδ’
2059 1267 2144 1344 ὅς.
2192 1272 2600 1338 Alterutrum

264 1381 437 1464 inepte
471 1377 750 1443 abundat
767 1425 783 1454 ,
827 1396 978 1440 nam
1016 1375 1263 1453 μεταξὺ
1306 1381 1372 1440 et
1410 1377 1682 1454 ἐνμέσῳ
1720 1397 1978 1463 prorsus
2017 1377 2191 1442 idem
2216 1379 2595 1464 significant.

264 1483 349 1549 Sic
382 1484 535 1549 infra
578 1483 698 1548 sub
744 1482 833 1560 E,
883 1481 997 1546 ubi
1041 1482 1168 1546 huc
1213 1483 1572 1567 respicitur,
1611 1482 1929 1569 legimus:
1970 1484 2056 1548 Ὃ
2107 1508 2202 1561 με
2224 1484 2428 1561 ταξὺ
2474 1483 2599 1565 ἄρα

264 1593 343 1654 νῦν
378 1589 439 1664 δὴ
477 1589 787 1670 (1.νυνδῆ)
824 1585 1189 1668 άμφοτέρων
1232 1584 1481 1666 ἔφαμεν
1521 1583 1675 1652 εἶναι
1694 1637 1710 1666 ,
1739 1590 1846 1664 τὴν
1891 1590 2158 1668 ἡσυχίαν
2185 1597 2251 1654 et
2273 1611 2334 1676 p.
2365 1589 2496 1654 584
2521 1591 2600 1654 A.

262 1695 335 1760 Τὸ
376 1697 431 1760 δὲ
474 1697 633 1772 μήτε
685 1697 951 1773 λυπηρὸν
1000 1696 1162 1770 μήτε
1211 1691 1319 1765 ἡδὺ
1367 1693 1507 1772 οὐχ)
1558 1695 1796 1773 ἡσυχία
1843 1695 2050 1770 μέντοι
2099 1696 2203 1759 καὶ
2265 1697 2296 1759 ἒ
2311 1719 2342 1760 ν
2388 1697 2601 1776 μέσῳ

262 1801 460 1866 τούτοιν
516 1801 719 1882 ἐφάνη
782 1799 943 1877 άρτι.
1005 1799 1169 1879 Quia
1230 1800 1291 1862 ἐν
1353 1801 1521 1880 μέσῳ
1568 1800 1788 1886 paullo
1835 1804 2216 1888 exquisitius
2261 1809 2359 1868 est
2407 1825 2602 1888 quam

260 1907 472 1985 μεταξύ
490 1955 508 1986 ,
554 1905 951 1992 probabilius
997 1905 1201 1970 videri
1240 1909 1453 1990 potest
1489 1904 1734 1981 μεταξύ
1775 1927 1812 1971 a
1847 1907 2202 1994 glossatore
2238 1909 2602 1994 profectum

260 2034 371 2078 esse
412 2035 601 2099 quam
646 2015 710 2077 ἐν
756 2010 945 2093 μέσῳ.
993 2011 1118 2076 Res
1164 2016 1382 2077 tamen
1429 2013 1728 2097 ancipitis
1775 2018 1873 2078 est
1913 2013 2154 2078 iudicii.

330 2119 394 2184 P.
441 2119 567 2186 592
592 2119 667 2184 Β.
730 2119 937 2195 Ἀλλ’,
1004 2114 1069 2190 ἦν
1117 2118 1171 2181 δ’
1219 2118 1377 2196 ἐγώ,
1428 2118 1489 2180 ἐν
1538 2119 1761 2197 οὐρανῷ
1808 2117 1947 2191 ἴσως
1998 2119 2409 2198 παράδειγμα
2457 2119 2606 2184 άνά-

260 2249 425 2291 κειται
468 2229 551 2304 τῷ
596 2224 952 2304 βουλόμένῳ
997 2225 1136 2304 ὅρᾶν
1183 2223 1287 2288 καὶ
1339 2224 1537 2302 δρῶντι
1586 2225 1876 2290 ἑαυτὸν
1915 2225 2298 2306 κατοικίζειν.
2351 2226 2599 2292 Mnem.

260 2330 361 2396 XII
411 2354 473 2419 p.
523 2331 655 2398 332
716 2331 1116 2416 corrigebam
1178 2327 1379 2409 δρῶντι
1433 2330 1629 2395 αὐτὸ
1678 2332 2064 2412 κατοικίζειν.
2131 2331 2342 2398 Hodie
2391 2336 2600 2399 nescio

259 2459 322 2502 an
359 2445 626 2525 praestet
672 2439 875 2519 δρῶντι
921 2437 1111 2515 πρὸς
1164 2442 1239 2517 (s.
1280 2438 1395 2516 εἰς)
1442 2435 1678 2513 αὑτό,
1726 2439 1769 2501 i.
1797 2457 1851 2502 e.
1890 2435 2188 2514 βλέποντι
2235 2459 2284 2502 s.
2327 2438 2602 2518 άποβλέ-

260 2567 403 2608 τοντι
446 2545 587 2626 πρὸς
634 2551 714 2625 (s.
766 2545 879 2624 εἷς)
924 2541 1103 2608 αὐτό.

328 2651 389 2716 Ρ.
436 2650 669 2718 598Α.
732 2651 865 2715 εἰπὲ
915 2649 979 2713 δέ
1026 2671 1129 2725 μοι
1179 2647 1311 2726 περὶ
1362 2654 1467 2714 τοῦ
1516 2647 1852 2730 ζωγράφου
1899 2649 2070 2714 τόδε·
2122 2651 2592 2730 πότερα.ἐκεῒνο

260 2757 385 2822 αὐτὸ
440 2758 511 2821 τὸ
556 2757 619 2821 ἐν
661 2766 741 2838 τῇ
788 2755 979 2834 Φύσει
1024 2753 1284 2819 ἕκαστον
1331 2755 1498 2820 δοκεῖ
1540 2777 1632 2820 σοι
1679 2757 2008 2835 ἐπιχειρεῖν
2055 2758 2380 2834 μιμεῖσθαι
2429 2761 2462 2834 ἢ
2515 2759 2600 2823 τά

260 2869 351 2926 τῶν
403 2863 779 2942 δημιούργων
836 2859 1027 2941 ipram
1092 2862 1200 2925 Τοὶ
1260 2867 1376 2925 τῶν
1422 2861 1822 2940 δημιούργων,
1870 2859 2018 2941 ἔφη.
2071 2859 2244 2941 'Apa
2291 2859 2389 2928 οἶα
2437 2863 2603 2928 ἔστιν

260 2967 287 3041 ἢ
326 2963 409 3032 οἶα
451 2973 789 3050 φαίνεται,
840 2968 970 3033 κτὲ.
1017 2967 1176 3031 Post
1220 2968 1659 3052 quaestionem
1703 2969 1798 3031 ita
1844 2973 2276 3054 comparatam
2323 2973 2434 3034 vix
2481 2972 2609 3035 suf-

260 3073 409 3141 ficere
468 3076 729 3141 videtur
786 3076 857 3137 in
917 3093 1215 3158 responso
1274 3071 1581 3136 articulus
1629 3075 1766 3138 sine
1813 3074 2215 3140 substantivo
2235 3123 2251 3152 ‚
2303 3075 2472 3160 quod
2515 3078 2609 3140 ita

260 3185 479 3248 tantum
539 3187 711 3248 recte
768 3180 1032 3246 haberet
1047 3228 1063 3257 ‚
1127 3182 1184 3243 si
1244 3179 1563 3244 artificum
1613 3199 1804 3264 opera
1849 3179 2072 3244 alienis
2119 3187 2604 3266 opponerentur.

262 3286 431 3366 Quare
464 3287 819 3376 legendum
856 3289 1173 3372 suspicor:
1215 3287 1319 3349 Τὰ
1360 3289 1475 3350 τῶν
1514 3284 1913 3364 δημιούργων,
1942 3284 2086 3366 ἔφη,
2115 3284 2392 3365 (ἔργα).
2433 3284 2603 3366 ’Λρα

263 3395 365 3459 ιιτὲ.
408 3395 611 3476 Quam
658 3392 843 3460 facile
880 3398 1025 3458 ante
1063 3402 1226 3457 APA
1271 3412 1345 3456 ea
1382 3413 1509 3457 vox
1549 3390 1717 3457 elabi
1754 3393 2056 3476 potuerit,
2083 3393 2252 3457 cadit
2274 3396 2340 3456 in
2366 3393 2603 3459 oculos.

334 3500 398 3566 P.
442 3501 573 3568 598
595 3502 671 3567 Β.
735 3499 933 3581 Πόρρω
996 3522 1111 3564 που
1174 3496 1295 3579 άρα
1358 3503 1465 3562 τοῦ
1528 3499 1876 3590 ἀληθοῦς-ᾖ
1926 3499 2234 3574 μιμητική
2283 3501 2447 3564 ἐστι·
2499 3501 2603 3564 καὶ

264 3607 323 3676 ὦς
376 3607 517 3674 ἔοικε
542 3657 559 3686 ,
622 3608 727 3673 διὰ
786 3609 965 3670 τοῦτο
1012 3605 1227 3669 πάντα
1272 3600 1742 3682 ἀπεργάζεται,
1791 3599 1882 3667 δ’κι
1930 3605 2181 3682 σμικρόν
2231 3625 2290 3669 τι
2341 3605 2604 3670 ἑκάστου

266 3711 625 3799 ἐφάπτεται,
692 3712 794 3777 καὶ
842 3717 1021 3777 τοῦτο
1068 3709 1417 3776 εἴδωλον.
1466 3709 1754 3775 [mita-tio
1800 3731 2058 3795 prorsus
2101 3731 2230 3775 non
2274 3715 2488 3798 tangit
2535 3714 2604 3778 τὸ

266 3817 449 3893 ἀληθές
467 3868 484 3899 ,
546 3823 597 3886 i.
620 3841 675 3886 e.
731 3820 979 3896 ideam,
1042 3817 1153 3884 sed
1212 3838 1313 3884 res
1359 3819 1494 3882 sive
1540 3837 1578 3880 a
1626 3816 1742 3882 deo
1790 3815 1924 3881 sive
1972 3817 2050 3881 ab
2099 3816 2470 3882 hominibus
2521 3839 2612 3884 se-

266 3924 505 3992 cundum
550 3927 727 3992 ideas
773 3925 1105 3990 fabricatas
1121 3973 1139 4002 ,
1187 3923 1303 3988 hae
1345 3926 1519 4008 ipsas
1564 3943 1718 3988 vero
1755 3943 1880 3987 non
1919 3921 2136 4006 quales
2173 3943 2394 3987 revera
2436 3931 2607 4002 sunt,

268 4027 353 4093 sed
391 4032 599 4118 quales
636 4031 953 4097 imitatori
996 4051 1133 4096 esse
1179 4030 1500 4096 videntur.
1543 4028 1852 4108 Quocirca
1889 4027 2038 4093 vide
2077 4049 2156 4094 ne
2195 4028 2383 4094 Plato
2419 4033 2610 4116 scrip-

270 4137 421 4201 serit:
490 4139 589 4203 διὰ
662 4144 841 4204 τοῦτο
912 4137 1123 4202 πάντα
1195 4133 1667 4216 ἀπεργάζεται,
1746 4131 1838 4197 ὅτι
1902 4133 2156 4214 σμικρόν
2220 4157 2281 4199 τι
2345 4135 2608 4202 ἑκάστου

272 4235 592 4316 ὶφάπτεται
612 4291 629 4322 ,
677 4242 785 4308 καὶ
833 4246 1011 4307 τοῦτο
1056 4241 1300 4328 (idque)
1346 4242 1409 4304 εἰ
1429 4236 1577 4304 δῶλ
1599 4263 1698 4304 ου.

342 4343 406 4410 Ρ.
450 4347 577 4416 600
600 4349 674 4414 Β.
747 4347 1007 4426 λέγεται
1074 4346 1238 4428 γάρ,
1306 4349 1380 4418 ὥς
1456 4345 1662 4418 πολλή
1725 4368 1818 4417 τις
1882 4344 2154 4422 άμέλεια
2215 4346 2351 4427 περ)
2417 4348 2604 4412 αὐτὸν
