3192 5009
565 250 650 317 70
1482 269 1948 316 cAhmnucuus.

560 436 836 497 mutatio
883 455 1076 518 quam
1124 455 1284 519 quae
1321 438 1645 521 proposita
1684 441 1780 499 est
1820 435 1897 499 ab
1938 434 2199 498 Eldikio
2241 440 2306 497 et
2346 432 2487 497 aliis
2512 453 2669 517 quos
2692 430 2950 497 Schnei-

561 539 748 604 derus
807 539 885 603 ad
946 538 1184 605 calcem
1228 540 1562 621 indicavit)
1611 544 2007 617 restituetur,
2058 543 2113 605 si
2160 540 2329 604 hunc
2374 542 2443 603 in
2491 538 2759 603 modum
2808 557 2951 601 ver-

559 666 705 710 sum
753 644 1140 711 ediderimus
1164 667 1194 711 :-

832 755 940 823 τὴν
988 753 1144 827 ἱερὴν
1193 749 1234 815 ὦ
1284 752 1471 831 θυμέ,
1521 756 1590 817 τὸ
1642 760 1743 818 νῦν
1791 754 2039 835 χρόνος,
2094 751 2309 828 εἵποτᾎ
2360 751 2600 815 ἀείδειν.

564 858 677 935 „Si
737 879 1054 944 unquam,
1128 881 1164 923 o
1216 863 1310 923 mi
1357 864 1567 925 anime
1586 910 1604 939 ,
1658 859 1896 925 Delum
1942 858 2225 925 insulam
2271 864 2462 923 cantu
2512 855 2952 923 celebraturus

560 985 660 1041 es,
709 986 875 1029 nunc
919 968 1053 1030 iam
1099 972 1354 1052 tempus
1403 966 1563 1031 est.’'

650 1178 758 1243 Vs.
810 1177 895 1243 30
945 1178 1020 1242 de
1065 1177 1364 1264 Neptuno
1411 1200 1620 1243 sermo
1666 1186 1797 1245 est:

833 1284 868 1358 ἣ
915 1286 990 1355 ὥς
1040 1285 1124 1347 τὰ
1175 1285 1488 1363 πρώτιστα
1535 1286 1744 1362 μέγας
1796 1287 1919 1357 θεὸς
1970 1285 2144 1363 οὔρεα
2196 1287 2391 1350 θείνων

831 1388 958 1470 ἄορι
1005 1393 1405 1469 τριγλώχινι,
1458 1390 1528 1455 τό
1577 1392 1629 1455 οἱ
1678 1400 1986 1471 Τελχῖνες
2038 1390 2315 1469 ἔτευξαν,

833 1497 1038 1568 νήσους
1086 1498 1362 1568 εἷναλίας
1413 1496 1771 1577 εἰργάζετο,
1822 1498 1977 1575 νέρθε
2026 1498 2087 1562 δὲ
2138 1499 2351 1567 πασας

833 1602 899 1665 ἐκ
948 1602 1174 1665 νεατων
1222 1603 1496 1680 ὤχλισσε
1545 1605 1647 1666 καὶ
1699 1604 2040 1667 εἰσεκύλισε
2089 1604 2399 1683 θαλάσσῃ.

557 1706 759 1772 Versu
823 1706 908 1772 32
970 1708 1288 1793 plerisque
1337 1710 1687 1774 edit-oribus
1732 1709 1925 1773 verba
1975 1710 2078 1786 „32
2129 1708 2391 1777 παίσας”
2444 1707 2768 1773 offensioni
2816 1708 2955 1773 fue-

558 1820 728 1877 runt.
778 1812 1196 1879 Schneiderus
1243 1817 1512 1879 coniecit
1559 1814 1613 1878 δ’
1662 1816 1919 1893 ἐπάρας,
1967 1814 2337 1879 Meinekius
2387 1812 2441 1877 δ’
2496 1814 2778 1885 ἐλάσσας
2807 1835 2956 1899 pro-

557 1925 889 2005 posuerat,
931 1920 1098 2004 quod
1136 1923 1374 2005 recepit
1411 1919 1856 1985 Wilamowitz.
1909 1918 2117 1987 Causa
2165 1923 2568 1986 correctionis
2608 1920 2735 1984 fuit
2776 1920 2955 2005 quod

557 2046 681 2089 non
741 2024 986 2090 insulae
1053 2026 1163 2091 sed
1226 2027 1400 2103 οὔρεα
1469 2031 1678 2092 essent
1740 2026 2081 2113 provoluta
2126 2030 2189 2091 in
2240 2047 2436 2091 mare.
2503 2024 2627 2090 Sed
2670 2026 2824 2102 hoc,
2876 2030 2953 2090 ni

555 2131 762 2210 fallor,
811 2134 1004 2197 nimis
1053 2140 1344 2199 accurate
1385 2133 1788 2219 disputatum
1829 2139 1945 2197 cst.
1996 2132 2127 2199 Suo
2168 2136 2307 2198 iure
2346 2137 2533 2217 poeta
2551 2180 2566 2207 ,
2602 2136 2955 2218 postquam

556 2237 720 2302 dixit
783 2238 988 2309 νήσους
1037 2239 1314 2310 εἰναλίας
1365 2236 1720 2318 εἰργάζετο,
1772 2260 1923 2305 saxa
1970 2260 2129 2325 quae
2174 2242 2307 2303 iam
2351 2241 2419 2303 in
2468 2260 2541 2303 eo
2588 2246 2685 2303 est
2732 2243 2807 2301 ut
2852 2240 2956 2302 in-

556 2343 730 2409 sulae
778 2343 933 2408 fiant
975 2344 1219 2410 insulas
1264 2352 1484 2411 vocat:
1529 2345 1698 2431 quod
1746 2368 1896 2411 eum
1942 2346 2163 2411 fecisse
2212 2352 2473 2432 apparet
2514 2366 2591 2409 ex
2632 2348 2956 2429 sequenti-

555 2451 674 2515 bus
719 2451 832 2515 ubi
876 2454 1091 2536 pergit
1136 2454 1252 2519 τὰς
1300 2453 1433 2526 μέν.
1498 2448 1752 2526 Contra,
1802 2456 1955 2516 satis
2001 2450 2396 2538 ineleganter
2442 2454 2755 2515 sententia
2802 2471 2953 2515 con-

555 2563 840 2621 struetur
907 2564 1158 2642 recepta
1227 2557 1426 2627 altera
1485 2563 1633 2622 utra
1680 2558 2151 2635 emendatione;
2205 2579 2328 2643 quo
2376 2556 2616 2621 accedit
2664 2556 2833 2643 quod
2880 2564 2951 2622 et

557 2662 832 2733 ἐλάσσας
882 2669 947 2727 et
995 2664 1229 2743 ἐπάρας
1281 2663 1692 2749 praecedente
1739 2667 2075 2749 participio
2127 2664 2343 2740 θείνων,
2396 2670 2697 2748 sequente
2750 2664 2953 2729 verbo

555 2766 828 2846 ὤχλισσε
894 2771 1174 2834 otiosum
1240 2776 1338 2834 est
1385 2775 1450 2834 et
1497 2773 1845 2835 sententiae
1893 2769 2071 2835 addit
2117 2769 2286 2856 quod
2330 2769 2516 2854 plane
2566 2790 2945 2854 supervaca—

555 2894 752 2939 neum
799 2879 914 2938 est.

644 2978 815 3044 Mihi
860 3002 1011 3045 vero
1060 3002 1283 3046 versus
1334 2980 1418 3046 34
1467 2989 1804 3067 corruptus
1850 3002 1984 3047 esse
2034 2981 2307 3047 videtur.
2357 2980 2728 3066 Sequuntur
2764 2984 2947 3045 enim

553 3088 634 3151 iis
685 3106 844 3172 quae
891 3086 1152 3151 laudavi
1197 3084 1449 3152 haecce:

693 3191 780 3255 34
828 3192 931 3255 καὶ
980 3194 1098 3261 τὰς
1146 3196 1258 3265 μὲν
1311 3197 1479 3257 κατὰ
1526 3193 1781 3271 βυσσόν,
1830 3190 1906 3256 ἵν’
1956 3195 2215 3269 ἠπείροιο
2262 3194 2592 3271 λάθωνται,

827 3298 1154 3373 πρυμνόθεν
1205 3298 1495 3378 ἐρρίζωσε·
1546 3301 1615 3361 σὲ
1664 3298 1716 3362 δ’
1767 3300 1871 3361 οὐκ
1924 3300 2168 3379 ἔθλιψεν
2216 3300 2500 3376 ἀνάγκη,

825 3402 973 3465 ἀλλ’
1020 3400 1255 3479 ἄφετος
1303 3404 1689 3479 πελάγεσσιν
1740 3405 2062 3475 ἐπέπλεες.

554 3506 784 3582 βυσσόν
835 3512 1116 3593 reposuit
1167 3509 1467 3586 Dindorf,
1517 3509 1725 3585 βένθος
1776 3518 2188 3596 proposuerat
2228 3510 2621 3596 Stephanus;
2666 3516 2940 3595 uterque

554 3616 784 3677 merito
847 3617 1029 3699 parvi
1095 3615 1373 3699 pendens
1435 3636 1508 3679 ea
1573 3636 1732 3700 quae
1779 3615 2089 3701 leguntur
2134 3620 2201 3681 in
2250 3617 2819 3703 pseudo-Draconis
2866 3617 2945 3681 li-

553 3719 716 3785 bello
765 3722 896 3796 περὶ
943 3721 1175 3795 μέτρων
1226 3727 1315 3807 (p.
1367 3721 1473 3787 28.
1509 3720 1617 3803 13)
1673 3722 1941 3799 ,,βυθο’ς·
1995 3727 2063 3787 τὸ
2112 3724 2198 3797 βῦ
2253 3726 2586 3787 ἐκτείνεται
2634 3727 2709 3792 ὥς
2760 3726 2939 3802 παρὰ

555 3827 996 3904 Kal-mucimus:
1049 3828 1151 3889 καὶ
1201 3829 1316 3895 τὰς
1367 3829 1480 3900 μὲν
1527 3828 1697 3891 κατὰ
1744 3827 1925 3904 βυθὸν
1981 3829 2165 3895 κτλ.”
2216 3828 2448 3895 Verum
2501 3833 2637 3894 sive
2672 3833 2942 3917 recipies

553 3929 780 4007 βυσσὸν
849 3934 982 3995 sive
1044 3932 1254 4007 βένθος
1274 3982 1291 4010 ,
1353 3935 1487 3998 sive
1551 3933 1769 3999 audies
1835 3933 2290 4000 Schneiderum
2352 3939 2463 4021 qui
2508 3934 2584 4001 de
2630 3934 2941 4001 vocabulo

556 4036 877 4112 ,,βυθμὸν”
919 4038 1243 4123 cogitabat
1263 4086 1280 4115 ,
1321 4043 1636 4123 supererit
1684 4061 1933 4127 semper
1978 4041 2369 4128 ambiguitas
2418 4042 2747 4127 quaedam,
2775 4064 2938 4128 quae

550 4140 853 4207 lectorem
893 4143 1180 4208 offendat.
1239 4143 1325 4208 Et
1371 4166 1438 4209 re
1479 4166 1631 4210 vera
1670 4146 2027 4232 discrepant
2071 4146 2342 4213 editores
2386 4151 2455 4212 in
2501 4169 2691 4213 versu
2740 4150 2941 4235 expli-

553 4246 774 4312 cand0.
840 4247 1252 4314 Pertinentne
1315 4271 1387 4314 ea
1447 4252 1641 4316 verba
1706 4252 1876 4315 κατὰ
1939 4252 2170 4326 βυσσὸν
2232 4254 2311 4318 ad
2356 4256 2526 4338 ipsas
2573 4254 2816 4319 insulas
2862 4276 2937 4321 eo

553 4375 744 4423 sensu
805 4359 880 4419 ut
939 4354 1059 4421 hoc
1121 4354 1350 4421 dixerit
1405 4353 1872 4433 Callimachus:
1921 4356 2161 4423 insulas
2208 4379 2246 4423 a
2289 4359 2348 4423 N
2350 4366 2585 4445 eptuno
2632 4358 2701 4423 in
2750 4362 2937 4437 maris
