3192 5009
622 240 753 305 188
1477 254 2123 303 onsnnurmnonm

886 423 958 488 L.
1013 422 1072 501 1,
1118 421 1163 486 1.
1213 420 1301 487 26
1346 420 1424 485 D.
1480 420 1584 486 12.
1615 420 1654 486 6
1703 426 1808 499 (=
1834 417 2012 502 774).

889 530 961 595 L.
1013 528 1095 594 51
1145 528 1223 593 D.
1272 527 1448 593 2.14
1496 532 1605 608 (=
1631 525 1808 608 775).

886 636 959 701 L.
1018 633 1055 703 7
1105 634 1186 699 D.
1235 634 1413 700 33.2
1463 640 1568 714 (=
1596 631 1774 715 776).

887 743 960 808 L.
1014 740 1096 806 61
1150 740 1249 826 §1
1301 740 1380 805 D.
1432 740 1556 805 5.1
1613 745 1716 821 (=
1743 736 1920 819 777).

885 848 958 913 L.
1010 847 1093 912 41
1143 847 1243 931 §1
1292 846 1371 912 D.
1424 842 1644 912 50.17
1693 850 1801 926 (=
1825 841 2004 925 778).

704 956 881 1020 Haec
942 975 1019 1020 ex
1083 953 1247 1019 libro
1311 950 1527 1017 XXVI
1586 950 1850 1038 Ulpiani
1906 951 2125 1018 eodem
2189 952 2405 1018 ordine
2458 953 2762 1039 disposita
2811 960 2977 1018 sunt
2995 1002 3012 1031 ,

613 1084 737 1149 quo
787 1066 1039 1126 exstant
1082 1062 1150 1124 in
1198 1058 1664 1124 Pandectarum
1706 1057 1870 1124 libro
1917 1056 2065 1137 XII,
2115 1060 2241 1124 nisi
2287 1058 2461 1144 quod
2495 1061 2834 1125 interiecta
2875 1062 3014 1123 sint

612 1170 687 1236 fr.
742 1165 891 1245 767,
922 1165 1073 1245 770,
1104 1164 1255 1244 771,
1304 1166 1385 1231 ad
1430 1164 1668 1231 calcem
1714 1166 1958 1231 adiecta
1993 1166 2072 1230 fr.
2117 1162 2494 1243 775-778,
2537 1187 2697 1252 quae
2737 1166 2820 1231 ad
2861 1186 3008 1230 rem

613 1296 737 1339 non
783 1294 1171 1361 magnopere
1216 1274 1554 1358 pertinent.
1604 1270 1827 1357 Itaque
1877 1271 2134 1358 perinde
2183 1278 2280 1337 est
2297 1322 2314 1351 ‚
2381 1293 2452 1337 ac
2499 1275 2555 1337 si
2602 1292 2732 1337 uno
2780 1278 3012 1337 tenore

617 1381 909 1468 perlegas
969 1378 1015 1443 1.
1067 1378 1129 1457 9,
1175 1378 1221 1443 l.
1276 1377 1380 1457 11,
1426 1377 1471 1443 1.
1530 1376 1612 1443 13
1660 1378 1739 1445 D.
1791 1378 1894 1443 12.
1926 1379 1998 1458 1;
2046 1378 2092 1444 1.
2147 1380 2206 1458 1,
2253 1378 2298 1444 1.
2353 1378 2394 1444 3
2445 1379 2523 1446 D.
2578 1378 2784 1458 12.4;
2839 1378 2888 1444 1.
2943 1378 3007 1455 2,

616 1487 661 1553 1.
713 1488 754 1551 4
802 1486 881 1551 D.
936 1484 1145 1561 12.5;
1207 1484 1253 1549 l.
1307 1484 1365 1561 1,
1415 1482 1461 1548 1.
1512 1482 1600 1549 26
1651 1482 1730 1548 D.
1785 1484 1888 1552 12.
1917 1483 1978 1550 6.
2052 1484 2377 1551 Ultimum
2437 1485 2881 1572 frag-mentum
2935 1482 3008 1563 (1.

620 1593 707 1659 26
754 1596 893 1672 cit.)
940 1594 1178 1678 partim
1224 1593 1482 1656 restitui
1528 1592 1740 1675 potuit
1781 1612 1860 1655 ex
1905 1589 2047 1655 Vat.
2101 1590 2205 1657 Fr.
2259 1590 2473 1677 §266.
2503 1658 2512 1669 ,
2543 1590 2784 1656 Deinde
2833 1612 3010 1655 com-

620 1705 854 1787 parent
890 1720 969 1763 ex
1016 1697 1181 1763 libro
1227 1695 1479 1761 XXVII
1526 1695 1820 1783 Ulpiani:

888 1804 962 1870 L.
1016 1805 1050 1869 1
1100 1804 1178 1869 D.
1237 1802 1408 1869 13.3
1458 1807 1563 1883 (=
1589 1800 1768 1884 779).

890 1910 964 1975 L.
1016 1908 1055 1975 3
1103 1909 1183 1976 D.
1237 1908 1410 1975 13.3
1458 1913 1564 1989 (=
1590 1906 1769 1989 780).

889 2016 963 2082 L.
1013 2014 1054 2082 8
1103 2015 1181 2082 D.
1234 2014 1405 2080 13.1
1456 2020 1562 2095 (==
1588 2012 1767 2097 781).

708 2123 832 2188 His
894 2144 1127 2188 novam
1171 2123 1650 2208 inscriptionem
1698 2123 2057 2208 praemittit
2107 2121 2336 2187 Lenel:
2392 2123 2466 2185 de
2513 2122 2824 2186 triticaria
2873 2144 3006 2186 con-

617 2230 896 2296 dictione.
944 2228 1151 2308 Quam
1196 2230 1677 2313 inscriptionem
1725 2227 1895 2314 apud
1934 2226 2286 2314 Ulpianum
2325 2250 2452 2294 non
2492 2231 2780 2295 extitisse
2817 2234 3000 2316 puto.

618 2337 879 2404 Etenim
940 2337 1182 2401 abiecto
1228 2334 1304 2400 de
1350 2335 1467 2399 hac
1511 2338 1652 2420 ipsa
1697 2334 2090 2400 condictione
2139 2334 2496 2423 fragmento
2514 2382 2531 2413 ‚
2580 2340 2788 2401 cetera
2836 2354 3000 2420 quae

618 2448 962 2530 supersunt
1007 2444 1330 2528 propriam
1377 2440 1699 2505 rubricam
1746 2461 1869 2505 non
1915 2439 2230 2526 flagitant.

710 2549 1085 2614 Meminisse
1150 2552 1399 2633 oportet
1425 2543 1497 2625 ¹),
1572 2566 1686 2612 nos
1746 2544 2021 2631 Ulpiano
2086 2546 2444 2611 abiudicare
2504 2545 2549 2611 1.
2601 2545 2668 2611 9·
2701 2547 2934 2632 pr.—§
2959 2542 2996 2608 3

620 2656 699 2722 D.
754 2654 922 2720 12.1
992 2661 1096 2735 (=
1123 2650 1273 2731 766,
1305 2650 1493 2735 768);
1558 2651 1604 2716 l.
1657 2651 1697 2716 3
1761 2652 1865 2737 §4
1926 2651 2006 2717 D.
2037 2651 2242 2729 12.4;
2307 2651 2352 2716 l.
2407 2652 2441 2716 1
2511 2674 2605 2738 pr.
2668 2651 2748 2716 D.
2799 2650 2910 2717 13.
2936 2648 2998 2713 3.

616 2762 718 2828 Ex
763 2764 845 2827 iis
892 2781 1051 2847 quae
1100 2765 1375 2837 restant,
1436 2758 1891 2825 sciscitandum
1911 2808 1926 2836 ,
1976 2758 2130 2845 quid
2170 2758 2444 2845 Ulpiano
2483 2758 2561 2824 de
2602 2758 2998 2825 condictione

617 2867 999 2957 generaliter
1065 2866 1409 2952 placuerit,
1483 2870 1796 2950 quatenus
1865 2886 1942 2931 ex
2011 2870 2226 2930 nostro
2289 2865 2650 2951 fragmento
2713 2872 3000 2930 constare

618 2979 849 3061 potest.
900 2974 1066 3039 Nam
1112 2974 1233 3038 hoc
1278 2972 1716 3057 frag-mentum
1763 2992 1875 3056 per
1921 2992 1988 3037 se
2036 2992 2286 3057 quoque
2327 2970 2790 3057 explorandum
2828 2969 3000 3036 vide-

620 3088 745 3162 tur,
811 3102 888 3147 ne
944 3086 1299 3147 ceterorum
1347 3079 1864 3143 testimoniorum
1909 3076 2328 3143 multitudine
2373 3084 2728 3165 mergatur,
2781 3097 2998 3162 quem-

620 3188 965 3254 admodum
1026 3187 1356 3270 hucusque
1402 3184 1645 3249 factum
1691 3189 1807 3249 est.
1858 3184 2155 3249 Primum
2199 3186 2406 3271 igitur
2453 3186 2573 3260 sit,
2622 3188 2700 3248 ut
2743 3202 2996 3269 quaera-

618 3316 767 3359 mus
836 3315 915 3357 ex
982 3294 1214 3379 quibus
1285 3292 1491 3355 causis
1552 3289 1862 3354 condictio
1925 3294 2240 3355 nascatur.
2304 3289 2608 3355 Nascitur
2651 3294 2875 3355 autem
2921 3310 2994 3353 ex

618 3401 1059 3465 numeratione
1122 3396 1215 3477 (id
1264 3402 1359 3461 est
1404 3398 1622 3459 mutui
1669 3395 1968 3474 datione),
2034 3417 2113 3461 ex
2161 3396 2238 3460 ob
2285 3416 2424 3461 rem
2471 3396 2618 3461 dato
2638 3444 2655 3474 ,
2705 3416 2783 3461 ex
2827 3396 2998 3459 inde-

619 3507 753 3572 bito
794 3503 1005 3570 soluto
1025 3553 1041 3581 ,
1090 3524 1167 3568 ex
1214 3520 1403 3567 causa
1446 3501 1706 3565 furtiva.
1757 3500 1818 3565 N
1819 3521 1899 3565 on
1944 3503 2226 3567 nascitur
2271 3523 2349 3568 ex
2387 3500 2800 3587 stipulatione
2836 3500 2993 3579 (vid.

616 3633 752 3698 cap.
802 3608 1031 3689 XVII).
1094 3607 1336 3673 Deinde
1382 3606 1734 3672 videndum
1752 3656 1768 3685 ,
1818 3608 1970 3693 quid
2018 3610 2217 3694 possit
2265 3607 2532 3673 condici.
2603 3606 2689 3672 Et
2733 3607 2995 3673 condici-

616 3740 764 3783 mus
835 3716 1095 3801 quidem
1164 3713 1542 3800 plerumque
1612 3716 1950 3797 pecuniam
1968 3763 1985 3793 ,
2052 3720 2119 3780 at
2179 3715 2414 3781 fundus
2478 3736 2728 3801 quoque
2787 3722 2994 3779 certus

616 3824 971 3891 condicitur
1040 3820 1107 3901 (l.
1157 3819 1243 3885 26
1305 3818 1445 3905 §4‚
1478 3815 1514 3885 7
1581 3818 1660 3885 D.
1715 3819 1818 3885 12.
1847 3820 1935 3902 6),
2006 3824 2170 3887 item
2238 3820 2361 3888 olei
2433 3827 2603 3888 certa
2672 3824 2992 3907 quantitas

618 3930 689 4011 (l.
742 3928 829 3994 26
877 3925 978 4013 §5
1026 3926 1104 3991 D.
1160 3925 1262 3991 12.
1292 3924 1379 4006 6),
1446 3925 1521 3991 de
1570 3946 1906 4011 operarum
1953 3928 2224 4015 denique
2271 3928 2662 3995 condictione
2708 3931 2990 4016 quaestio

618 4039 716 4101 est
754 4034 824 4116 (l.
852 4032 939 4099 26
979 4032 1127 4119 §12
1167 4032 1246 4098 D.
1280 4030 1383 4097 12.
1412 4030 1501 4111 6).
1550 4034 1698 4097 Rem
1739 4041 1933 4099 autem
1968 4058 2134 4099 suam
2160 4058 2280 4119 per
2316 4037 2471 4100 ham
2507 4035 2796 4101 actionem
2829 4056 3004 4100 nemo

684 4312 735 4373 1)
778 4310 893 4361 Non
937 4308 1144 4360 multum
1188 4308 1335 4359 refert
1380 4307 1515 4359 nobi·
1558 4308 1593 4361 l.
1631 4310 1662 4358 8
1697 4312 1755 4360 D.
1791 4311 1870 4361 18.
1891 4312 1920 4361 8
1953 4314 2031 4371 (un
2057 4310 2182 4376 780)
2215 4328 2310 4363 non
2347 4311 2406 4362 ab
2446 4312 2654 4379 Ulpiano
2689 4310 2878 4378 quidem
2915 4312 2990 4363 sed

618 4394 679 4445 ab
714 4395 803 4445 hoc
833 4390 1176 4444 commentario
1208 4391 1413 4441 alienam
1445 4406 1543 4441 ene
1576 4390 1744 4443 videri.
1779 4392 1883 4444 Vid.
1923 4409 2029 4460 cap.
2065 4394 2200 4445 xxl.
