3192 5009
1260 239 1685 289 nmnsfflcs.
2535 221 2664 287 385

276 407 621 474 sententia:
687 405 937 486 Quanto
998 412 1072 470 tu
1088 453 1105 482 ‚
1156 409 1267 491 qui
1311 426 1418 471 me
1462 405 1675 471 solum
1723 405 1935 484 bibere
1982 425 2181 490 eoque
2229 404 2506 470 invidiae
2555 406 2662 470 ob·

274 516 544 579 noxium
604 534 739 580 esse
798 511 1069 579 voluisti
1086 561 1101 589 ,
1168 511 1422 598 dignior
1485 534 1551 577 es
1613 533 1814 598 poena
1849 532 2070 597 ·quam
2115 514 2240 576 iste
2261 560 2276 588 ,
2326 514 2439 597 qui
2485 512 2661 578 bibat

272 618 514 706 populo
560 621 835 684 sitiente.

270 797 439 866 58¹7:
472 799 685 882 (Cato)
721 805 859 887 ipse
904 821 1101 866 manu
1149 821 1265 865 sua
1313 799 1448 885 pila
1493 821 1724 887 gerens
1772 801 2095 887 praecedit
2143 799 2355 866 anheli

730 906 959 972 militis
1010 928 1119 971 ora
1162 906 1387 992 pedes:
1436 912 1771 976 monstrat·
1799 906 2068 972 tolerare
2115 905 2395 984 labores,

725 1034 853 1091 non
895 1013 1108 1078 iubet:
1160 1020 1224 1078 et
1268 1011 1448 1077 nulla
1496 1013 1760 1078 vehitur
1805 1016 2047 1079 cervice
2097 1015 2367 1099 supinus

729 1126 1153 1205 carpentoque
1201 1119 1443 1184 sedens.
1494 1121 1703 1183 somni
1750 1122 2162 1205 parcissimus
2209 1123 2346 1204 ipse
2395 1127 2525 1196 est,

726 1224 1000 1290 ultimus
1040 1226 1302 1290 haustor
1340 1245 1559 1310 aquae.
1603 1246 1754 1289 cum
1791 1225 2050 1290 tandem
2090 1226 2264 1290 fonte
2301 1233 2551 1310 reperto

724 1332 946 1419 indiga
992 1337 1254 1397 conatur
1298 1331 1508 1396 laticis
1556 1337 1776 1416 potare
1818 1334 2124 1397 iuventus
2146 1381 2162 1409 ,

723 1444 854 1502 stat
900 1438 1057 1502 dum
1104 1437 1239 1502 lixa
1287 1438 1481 1503 bibat.

266 1543 475 1609 Verba
534 1544 781 1607 ultimus
840 1544 1089 1618 haustor
1146 1567 1337 1628 aquae
1384 1546 1475 1608 sic
1525 1545 1680 1608 satis
1728 1546 1943 1628 inepte
1991 1545 2199 1629 posita
2245 1549 2429 1608 sunt:
2478 1551 2654 1610 totus

268 1652 445 1715 enim
509 1649 674 1716 liber
734 1650 864 1715 fere
924 1657 1021 1716 est
1069 1650 1145 1716 de
1194 1650 1438 1736 Libyae
1486 1650 1784 1715 ariditate
1833 1656 2023 1735 atque
2071 1671 2270 1735 aquae
2319 1650 2656 1716 sterilitate

270 1761 335 1822 et
406 1758 552 1822 sitis
620 1755 1043 1822 intolerabilis
1114 1777 1238 1842 qua
1306 1755 1548 1821 milites
1617 1754 1908 1821 laborant
1978 1756 2208 1821 multis
2278 1758 2490 1823 verbis
2559 1763 2659 1823 est

274 1860 612 1948 descripta.
683 1860 1010 1941 Quomodo
1079 1863 1284 1949 igitur
1347 1864 1516 1926 inter
1583 1858 1847 1927 Catonis
1913 1864 2186 1928 virtutes
2245 1865 2442 1928 etiam
2503 1864 2656 1929 haec

264 1971 635 2033 nominetur
696 1969 865 2054 quod
928 1967 1199 2033 ultimus
1260 1968 1524 2033 haustor
1585 1988 1786 2052 aquae
1849 1968 1978 2032 fuit
1997 2018 2012 2044 ,
2075 1990 2224 2034 cum
2286 1990 2450 2054 aqua
2496 1991 2655 2056 quae

264 2072 635 2139 hauriretur
682 2081 848 2140 esset
893 2071 1115 2138 nulla?
1161 2073 1409 2159 Nempe
1454 2076 1545 2137 sic
1590 2075 2178 2162 interpungendum
2225 2081 2355 2140 est:

628 2180 904 2245 ultimus
948 2181 1213 2246 haustor
1256 2200 1454 2266 aquae
1500 2201 1652 2245 cum
1696 2172 1979 2245 tandem'
2001 2181 2174 2246 fonte
2222 2189 2469 2266 reperto

626 2286 849 2373 indiga
894 2293 1159 2352 conatur
1201 2287 1423 2352 latices
1469 2293 1688 2371 potare
1733 2289 2069 2352 iuventus:

628 2399 757 2458 stat
802 2393 961 2457 dum
1005 2384 1137 2458 liita
1183 2393 1379 2459 bibat.

352 2574 523 2640 696:
626 2575 742 2640 illa
788 2581 1003 2640 tamen
1052 2575 1291 2641 sterilis
1338 2574 1535 2640 tellus
1582 2577 1976 2661 fecundaque
2030 2575 2194 2642 nulli

627 2701 780 2747 arva
822 2682 985 2747 bono
1031 2683 1210 2746 virus
1258 2679 1563 2746 stillantis
1611 2682 1754 2747 tabe
1803 2683 2110 2748 Medusae

627 2789 1017 2872 concipiunt.

266 2889 464 2957 Hask.
529 2892 608 2958 ad
651 2893 1079 2978 fecundaque:
1150 2893 1223 2971 „1
1270 2914 1385 2958 can
1433 2893 1563 2958 find
1612 2915 1693 2958 no
1740 2895 1923 2960 other
1969 2897 2208 2959 certain
2256 2898 2539 2961 instance
2587 2897 2662 2960 of
2767 2963 2772 2970 ,

251 2997 561 3080 fecundus
605 2999 765 3062 with
805 2998 1083 3064 dative''.
1132 2998 1249 3063 Est
1287 2999 1487 3064 altera
1524 3000 1714 3065 lectio
1756 3001 2046 3066 codicum
2088 3021 2243 3065 mss.
2286 3001 2412 3066 duo
2456 3002 2646 3081 nullo,

268 3123 455 3187 quam
518 3106 573 3168 si
634 3103 840 3168 editor
897 3106 966 3168 in
1030 3111 1281 3168 textum
1328 3107 1704 3190 recepisset,
1754 3106 1990 3171 melius
2040 3106 2272 3172 fuisset
2291 3155 2306 3184 ‚
2357 3128 2510 3172 nam
2538 3109 2654 3193 fe-

268 3210 489 3274 candus
531 3230 661 3274 non
705 3213 877 3296 regit
921 3230 1125 3295 neque
1170 3216 1351 3296 reget
1400 3211 1699 3276 dativum
1747 3215 1858 3276 rei.

272 3389 476 3478 Psylli
497 3397 563 3457 et
585 3392 976 3457 excantando
1002 3400 1065 3458 et
1089 3393 1455 3479 exsugendo
1480 3415 1632 3459 cum
1658 3413 1902 3460 veneno
1927 3400 2298 3479 serpentum
2323 3394 2650 3459 luctantur

358 3494 523 3561 936:
1016 3504 1082 3563 et
1129 3501 1311 3562 cuius
1359 3519 1614 3563 morsus
1658 3501 2052 3584 superaverit
2099 3501 2330 3584 anguis

623 3605 756 3668 iam
799 3610 1176 3689 promptum
1221 3601 1461 3690 Psyllis
1508 3604 1615 3670 vel
1657 3611 1860 3691 gustu
1904 3625 2085 3669 nosse
2131 3607 2380 3669 veneni.

270 3704 544 3773 Haskins
611 3714 688 3773 ut
754 3715 819 3773 et
886 3707 1270 3774 Hortensius
1332 3730 1593 3774 versum
1655 3712 1932 3795 priorem
1995 3712 2088 3774 ita
2149 3709 2528 3796 intelligunt
2572 3717 2650 3775 ut

272 3813 385 3877 sit:
444 3814 627 3878 cuius
688 3816 919 3900 anguis
965 3835 1220 3880 morsus
1265 3817 1495 3879 vicerit
1540 3835 1612 3880 ac
1659 3814 1957 3880 deiecerit
2000 3817 2237 3879 virum.
2287 3813 2516 3880 Nescio
2565 3836 2645 3880 an

275 3919 358 3982 sic
415 3922 628 4004 potius
687 3919 865 3984 locus
928 3920 1364 4004 accipiendus:
1430 3922 1516 3985 sit
1576 3922 1761 3986 cuius
1807 3923 2036 4008 anguis
2082 3941 2332 3985 morsus
2384 3919 2648 4007 Psyllus

276 4025 489 4089 vicerit
532 4046 605 4090 ac
648 4027 865 4091 irritos
913 4025 1152 4091 fecerit.
1224 4025 1822 4111 Interpretationem
1871 4046 1910 4091 a
1951 4047 2057 4091 me
2105 4027 2474 4092 damnatam
2513 4048 2650 4113 pro-

280 4127 482 4195 cedere
542 4132 817 4197 arbitror
861 4152 896 4195 e
941 4132 1233 4198 versibus
1280 4134 1591 4217 proximis
1636 4131 1806 4197 male
1848 4130 2212 4197 intellectis.
2263 4131 2370 4196 Vs.
2423 4130 2644 4196 931-

282 4230 401 4298 935
448 4238 619 4301 enim
654 4259 780 4302 non
820 4241 1026 4303 sermo
1066 4245 1162 4302 est
1201 4237 1277 4303 de
1315 4240 1455 4302 viro
1498 4257 1535 4302 a
1572 4237 1974 4323 serpentibus
2011 4257 2254 4302 veneno
2292 4239 2644 4325 interfecto,

284 4337 381 4404 ssd
424 4361 461 4405 a
504 4341 729 4428 Psyllo
776 4349 1021 4410 servato
1068 4363 1218 4408 cum
1264 4345 1393 4408 iam
1439 4345 1508 4406 in
1556 4364 1630 4408 eo
1679 4348 1844 4408 esset
1886 4349 1962 4407 ut
2006 4348 2380 4408 moreretur.
