3192 5009
1182 254 1630 305 meremus.
2463 234 2590 303 179

244 422 491 487 habeant
522 421 754 507 plateae
790 424 1217 488 imminentia.
1260 422 1483 508 Neque
1527 420 1912 503 δρυφάκτους
1946 417 1999 504 ¹)
2043 444 2122 487 ex
2162 420 2364 487 altera
2399 421 2590 487 domo

240 533 303 593 in
364 534 607 593 alteram
670 550 783 614 per
852 528 1129 595 sublime
1191 530 1419 595 ducere
1481 529 1634 595 licet
1653 577 1669 606 ‚
1723 550 1926 615 neque
1973 528 2405 614 aquaeductus
2454 531 2590 593 sive

238 644 406 699 truae
463 634 763 699 orificium
822 638 918 699 ita
976 634 1279 701 collocare
1337 641 1411 701 ut
1456 636 1604 701 inde
1652 634 1936 701 decidere
1985 638 2188 721 possit
2234 634 2478 721 aliquid
2524 637 2593 699 in

236 743 429 824 capita
482 744 1019 825 praetereuntium
1036 762 1052 820 ;
1117 762 1321 827 neque
1386 741 1656 828 denique
1719 742 1958 819 θυρίδας
2021 762 2182 828 quae
2227 748 2590 807 extrorsum

236 848 571 931 aperiantur
630 846 769 911 fieri
824 850 1062 911 sinunt.
1112 847 1426 913 Videmus
1470 851 1718 912 civium
1767 849 2083 934 capitibus
2132 854 2440 935 perpetuo
2486 848 2592 913 hic

234 951 484 1016 consuli:
529 953 625 1017 his
676 974 755 1018 ne
802 954 1087 1019 incidant
1134 953 1374 1019 tablina
1420 960 1686 1019 cautum
1729 960 1860 1032 est,
1906 954 2010 1019 bis
2048 976 2128 1019 ne
2163 954 2417 1019 infundi
2453 976 2594 1040 pos-

232 1060 347 1121 sint
390 1057 737 1124 culinarum
784 1059 890 1124 vel
935 1058 1405 1124 lavatrinarum
1454 1060 1706 1136 sordeS,
1755 1060 1910 1125 haec
1957 1060 2228 1145 denique
2265 1082 2346 1125 ne
2384 1064 2592 1146 putris

234 1162 427 1248 aliqua
480 1172 591 1229 aut
653 1164 821 1230 male
881 1168 1103 1231 iuncta
1148 1166 1301 1244 θυρὶς
1348 1170 1454 1230 τοῦ
1507 1166 1771 1249 ὑπερῴου
1799 1164 1874 1245 ⁹),
1923 1166 2198 1232 fenestra
2244 1174 2434 1232 vento
2481 1187 2595 1253 per

236 1272 577 1354 angiportus
644 1271 989 1337 bacchante
1060 1271 1317 1348 avulsa,
1390 1272 1640 1338 illidere
1712 1277 1958 1358 posset,
2033 1272 2236 1337 edicto
2297 1272 2590 1338 aedilicio

238 1378 483 1441 vetitum
527 1382 625 1442 est
670 1378 977 1443 fenestras
1027 1377 1106 1442 ad
1157 1377 1437 1463 plateam
1483 1379 1810 1464 publicam
1857 1378 2089 1444 habere
2135 1381 2229 1442 ita
2275 1386 2594 1445 construc-

241 1491 319 1545 tae
374 1492 441 1547 ut
498 1490 858 1549 extrorsum
916 1487 1331 1569 aperirentur.
1399 1486 1489 1549 At
1532 1486 1755 1548 ianuae
1801 1484 1951 1549 illae
1999 1485 2112 1549 ubi
2161 1482 2353 1550 sunt?
2400 1485 2591 1551 Vides

242 1588 509 1656 editorem
553 1611 668 1676 per
718 1612 998 1656 errorem
1017 1639 1033 1668 ,
1080 1593 1148 1655 in
1196 1613 1390 1677 quem
1436 1590 1715 1657 incidere
1763 1613 1890 1656 non
1928 1597 2180 1676 poterat
2219 1593 2342 1657 nisi
2378 1612 2592 1657 recens

244 1715 273 1757 a
324 1695 759 1761 molestissimo
828 1695 1043 1762 labore
1114 1696 1363 1762 litteras
1434 1700 1772 1763 semirosas
1845 1698 2120 1763 rimandi
2149 1746 2166 1777 ‚
2232 1698 2590 1764 confudisse

248 1801 441 1877 θυρίδας
484 1804 807 1888 fenestras
867 1808 932 1868 et
993 1804 1170 1881 θύρας
1236 1804 1473 1867 ianuas.
1523 1803 1646 1868 Vix
1696 1825 1856 1890 opus
1905 1806 2059 1883 erit,
2111 1807 2352 1891 opinor,
2400 1810 2476 1869 ut
2521 1807 2591 1869 in

249 1912 579 1973 memoriam
642 1911 703 1973 ei
764 1929 1058 1974 revocem
1115 1907 1285 1973 locos
1346 1910 1875 1994 Aristophaneos:
1926 1922 2197 1975 vesanus
2243 1910 2356 1975 1116
2397 1932 2591 1997 quem

250 2018 501 2079 novimus
549 2036 742 2080 senex
786 2017 853 2079 in
904 2014 1129 2101 Vespis
1170 2012 1414 2093 ἐξάψας
1459 2016 1561 2080 διὰ
1603 2023 1711 2089 τῆς
1756 2016 1977 2096 θυρίδος
2020 2018 2088 2081 τὸ
2129 2014 2424 2099 καλῴδιον
2446 2013 2590 2082 εἶτα

256 2122 441 2204 καθιμᾷ
486 2121 678 2197 δήσας
730 2122 915 2186 αὐτόν
963 2127 1084 2201 (16.
1138 2120 1328 2202 379);
1380 2124 1436 2187 61
1483 2144 1610 2208 qua
1654 2120 2038 2189 muliercula
2101 2124 2311 2189 taedio
2372 2145 2590 2189 rerum

256 2228 717 2310 quotidianarum
780 2232 964 2313 capta
1026 2232 1091 2292 et
1137 2229 1298 2292 66116
1348 2227 1626 2314 solisque
1676 2236 1978 2314 appetens
2021 2231 2191 2293 inter
2234 2229 2590 2295 lanificium

258 2333 304 2395 ἐκ
351 2342 443 2407 τῆς
504 2334 727 2409 θυρίδος
775 2333 1205 2412 παρακύπτει,
1254 2341 1726 2419 praetereuntes
1777 2356 1996 2401 omnes
2043 2357 2185 2401 eam
2233 2339 2591 2422 suspiciunt

260 2436 483 2513 (Thesm.
536 2436 729 2519 797);
802 2438 1015 2523 puella
1086 2460 1237 2523 cum
1308 2448 1590 2506 amatore
1664 2462 1780 2505 suo
1853 2463 1966 2526 per
2033 2442 2235 2520 θυρίδα
2301 2441 2589 2529 apertam

260 2546 642 2611 confabulatur
686 2544 925 2610 Eccles.
978 2544 1109 2611 950
1134 2568 1268 2632 sqq.
1318 2553 1383 2611 et
1430 2547 1654 2613 deinde
1694 2554 1916 2613 auctor
1955 2550 2014 2612 61
2054 2555 2152 2613 est
2190 2553 2265 2613 ut
2303 2548 2589 2615 clausam

261 2650 391 2728 θύραν
431 2655 495 2716 11
538 2654 785 2737 aperiat
831 2658 949 2732 (16.
1006 2650 1136 2715 962
1163 2659 1347 2737 sqq.).

318 2759 389 2821 At
428 2760 615 2823 audio
656 2758 1203 2843 interpellantem:
1248 2759 1449 2836 „heus
1493 2765 1597 2837 tu,
1640 2760 1794 2845 quid
1833 2763 2042 2847 igitur
2063 2760 2337 2848 Hippias
2363 2764 2584 2828 fecisse

259 2862 440 2929 dicitur
496 2866 695 2931 altero
757 2865 897 2930 loco
954 2865 1366 2931 Aristotelico
1387 2915 1403 2943 ,
1472 2888 1665 2952 quem
1713 2868 1918 2932 editor
1963 2871 2304 2947 excitavit,
2357 2869 2583 2935 Oecon.

258 2966 299 3031 Π
328 2970 389 3035 4:
430 2972 677 3043 Ἱππίας
728 2971 756 3035 ὂ
798 2973 1114 3044 Ἀθηναῖος
1162 2974 1246 3035 τοὶ
1299 2972 1681 3051 ὑπερέχοντα
1729 2980 1843 3038 τῶν
1894 2972 2167 3054 ὑπερῴων
2208 2976 2292 3046 εἷς
2332 2976 2448 3047 τοὶς
2491 2975 2590 3051 δη-

257 3078 425 3149 μοσίας
486 3078 651 3147 ὀδοὺς
697 3077 801 3141 καὶ
851 3078 989 3149 τοὺς
1038 3078 1443 3155 ἁναβαθμοὺς
1493 3080 1596 3143 καὶ
1646 3081 1730 3145 τοὶ
1778 3080 2260 3159 προΦροὶγματα
2311 3083 2413 3145 καὶ
2467 3082 2585 3154 τὰς

259 3181 391 3261 θύρας
442 3186 556 3258 τὰς
620 3184 1025 3263 ἀνοιγομένας
1086 3182 1197 3263 ἔξω
1260 3186 1570 3260 ἐπώλησεν
1589 3183 1659 3250 ‘2⁹'
1692 3184 1743 3267 ³)
1792 3224 1878 3236 —-
1929 3186 2072 3252 Non
2133 3187 2316 3254 facile
2362 3193 2583 3254 tamen

310 3459 347 3519 l)
379 3462 601 3513 Belem?
645 3463 723 3512 Sic
768 3467 822 3513 ut
855 3466 1097 3513 vertamus
1132 3462 1347 3528 cogimur
1383 3464 1475 3513 nisi
1514 3465 1660 3514 fallor
1696 3465 1838 3516 verbo
1875 3464 2185 3529 ὑπερτείνειν,
2221 3469 2346 3533 quod
2385 3470 2441 3518 de
2476 3486 2587 3519 ean·

266 3542 359 3590 affin
381 3548 476 3593 ante
503 3546 692 3595 domum
728 3545 779 3595 in
814 3546 917 3611 ipsa
950 3546 1027 3595 via
1062 3544 1312 3595 collocatis
1346 3552 1455 3612 apte
1486 3548 1583 3597 dici
1619 3565 1713 3597 non
1753 3554 1924 3615 posset.

316 3625 559 3685 ῐιισίποδας
608 3628 782 3679 Pollux
828 3628 912 3678 Ι.1.
962 3632 1098 3678 vocat
1141 3628 1299 3678 trabea
1344 3645 1399 3679 ex
1444 3630 1628 3695 pariete
1672 3632 1961 3693 eminentes,
2001 3632 2173 3697 quibua
2205 3635 2585 3698 superstructum

276 3710 323 3752 ut
343 3708 689 3773 γεισιπόδισμας
724 3712 892 3773 γεῖσον
927 3728 1040 3761 1610
1075 3712 1151 3761 161
1186 3712 1421 3775 ‘yslo-maa
1454 3714 1500 3763 ei
1536 3718 1608 3763 eet
1643 3714 1704 3762 τὸ
1740 3716 1960 3779 προῦχον
1995 3721 2088 3764 τοῦ
2129 3713 2408 3777 ὖπερθυρίου
2443 3716 2582 3782 (ibid.

281 3799 309 3833 e.
330 3785 407 3853 u),
434 3794 685 3844 vertibulae:
716 3795 1082 3858 praemunitum.

330 3870 369 3931 2)
394 3873 585 3937 Superior
618 3880 809 3926 tantum
846 3878 1073 3927 domuum
1108 3894 1238 3943 pare.
1278 3877 1329 3927 in
1364 3894 1457 3942 qua
1493 3878 1716 3929 mulieres
1752 3880 1919 3945 degere
1952 3880 2128 3939 nolent,
2165 3882 2421 3932 fenestram
2441 3883 2584 3933 habet

298 3962 389 3999 mn
412 3955 473 4003 vel
502 3957 671 4020 plures,
709 3975 801 4024 qua
838 3960 1010 4009 lumini
1044 3962 1128 4009 fiat
1163 3961 1334 4011 aditus.

346 4032 377 4087 ὅ)
404 4036 454 4083 De
484 4039 701 4101 Iphicrate
734 4042 859 4092 idem
894 4045 1063 4093 narrat
1096 4044 1365 4107 Polyaenus
1398 4044 1481 4094 111
1520 4047 1549 4095 9
1586 4047 1615 4107 ξ
1633 4046 1720 4095 30;
1763 4044 2044 4108 Ἰφικράτης
2084 4042 2132 4094 ἐν
2169 4044 2350 4113 ἀπορίᾳ
2381 4048 2584 4114 χρημά-

310 4121 366 4199 ‘sm
394 4110 543 4166 ’ἑπιισεν
584 4123 860 4181 Ἀθηναίους
902 4126 972 4173 τὰ
1006 4122 1321 4189 ὑπερέχοντα
1357 4130 1457 4174 τῶν
1492 4124 1900 4187 οἰκοδομημάτων
1934 4126 2006 4186 εἷς
2036 4129 2132 4186 τὰς
2167 4125 2412 4189 δημοσίας
2441 4129 2582 4190 ὁδοὺς

308 4196 519 4277 ξῐσιιθπτειν
546 4200 571 4259 ἢ
600 4203 909 4267 πιπράσκειν,
942 4205 1077 4255 ὥστε
1113 4209 1163 4256 οἱ
1194 4205 1438 4257 δεσπόται
1478 4214 1575 4257 τῶν
1613 4208 1772 4257 οἰκιῶν
1808 4211 1978 4258 πολλὰ
2011 4208 2303 4273 εἰσήνεγκαν
2334 4211 2584 4276 χρήματα

310 4269 389 4331 ⁰³3!
424 4282 489 4325 τθῧ
526 4284 581 4341 μῆ
612 4291 925 4350 περικοπῆναι
964 4288 1049 4337 καὶ
1082 4289 1237 4351 σαθρὰ
1272 4289 1503 4353 γενέσθαι
1542 4292 1612 4340 τὰ
1647 4289 2045 4352 οἰκοδομήματα.
2082 4294 2153 4341 De
2190 4294 2350 4345 ianuis
2383 4312 2442 4347 116
2477 4312 2583 4346 161-

308 4344 423 4405 bulum
453 4362 601 4423 quidem
644 4370 719 4420 hic
767 4372 957 4421 dicitur.
1009 4374 1235 4423 Ceterum
1281 4374 1437 4424 1166010
1486 4390 1545 4423 611
1585 4390 1717 4427 mero
1753 4390 1916 4425 errore
1955 4376 2042 4425 hoc
2076 4378 2314 4429 referatur
2350 4378 2411 4429 ad
2446 4378 2582 4444 Iphi-
