3192 5009
557 235 687 302 140
1556 255 1906 304 nomnium.

551 423 687 488 iam
751 421 1089 487 credantur
1147 420 1435 488 conditae
1492 443 1628 488 esse
1689 423 1768 488 ab
1831 421 2204 487 hominibus
2252 423 2410 487 artis
2457 429 2522 489 et
2563 423 2788 488 iudicii
2836 444 2956 488 ex-

548 531 870 616 pertibus,
920 531 1033 614 qui
1078 549 1157 593 ne
1204 551 1425 594 versus
1476 530 1738 614 quidem
1783 550 2061 614 pangere
2109 527 2384 594 scirent?
2448 529 2582 594 Nae
2641 530 2955 615 praeferi-

548 658 697 701 mus
736 635 957 700 lutum
979 633 1144 699 illud
1167 638 1525 720 antiquum,
1549 639 1620 700 in
1645 657 1770 721 quo
1795 635 2138 701 haerebant
2162 634 2466 700 Dorvillji
2490 641 2555 701 et
2579 634 2950 722 Spitzneri3

546 744 619 809 hi
671 746 846 810 enim
906 745 1101 808 metri
1146 744 1309 807 vitia
1352 746 1423 806 in
1469 745 1744 808 vetustis
1791 741 1922 806 illis
1969 743 2268 827 operibus
2313 747 2530 807 extare
2579 743 2916 828 negabant
2935 790 2954 819 ‚

545 850 971 915 recentissimi
1029 868 1182 913 vero
1228 851 1434 913 critici
1478 851 1549 912 in
1594 851 1889 912 animum
1935 849 2058 913 sibi
2101 847 2414 912 inducunt
2461 850 2624 914 vitia
2667 851 2954 913 metrica

545 957 788 1041 passim
834 955 912 1020 ab
958 957 1097 1040 ipso
1142 961 1290 1019 vate
1338 954 1620 1018 admissa
1659 975 1794 1019 esse
1835 953 2243 1030 dormitanti,
2293 974 2444 1018 cum
2491 951 2688 1032 ὥσπερ
2737 957 2952 1031 γραῦς

545 1063 781 1142 κάχρυς
848 1063 1087 1125 ἁλοῦσα
1155 1059 1517 1126 cantillaret
1576 1060 1843 1126 verbula
1891 1081 1968 1125 ex
2016 1059 2322 1125 obsoletis
2368 1061 2761 1146 quibusdam
2811 1081 2954 1126 car-

546 1170 831 1234 minibus
878 1174 1175 1252 excerpta
1192 1217 1209 1245 ,
1258 1188 1419 1253 quae
1465 1170 1669 1254 ipsius
1713 1168 2064 1232 memoriae
2107 1168 2528 1232 inhaererent.
2576 1169 2665 1232 At

908 1295 1037 1338 non
1083 1274 1320 1338 dormit
1365 1279 1575 1338 vates:
1625 1276 1832 1339 critici
1879 1293 1994 1337 sua
2039 1275 2288 1339 somnia
2331 1279 2611 1338 narrant.

638 1380 709 1446 Si
754 1383 897 1466 quis
944 1381 1145 1446 credit
1189 1401 1295 1446 eos
1342 1387 1559 1466 poetas
1605 1383 1717 1467 qui
1755 1380 2054 1446 Hectoris
2091 1402 2242 1446 cum
2279 1401 2482 1445 uxore
2519 1379 2949 1466 colloquium,

549 1486 823 1552 Achillis
866 1489 1033 1551 iram
1051 1535 1068 1563 ‚
1116 1485 1362 1551 Priami
1408 1485 1663 1551 luctum
1681 1535 1698 1564 ‚
1747 1485 1961 1550 Ulixis
2009 1485 2292 1551 reditum
2339 1488 2703 1551 cecinerunt
2719 1535 2738 1562 ,
2793 1485 2954 1551 ideo

550 1601 783 1665 dixisse
844 1585 972 1664 ἀπὶ·
1030 1597 1123 1678 ἕο,
1187 1597 1359 1674 rbi-'511
1420 1596 1559 1663 οἶδα
1625 1605 1744 1664 etc.
1809 1598 1981 1684 qnod
2042 1598 2122 1663 ab
2185 1597 2328 1663 aliis
2380 1599 2638 1663 vatibus
2681 1601 2752 1662 in
2801 1598 2958 1664 aliis

550 1705 885 1771 versiculis
946 1705 1285 1791 aliquando
1346 1705 1658 1792 producta
1721 1711 1888 1770 esset
1935 1703 2187 1792 syllaba
2233 1728 2284 1768 -ο
2333 1703 2441 1770 vel
2483 1729 2590 1782 -ον,
2637 1707 2694 1769 16
2743 1707 2957 1770 etiam

550 1833 711 1898 opus
770 1815 1105 1876 musivum
1166 1814 1451 1897 picturae
1512 1811 2049 1877 Rembrantianae
2113 1809 2323 1877 simile
2369 1810 2612 1876 iudicet
2660 1810 2771 1877 vel
2806 1832 2960 1878 cen-

550 1924 728 1983 tones
774 1918 1151 1984 Homericos
1197 1922 1539 2004 anteponat
1582 1919 1710 2005 ipsi
1757 1917 2062 1982 Homero.

641 2022 766 2090 Sed
828 2023 1184 2089 cavendum
1228 2045 1307 2088 ne
1352 2023 1797 2110 indignatione
1844 2023 2092 2108 abrepti
2134 2021 2330 2088 verba
2375 2044 2490 2108 pro
2538 2027 2955 2110 arg-umentis

548 2131 697 2196 dare
756 2130 1093 2195 videamur
1155 2135 1268 2194 aut
1313 2150 1466 2216 erga
1513 2128 1674 2194 alios
1719 2128 2086 2214 philolog-os
2105 2177 2121 2206 ‚
2172 2149 2280 2193 eos
2326 2149 2578 2215 quoque
2624 2131 2764 2194 veri
2809 2135 2955 2194 stu-

548 2235 759 2300 diosos
775 2285 793 2313 ‚
864 2239 1072 2321 iniqui
1144 2235 1393 2300 fiamus.
1461 2233 1694 2300 Sedata
1753 2237 1963 2320 igitur
2017 2239 2234 2299 mente
2283 2239 2658 2320 reputemus
2701 2237 2954 2302 satisne

546 2340 760 2406 valeat
828 2338 1061 2406 Caneri
1127 2342 1285 2406 haec
1350 2342 1706 2406 observatio
1758 2341 1834 2406 de
1881 2339 2016 2406 loco
2061 2341 2280 2406 Iliadis
2334 2350 2402 2404 Ω
2436 2339 2586 2406 152.
2649 2340 2957 2428 Iuppiter

550 2468 703 2512 cum
747 2447 1050 2512 mandata
1094 2447 1204 2512 dat
1248 2446 1407 2511 Iridi
1453 2447 1533 2511 ad
1580 2447 1920 2511 Priamum
1963 2446 2368 2533 perferenda,
2416 2447 2572 2513 haec
2617 2447 2828 2513 addit:

821 2551 981 2628 μηδὲ
1026 2553 1089 2616 τί
1136 2553 1188 2616 οἷ
1236 2553 1495 2622 θάνατος
1544 2551 1789 2629 μελέτω
1841 2553 2022 2630 Φρεσὶ
2073 2552 2231 2629 μηδὲ
2278 2576 2338 2617 τι
2385 2551 2618 2632 τάρβος
2646 2576 2661 2593 ·

822 2667 977 2722 τοῖον
1024 2657 1152 2740 γάρ
1198 2661 1249 2724 οἱ
1300 2659 1547 2732 πομπὸν
1596 2660 1956 2736 ὀπάσσομεν
2003 2659 2438 2739 ἀργειφόντην,

820 2761 881 2835 ὃς
931 2763 1069 2844 ἄξει
1114 2762 1246 2835 εἵως
1296 2790 1398 2830 κεν
1443 2765 1619 2842 ἄγων
1671 2766 1928 2846 ’Λχιλῆι
1981 2765 2291 2845 πελάσσῃ.

549 2872 741 2937 Venit
778 2871 899 2936 Iris
940 2872 1020 2937 ad
1056 2893 1313 2959 regem,
1358 2879 1423 2938 et
1457 2872 1559 2937 his
1597 2873 1808 2937 verbis
1849 2893 2002 2937 61116
2036 2870 2381 2957 compellat
2419 2875 2542 2952 (vs.
2585 2871 2710 2937 181
2739 2878 2948 2963 sqq.):

820 2978 974 3054 μηδέ
1021 2979 1087 3042 τί
1132 3002 1223 3043 τοι
1272 2977 1530 3048 θάνατος
1581 2977 1824 3052 μελέτω
1876 2978 2056 3058 Φρεσὶ
2105 2976 2264 3054 μηδέ
2311 3003 2370 3041 τι
2421 2977 2691 3056 τάρβος·

820 3092 975 3155 τοῖος
1023 3085 1153 3163 γάρ
1196 3109 1285 3148 τοι
1336 3084 1582 3161 πομπὸς
1633 3081 1750 3160 ἅμ’
1801 3078 2025 3162 ἕψεται
2077 3083 2528 3163 ἄργειφόντης,

823 3185 881 3262 ὅς
932 3189 991 3252 σ’
1042 3188 1177 3268 ἄξει
1226 3189 1353 3261 εἵως
1404 3215 1503 3254 κεν
1553 3189 1728 3268 ἄγων
1775 3191 2032 3268 ’Λχιλῆι
2082 3190 2397 3270 πελάσσῃ.

551 3295 813 3362 Gemini
870 3297 941 3361 hi
996 3296 1122 3362 loci
1184 3304 1492 3383 quantam
1534 3298 1812 3363 habeant
1857 3299 1994 3361 vim
2043 3297 2123 3362 ad
2168 3297 2666 3362 confirmandam
2715 3297 2952 3364 doctri-

548 3422 701 3466 nam
745 3423 908 3487 quae
955 3409 1053 3467 est
1098 3403 1176 3468 de
1220 3403 1565 3469 Homerico
1613 3403 1946 3490 dig-ammo
1965 3452 1980 3480 ‚
2027 3403 2545 3468 demonstrarunt
2582 3403 2836 3470 Bekker
2877 3411 2950 3472 et

552 3507 772 3576 Cobet.
841 3507 989 3593 Ipsa
1054 3515 1285 3594 poetae·
1347 3509 1539 3575 verba
1601 3530 1794 3575 versu
1861 3508 1988 3574 183
2049 3507 2192 3574 11166
2258 3509 2491 3574 clarius
2555 3508 2906 3575 ostendunt
2927 3560 2944 3588 ‚

545 3617 613 3679 in
676 3635 866 3679 versu
936 3614 1063 3678 154
1128 3636 1477 3701 pronomen
1538 3616 1695 3694 r’(e)‚
1747 3615 1917 3701 quod
1967 3636 2118 3680 cum
2163 3620 2450 3680 metrum
2497 3614 2749 3703 flagitat
2792 3623 2944 3682 tum

548 3723 896 3798 sententia,
945 3726 1093 3807 post
1138 3718 1199 3792 ὃς
1248 3720 1668 3787 intercidisse.
1718 3720 1886 3800 Quid
1931 3719 2175 3807 igitur?
2221 3721 2478 3787 Numne
2517 3727 2708 3808 poeta
2742 3722 2944 3788 huius

540 3834 671 3899 loci
728 3834 1049 3920 putandus
1114 3841 1329 3901 tamen
1378 3840 1474 3899 est
1524 3825 1586 3906 ὃς
1641 3833 1776 3913 ἄξει
1835 3837 2132 3926 cecinisse
2185 3834 2309 3912 „ad
2353 3834 2729 3922 exemplum
2775 3841 2941 3902 anti-

546 3943 846 4026 quiorum
886 3939 1247 4026 aliquorum
1286 3944 1648 4007 carminum
1665 3939 1734 4005 ?”
1786 3939 2206 4008 Credimusne
2245 3961 2398 4005 eum
2439 3945 2778 4018 „nesciisse
2825 3965 2944 4008 6111·

546 4048 920 4135 produceret
968 4048 1287 4135 syllabam
1335 4045 1465 4127 34²³,
1519 4049 1630 4115 sed
1677 4049 1999 4115 audivisse
2048 4047 2389 4134 aliqnando
2437 4049 2514 4114 ab
2563 4049 2706 4115 aliis
2751 4050 2944 4118 hexa-

547 4157 741 4219 metri
799 4156 988 4219 initio
1037 4153 1459 4241 productam?
1503 4155 1682 4220 Bona
1725 4154 1952 4221 verba!
2003 4155 2277 4221 absurda
2325 4158 2498 4222 enim
2541 4157 2677 4221 iam
2723 4157 2944 4223 evadit

550 4263 865 4326 sententia
884 4309 899 4337 ,
940 4281 1137 4346 quam
1174 4282 1211 4325 a
1252 4259 1533 4340 Cauero,
1574 4283 1702 4347 quo
1743 4269 1840 4328 est
1880 4264 2119 4326 mentis
2144 4265 2438 4328 acumine
2456 4312 2473 4341 ‚
2501 4262 2834 4330 defensum
2859 4268 2946 4332 iri

550 4365 850 4435 credibile
910 4388 1036 4432 non
1082 4367 1397 4434 ducimus.
1446 4367 1672 4434 Nonne
1715 4367 1952 4434 melius
1999 4374 2097 4434 est
2144 4370 2483 4436 concedere
2529 4369 2828 4438 Bekkero
2875 4377 2946 4438 et
