3192 5009
569 224 654 295 '78
1319 322 1325 327 -
1360 246 1444 297 1111
1488 246 1639 297 mar.
1687 247 2138 299 OBNUN'HANDI.

565 420 763 501 negat
777 462 794 491 ‚
857 414 1018 479 116116
1077 416 1217 479 vim
1277 414 1609 480 adversam
1654 416 1945 481 fulminis
1988 419 2155 481 inter
2201 419 2514 482 actionem
2562 416 2763 481 oblati
2809 415 2947 480 lon-

566 524 716 608 gius
783 523 1163 606 pertinuisse
1223 542 1417 606 quam
1475 522 1554 586 ad
1617 526 1879 588 comitia
1896 572 1913 601 ,
1977 524 2077 588 his
2125 523 2375 589 duobus
2420 524 2609 589 locis:
2660 523 2945 609 ,fulmen

563 627 873 691 sinistrum
889 676 906 705 ,
955 628 1285 709 auspicium
1329 628 1611 710 optimum
1658 631 1815 713 quod
1855 630 2127 692 habemus
2174 632 2259 693 ad
2304 652 2495 693 omnes
2538 652 2633 692 res
2666 635 2949 711 praeter-

563 756 735 819 quam
782 735 867 796 ad
908 732 1146 797 comitia
1159 761 1189 809 ;
1237 736 1394 818 quod
1438 734 1671 818 quidem
1716 734 2056 797 institutum
2098 735 2465 818 reipubbicae
2501 757 2683 797 causa
2714 740 2801 797 est
2820 784 2837 812 ‚
2876 740 2948 796 ut

563 840 925 903 comitiorum
982 840 1080 903 vel
1135 840 1202 901 in
1263 840 1512 903 iudiciis
1547 841 1771 922 populi
1816 841 1913 904 vel
1954 842 2023 905 in
2068 841 2202 905 iure
2250 842 2441 922 leyum
2487 841 2585 904 vel
2628 840 2697 903 im
2740 861 2949 903 erean-

564 948 661 1011 da'e
697 945 1141 1027 magistratibus
1163 946 1481 1028 principes
1517 947 1786 1009 civitatis
1820 950 1888 1026 (i.
1916 969 1969 1012 e.
1996 954 2301 1033 augures)
2327 954 2519 1011 essent
2539 945 2942 1029 interpretes

563 1052 720 1135 (div.
785 1052 848 1117 2.
877 1050 981 1116 35.
1014 1049 1146 1131 74),
1195 1057 1260 1116 et
1307 1051 1437 1116 div.
1488 1051 1550 1116 2.
1583 1051 1686 1117 18.
1716 1052 1801 1115 42
1829 1074 1957 1137 sq.:
2030 1054 2215 1132 „Iove
2277 1060 2518 1116 tonante
2561 1052 2946 1137 fulqurante

558 1158 799 1222 comitia
844 1157 1069 1240 popuh‘
1129 1158 1343 1221 habere
1403 1159 1605 1242 nefas.
1682 1158 1804 1221 Hoc
1839 1159 2120 1243 fortasse
2164 1158 2533 1240 reipublicae
2582 1180 2762 1221 cauea
2808 1179 2947 1220 con-

556 1266 830 1328 stitutum
875 1271 961 1327 est
973 1291 1001 1339 ;
1041 1264 1404 1327 comitiorum
1442 1265 1599 1327 enim
1635 1286 1753 1327 non
1786 1266 2185 1329 habendorum
2226 1286 2436 1329 causas
2459 1286 2581 1329 esse
2603 1264 2945 1328 voluerunt.

559 1370 778 1455 Itaque
835 1369 1199 1433 comitiorum
1255 1368 1444 1432 solum
1499 1370 1711 1433 vitium
1769 1377 1856 1433 est
1898 1372 2151 1456 fulmen
2164 1420 2180 1449 ‚
2246 1372 2403 1455 quod
2462 1371 2617 1433 idem
2676 1368 2947 1433 omnibus

554 1478 724 1541 reb-ue
785 1475 1066 1558 optimum
1128 1474 1460 1557 auspicium
1523 1477 1799 1539 habemus
1815 1524 1831 1554 ‚
1880 1477 1936 1539 si
1983 1478 2291 1541 sinistrum
2320 1474 2538 1561 su·it''.
2588 1475 2757 1540 Fieri
2802 1478 2947 1560 qui-

555 1584 703 1649 dem
751 1588 992 1669 potest,
1043 1588 1118 1646 ut
1167 1580 1384 1647 Cicero
1434 1583 1553 1647 hoc
1602 1603 1750 1647 vere
1790 1582 2042 1648 dixerit.
2094 1582 2217 1649 Sed
2257 1589 2473 1647 tamen
2514 1603 2639 1646 non
2672 1601 2944 1667 prorsus

551 1688 921 1754 incredibile
974 1709 1106 1753 esse
1153 1689 1317 1752 mihi
1362 1688 1639 1766 videtur,
1682 1687 2052 1755 Ciceronem
2091 1692 2287 1755 nimis
2330 1689 2674 1755 attendisse
2714 1688 2793 1753 ad
2832 1708 2945 1753 eas

554 1798 860 1873 actiones,
910 1816 1071 1879 quae
1117 1816 1232 1859 suo
1280 1800 1568 1880 tempore
1618 1799 1813 1861 etiam
1853 1797 2105 1861 crebrae
2146 1802 2212 1861 et
2248 1798 2667 1883 gravissimae
2691 1802 2905 1859 essent
2924 1843 2943 1872 ,

557 1922 831 1986 eumque
892 1900 1246 1987 neglexisse
1292 1921 1442 1966 cum
1489 1924 1719 1964 censum,
1763 1907 1907 1967 tum
1953 1902 2114 1965 abias
2160 1904 2421 1965 actiones
2469 1901 2587 1966 sub
2636 1901 2785 1965 divo
2832 1921 2949 1987 ge-

556 2008 811 2085 rendas,
877 2028 1034 2093 quae
1094 2014 1240 2071 tum
1300 2007 1430 2072 fere
1489 2010 1559 2072 in
1622 2007 2108 2073 desuetudinem
2156 2009 2477 2073 abiissent.
2530 2006 2661 2072 Nos
2707 2007 2825 2071 1106
2870 2008 2947 2069 111

555 2115 768 2180 medio
814 2113 1267 2199 relinquemus.
1319 2112 1444 2177 Sed
1490 2114 1611 2178 hac
1649 2117 1714 2177 in
1761 2135 1827 2178 re
1875 2117 2244 2199 praesertim
2286 2136 2435 2180 cum
2478 2111 2778 2180 Cicerone
2819 2112 2949 2176 dis-

555 2224 756 2287 sentio
775 2270 791 2297 ,
842 2219 1011 2305 quod
1055 2220 1238 2285 illam
1284 2218 1500 2305 legem
1547 2220 1930 2304 reipublicae
1980 2241 2169 2285 661166
2211 2221 2447 2286 factam
2486 2240 2621 2285 esse
2663 2221 2945 2303 suspica-

553 2334 680 2392 tur.
746 2327 805 2391 N
808 2348 912 2390 am
982 2328 1254 2412 cogitari
1323 2323 1580 2410 quidem
1652 2332 1897 2410 potest,
1970 2346 2247 2413 augures
2316 2326 2545 2390 abusos
2616 2345 2750 2389 esse
2820 2324 2945 2388 1166

553 2433 699 2519 lege
717 2482 733 2510 ‚
783 2454 909 2498 non
951 2431 1208 2517 quidem
1248 2435 1420 2496 inter
1456 2434 1719 2497 comitia
1738 2481 1753 2509 ‚
1795 2433 2146 2497 nuntiando
2187 2435 2468 2517 auspicio
2508 2431 2675 2517 quod
2712 2430 2946 2495 fictum

556 2546 721 2604 esset
767 2538 1108 2622 (Mnemos.
1157 2536 1374 2601 XVIII
1419 2558 1565 2624 pag.
1618 2538 1798 2617 450),
1848 2538 1957 2602 sed
2006 2544 2262 2624 postea,
2326 2559 2477 2603 cum
2524 2557 2820 2623 quaerere
2872 2545 2942 2602 et

555 2645 883 2711 decernere
953 2646 1305 2729 coepissent
1373 2665 1532 2708 num
1605 2644 1765 2709 forte
1826 2652 2044 2709 contra
2103 2646 2386 2730 auspicia
2446 2645 2664 2709 habita
2722 2652 2941 2711 essent

555 2754 814 2818 comitia
833 2800 849 2828 ‚
915 2753 970 2815 si
1031 2770 1240 2837 augur
1286 2771 1414 2814 11011
1463 2749 1726 2815 affuerat
1743 2798 1759 2826 ,
1811 2757 1875 2815 et
1922 2756 2117 2815 testes
2166 2750 2415 2835 aliquot
2463 2750 2775 2815 dabantur
2822 2755 2941 2836 qui

553 2857 710 2923 falso
773 2856 1158 2923 declararent
1177 2904 1192 2933 ,
1258 2854 1502 2921 fulmen
1565 2859 1735 2919 inter
1796 2858 2055 2920 comitia
2115 2856 2359 2920 factum
2421 2875 2572 2920 6666.
2646 2854 2771 2921 Sed
2814 2856 2940 2922 1106

556 2963 819 3030 consilio
865 2965 1147 3048 turpiore
1194 2960 1310 3025 illa
1354 2961 1459 3026 lex
1505 2964 1768 3026 inventa
1806 2982 1938 3026 esse
1979 2982 2105 3025 non
2147 2968 2375 3048 potest.
2414 2961 2578 3026 Vera
2612 2964 2705 3027 rei
2744 2982 2941 3027 661166

556 3069 893 3135 manifesta
961 3089 1093 3133 esse
1153 3066 1432 3144 videtur,
1497 3068 1667 3152 quod
1730 3066 1973 3132 fulmen
2038 3068 2156 3132 sub
2220 3068 2368 3133 divo
2433 3088 2755 3133 remanere
2804 3090 2936 3133 11011

553 3178 799 3261 patitur
842 3176 1015 3238 cives
1062 3179 1480 3259 congregatos
1498 3194 1512 3250 ;
1563 3174 1683 3238 hoc
1728 3172 2140 3239 confirmatur
2178 3194 2252 3239 60
2293 3173 2463 3259 quod
2503 3195 2696 3259 supra
2734 3176 2941 3239 6111111-

557 3282 950 3346 advertimus
968 3328 984 3356 ,
1047 3282 1243 3344 etiam
1302 3286 1673 3361 tempestates
1726 3301 2209 3367 nonnumquam
2260 3281 2385 3345 dici
2430 3282 2789 3347 turbavisse
2834 3303 2951 3373 co·-

555 3390 775 3465 mitia,
841 3383 1110 3450 fulmine
1171 3407 1296 3449 non
1354 3394 1849 3451 commemorato
1912 3387 2251 3468 (Mnemos.
2317 3386 2534 3451 XVIII
2596 3408 2746 3474 pag.
2795 3388 2932 3453 448

555 3493 696 3559 adn.
752 3492 785 3556 1
807 3513 823 3569 ;
875 3490 1014 3555 add.
1064 3490 1238 3555 Plut.
1283 3487 1414 3556 Gai.
1458 3489 1568 3557 Gr.
1612 3492 1730 3556 14:
1772 3492 2001 3569 ὄμβρου
2044 3492 2432 3572 γενομένου);
2475 3498 2935 3578 tempestatem

555 3605 774 3664 autem
836 3604 899 3663 et
960 3596 1204 3661 fulmen
1222 3645 1238 3673 ‚
1303 3618 1462 3681 quae
1515 3600 1765 3683 proprie
1814 3605 2022 3663 essent
2067 3598 2527 3685 impedimenta
2576 3597 2895 3663 naturalia
2912 3648 2931 3677 ,

558 3782 759 3792 ——F—
786 3780 913 3789 ——-.-

553 3889 642 3952 leg.
679 3888 724 3937 2.
745 3888 823 3937 12.
843 3886 934 3937 81:
977 3884 1122 3949 ‚quid
1152 3884 1555 3951 maqmjficentius,
1587 3903 1727 3951 quam
1760 3904 1894 3951 posse
1927 3889 2173 3937 decernere
2208 3893 2267 3935 ut
2302 3888 2593 3952 miserata
2626 3904 2677 3938 ee
2708 3890 2933 3941 abdicata

554 3968 870 4030 comulesr’),
914 3984 970 4017 ex
1013 3967 1184 4032 quibus
1230 3984 1432 4031 augures
1465 3969 1693 4017 deducere
1730 3976 1978 4035 poterant,
2016 3970 2187 4019 vitium
2224 3970 2443 4034 aliquod,
2480 3972 2755 4036 ceteroquin
2790 3972 2931 4037 iguo-

553 4056 686 4109 tum,
740 4050 883 4099 fuisse
925 4050 978 4097 iu
1027 4048 1248 4114 auspiciis
1293 4066 1401 4099 cum
1436 4056 1714 4100 crearentur
1749 4052 1823 4100 illi
1860 4052 2091 4101 consules.
2130 4052 2209 4101 Sic
2243 4069 2369 4101 1111116
2404 4070 2590 4118 quoque
2625 4054 2799 4104 vitium
2833 4072 2931 4121 quo

552 4132 814 4183 Marcellus
861 4136 1048 4180 creatus
1097 4137 1192 4190 est,
1245 4132 1462 4195 ignotum
1509 4133 1700 4182 mansit.
1736 4162 1803 4171 —
1840 4134 2058 4193 Rubino‚
2105 4152 2213 4184 cum
2267 4136 2593 4185 demonstrare
2627 4136 2771 4186 vellet
2806 4138 2931 4189 illud

549 4216 736 4267 tonitru
781 4215 924 4265 fuisse
957 4216 1112 4279 ipsum
1145 4214 1314 4264 vitium
1347 4215 1406 4265 011
1441 4217 1565 4279 quod
1602 4216 1883 4280 magistratu
1915 4218 2107 4268 abactas
2143 4224 2263 4268 esset
2302 4220 2584 4279 Marcellus,
2620 4220 2845 4285 gravibus
2881 4226 2930 4271 et

549 4298 761 4349 mirificis
793 4298 1034 4347 erroribus
1067 4314 1116 4347 66
1149 4298 1414 4364 implicavit
1448 4298 1662 4357 (Uuters.
1702 4316 1745 4363 p.
1784 4301 1872 4349 69:
1915 4317 2053 4349 -mau
2087 4302 2298 4351 erkliirte
2312 4305 2380 4363 (Ρ)
2415 4302 2505 4351 (1611
2539 4304 2631 4350 Act
2666 4302 2751 4350 der
2778 4304 2925 4352 Crea-

549 4382 652 4433 tiou
688 4382 766 4431 fur
798 4381 918 4431 noch
949 4382 1082 4430 nicht
1115 4380 1356 4445 beeudigt,
1399 4381 1504 4430 weil
1545 4381 1622 4429 die
1658 4382 2155 4448 volknversammlung
2184 4385 2305 4434 noch
2336 4385 2469 4434 nicht
2496 4385 2731 4434 entlmeu
2759 4384 2862 4434 661”
2878 4390 2925 4448 1).
