3192 5009
1107 340 1191 393 nn
1237 344 1546 396 Amsmn
1593 343 1919 398 nns'rom.
2556 325 2689 398 263

309 513 460 590 παρ’
505 507 746 576 ἕκαστα
793 509 1267 588 ὑπομιμνήσκων
1318 515 1691 578 συνακοῦσαι
1712 561 1729 592 ,
1780 511 1915 593 περὶ
1964 507 2039 578 ὧν
2088 513 2542 590 ἀπεστάλημεν
2584 514 2688 580 κα)

308 617 416 684 διὰ
461 616 559 696 τί,
606 616 990 697 πεπείραμαι
1039 622 1258 698 σαφῶς
1308 615 1580 683 ἐκθέσθαι
1630 642 1721 683 σοι
1771 619 1945 684 κ.ϊ.ἑ.

402 723 717 811 corrupta
763 724 916 789 haec
962 744 1098 788 esse
1147 725 1360 809 quivis
1405 723 1604 790 videt.
1654 723 1787 790 Nec
1833 725 2119 790 multum
2164 726 2421 812 prodest
2455 726 2688 814 legere,

309 831 486 918 quod
522 831 918 896 Schmidtius
954 829 1249 895 dubitans
1289 833 1642 916 proposuit,
1686 829 1879 911 ,,παρ’
1922 829 2181 896 ἕκαστον
2209 833 2692 910 ὑπομιμνήσκον-

309 939 482 1010 τος”.
546 937 619 1002 In
665 939 884 1004 eodem
928 956 1215 1023 peccasse
1259 936 1378 1001 hoc
1421 935 1559 1001 loco
1607 936 1853 1002 librarii
1898 938 2215 1016 videntur,
2264 961 2389 1027 quo
2438 942 2689 1025 saepius

305 1047 378 1109 in
424 1051 640 1110 nostra
679 1043 947 1130 epistola
983 1064 1121 1109 rem
1166 1048 1617 1128 corrumpunt:
1675 1063 1835 1127 quae
1877 1065 2003 1109 non
2048 1044 2510 1132 intellegebant
2552 1067 2692 1111 mu·

307 1157 530 1217 tarunt
546 1201 562 1230 ,
613 1151 1087 1236 perturbarunt.
1136 1147 1625 1234 Transponenda
1659 1152 1875 1235 itaque
1912 1171 1986 1215 ea
2004 1199 2021 1228 ,
2063 1171 2222 1237 quae
2269 1152 2345 1216 de
2388 1149 2523 1216 loco
2570 1173 2689 1217 suo

307 1259 715 1336 aberrarunt,
760 1257 954 1322 verba
997 1255 1188 1335 ,,παρ’
1229 1252 1470 1320 ἕκαστα
1512 1256 2029 1332 ὐπομιμνήσκων”
2072 1260 2360 1344 suspicor
2397 1266 2462 1324 et
2501 1265 2693 1324 retra-

307 1364 518 1431 henda
553 1370 698 1451 post
737 1364 884 1444 „31AE
925 1364 1052 1440 rV’,
1095 1383 1220 1449 quo
1259 1362 1438 1428 locus
1475 1365 1570 1428 ita
1614 1365 2071 1430 constituatur:
2124 1364 2269 1443 »διὰ
2318 1365 2387 1428 τὸ
2435 1366 2503 1428 σὲ
2556 1366 2690 1446 περὶ

309 1477 547 1536 πολλοῦ
597 1474 960 1547 πεποιῆσθαι
1011 1473 1386 1534 συνακοῦσαι
1435 1468 1571 1549 περ)
1614 1464 1691 1533 ὧν
1732 1467 2085 1548 έστῶλημεν
2126 1472 2227 1535 καὶ
2272 1471 2373 1536 διὰ
2414 1471 2497 1550 τί,
2546 1474 2691 1553 παρ’

310 1573 556 1642 ’ἕκαστα
605 1579 1073 1655 ὑπομιμνήσκων
1123 1575 1504 1654 πεπείραμαι
1552 1579 1777 1656 σαφῶς
1828 1577 2100 1642 ἐκθέσθαι
2153 1577 2307 1642 σοι”.

403 1683 692 1750 Necdum
728 1704 878 1749 vero
913 1684 1316 1768 prooemium
1353 1681 1604 1748 mendis
1640 1686 1844 1748 vacat.
1885 1681 1990 1747 Vs.
2032 1682 2074 1748 8
2114 1686 2289 1748 enim
2326 1690 2391 1750 et
2428 1705 2557 1771 seq.
2598 1688 2693 1751 ita

311 1790 514 1856 edidit
579 1789 1004 1857 Schmidtius:
1078 1786 1271 1866 „off-roa
1347 1789 1474 1869 γὰρ
1543 1779 2091 1870 κατασκευάζεται
2159 1795 2375 1870 ψυχῆς
2448 1791 2689 1871 καθαρὰ

313 1897 614 1976 διάθεσις,
678 1897 1095 1973 ἀναλαβοῦσα
1159 1896 1242 1961 τὰ
1307 1896 1663 1960 κάλλιστα·
1725 1896 1830 1961 καὶ
1882 1896 2026 1978 πρὸς
2074 1898 2144 1961 τὸ
2196 1899 2441 1963 πάντων
2490 1903 2697 1980 κυριώ-

311 2027 500 2068 τατον
561 2011 907 2082 νενευκυῖα,
969 2005 1078 2078 την
1123 2002 1466 2086 εὐσέβειαν,
1515 2005 1798 2068 ἄπλανεῖ
1840 2003 2188 2086 κεχρημένη
2236 2007 2439 2072 κανόνι
2491 2007 2699 2072 διοικεῖ

313 2113 423 2186 την
470 2111 874 2192 προαίρεσιν”.

404 2218 690 2284 Parvum
727 2221 969 2284 vitium
1005 2218 1124 2283 hoc
1161 2216 1299 2283 loco
1337 2237 1526 2282 causa
1549 2217 1694 2294 fuit,
1718 2222 1796 2281 ut
1818 2219 2019 2282 oratio
2040 2220 2173 2282 iam
2196 2239 2325 2283 non
2346 2219 2693 2298 intellecta,

315 2329 784 2410 perverteretur
819 2328 885 2388 et
923 2324 1407 2390 conturbaretur
1444 2322 1617 2387 mala
1646 2325 2171 2408 interpunctione.
2214 2323 2383 2396 Tum
2408 2324 2689 2405 demum,

315 2434 555 2517 opinor,
580 2435 796 2511 ψυχῆς
824 2430 1060 2507 καθαροὶ
1089 2429 1348 2499 διάθεσις
1373 2433 1686 2506 nascetur,
1710 2449 1861 2494 cum
1888 2432 2141 2496 animus
2164 2451 2291 2496 non
2314 2431 2524 2497 solum
2549 2435 2695 2498 aiva·

315 2537 488 2616 λοὶβη
511 2537 594 2600 τὰ
621 2536 938 2600 κάλλιστα
964 2556 1194 2601 verum
1217 2539 1413 2601 etiam
1437 2535 1516 2600 ad
1537 2537 1849 2620 pietatem
1872 2556 1937 2600 se
1963 2543 2351 2616 convertens,
2378 2559 2453 2604 ea
2474 2545 2697 2605 utetur

313 2651 645 2730 tamquam
668 2664 890 2708 norma
909 2645 977 2706 in
1000 2641 1328 2707 voluntate
1353 2662 1468 2706 sua
1488 2641 1783 2727 regenda.
1825 2642 2169 2728 Perperam
2193 2664 2345 2731 ergo
2370 2646 2565 2710 verba
2589 2647 2691 2710 καὶ

315 2771 516 2836 usque
563 2749 642 2815 ad
688 2748 1006 2826 ἐυσέβειαν
1050 2749 1576 2832 interpunctionis
1623 2749 1805 2834 signo
1854 2768 1891 2811 a
1938 2748 2458 2833 praecedentibus
2498 2751 2695 2816 divel-

311 2855 569 2935 luntur;
617 2858 672 2920 si
718 2861 936 2920 autem
981 2875 1056 2919 ea
1099 2855 1292 2920 verba
1335 2855 1466 2934 (καὶ
1516 2901 1706 2918 .....
1748 2854 2099 2935 εὐσέβειαν)
2141 2855 2220 2920 ad
2257 2857 2693 2941 praecedentia

314 2963 731 3039 traxerimus,
795 2961 1154 3046 sequentia,
1223 2958 1392 3045 quod
1437 2981 1626 3025 nemo
1670 2979 1794 3024 non
1841 2959 2051 3038 videt,
2103 2964 2429 3039 παρέλκειν
2478 2963 2695 3029 viden-

314 3074 442 3133 tur.
486 3065 723 3132 Verum
761 3067 1064 3132 videntur
1095 3065 1304 3130 solum
1325 3115 1340 3144 ‚
1369 3068 1518 3151 quia
1539 3068 1781 3130 vitium
1811 3065 2013 3130 alunt.
2057 3063 2269 3133 Codex
2293 3068 2692 3134 Burneianus

315 3195 354 3238 a
399 3175 621 3239 ceteris
670 3173 1027 3258 discrepans
1072 3172 1264 3237 habet
1311 3173 1512 3235 κανόνι
1561 3172 1666 3236 καὶ
1716 3171 1940 3237 διοικεῖ.
1991 3172 2172 3252 Quod
2220 3174 2421 3240 nihilo
2458 3175 2691 3242 melius

315 3284 446 3362 est,
518 3301 747 3345 verum
815 3284 1073 3364 propter
1143 3299 1286 3344 eam
1356 3297 1617 3343 causam
1685 3285 1900 3344 tamen
1972 3279 2247 3365 dignum
2318 3287 2448 3359 est,
2522 3281 2694 3367 quod

314 3390 592 3464 notetur,
640 3386 790 3471 quia
827 3387 1078 3470 saepius
1117 3385 1408 3450 codicum
1448 3384 1867 3470 discrepantia
1906 3393 2278 3471 corruptum
2316 3407 2453 3453 esse
2474 3385 2693 3454 locum

312 3493 568 3558 indicat.
615 3491 932 3578 Equidem
977 3493 1343 3576 putaverim
1385 3491 1418 3555 δ
1437 3514 1452 3552 ι
1471 3515 1498 3554 ο
1516 3513 1534 3552 ι
1554 3516 1588 3555 κ
1611 3515 1637 3554 ε
1654 3499 1723 3555 ῖν
1770 3511 1906 3556 esse
1947 3491 2298 3578 legendum
2317 3541 2334 3570 ,
2378 3500 2443 3559 et
2478 3499 2689 3560 totum

312 3597 529 3664 locum
571 3600 664 3662 ita
704 3600 1128 3664 constituam:
1180 3595 1372 3675 „offro
1419 3596 1545 3677 γὰρ
1594 3596 2134 3677 κατασκευάζεται
2185 3603 2402 3680 ψυχῆς
2452 3601 2692 3681 καθαρὰ

313 3703 606 3782 διάθεσις,
657 3704 1070 3780 ἀναλαβοῦσα
1118 3704 1202 3767 τὰ
1252 3703 1570 3768 κάλλιστα
1620 3701 1749 3781 καὶ,
1800 3704 1941 3782 πρὸς
1993 3706 2063 3770 τὸ
2114 3704 2357 3770 πάντων
2408 3707 2693 3787 κυριώτα-

314 3834 416 3875 τον
460 3821 770 3876 νενευκυῖα
833 3813 943 3886 την
1007 3809 1350 3888 εὐσέβειαν,
1403 3811 1678 3874 ὥπλανεῖ
1715 3810 2059 3889 κεχρημένη
2105 3812 2303 3876 κανόνι
2352 3814 2692 3878 διοικεῖν

315 3919 425 3991 τὴν
471 3917 876 3997 προαίρεσιν”.
1982 3921 1994 3934 ’

406 4022 502 4088 Ne
570 4044 721 4088 vero
791 4021 954 4088 desit
1014 4021 1182 4107 quod
1249 4021 1409 4087 hanc
1485 4024 1913 4087 coniecturam
1991 4022 2455 4108 quodammodo
2525 4047 2694 4092 com-

315 4129 613 4195 mendare
679 4131 878 4215 possit
897 4177 913 4206 ,
985 4148 1210 4193 moneo
1271 4127 1557 4192 Mathiae
1622 4125 1899 4194 Garbitii
1964 4131 2321 4195 versionem
2384 4131 2690 4217 epistolae

315 4236 612 4301 Latinam
629 4284 646 4314 ,
695 4255 855 4321 quae
893 4237 962 4300 in
1000 4233 1318 4320 plerisque
1357 4234 1743 4300 editionibus
1760 4283 1776 4312 ,
1804 4241 1869 4300 et
1889 4234 2163 4300 Fabricii
2186 4243 2251 4300 et
2273 4235 2695 4304 Sheldoniana

315 4339 576 4411 Graecis
619 4341 767 4406 addi
813 4340 1056 4406 solebat
1074 4389 1090 4418 ,
1138 4340 1242 4405 hic
1285 4339 1420 4406 fflic
1467 4339 1709 4427 aliquid
1753 4339 2020 4407 fortasse
2068 4340 2282 4407 valere
2321 4342 2400 4407 ad
2441 4365 2695 4431 corrup-

315 4453 532 4515 torum
608 4447 1136 4514 emendationem.
1216 4445 1444 4512 Simon
1521 4449 1695 4513 enim
1765 4446 2105 4514 Schardius
2176 4469 2326 4514 cum
2388 4451 2693 4536 epistolae
