3192 5009
532 253 665 319 320
1247 235 1254 242 ⁰
1561 269 1884 316 nonnus.

534 435 721 504 aliis?
764 435 1141 522 Numquam
1186 437 1368 521 sequi
1410 437 1652 520 poterit
1697 434 1869 520 quod
1913 436 2238 520 sequitur:
2291 433 2396 499 καὶ
2449 431 2628 500 κύσα
2677 430 2929 510 γούναθ’

530 542 698 610 ἑλών.
762 541 1027 608 Ostendi
1087 545 1157 607 in
1218 541 1463 607 Mnem.
1516 538 1691 606 1884
1737 562 1800 626 p.
1853 538 1984 605 359
2030 539 2394 606 Homerum
2441 541 2576 606 sibi
2623 559 2736 604 res
2782 557 2934 624 quas

526 655 741 716 narrat
780 669 966 736 saepe
1004 670 1129 713 non
1166 649 1322 714 satis
1354 652 1645 713 accurate
1669 648 1882 712 animo
1905 650 2477 732 repraesentavisse
2499 652 2574 713 et
2597 651 2941 734 praeterea

526 755 885 841 complures
924 753 1052 820 loci
1090 755 1322 840 quibus
1360 754 1481 818 hoc
1519 753 1786 839 probem
1827 752 1908 817 ad
1945 773 2176 819 manus
2199 745 2372 819 sun't.
2415 749 2648 820 Veluti
2673 771 2940 818 omnem

524 861 718 927 fidem
764 865 1023 947 superat
1071 860 1242 946 quod
1286 860 1365 925 de
1410 858 1770 926 Melanthio
1818 859 2097 924 traditur
2138 883 2191 939 χ
2225 859 2388 926 144:

795 965 952 1032 ἔνθεν
997 963 1225 1032 δώδεκα
1274 965 1387 1042 μὲν
1435 964 1614 1030 σάκε’
1664 962 1837 1040 ἔξελε
1858 1013 1875 1043 ,
1924 964 2122 1030 τόσσα
2173 963 2236 1030 δὲ
2285 965 2464 1047 δοῦρα

794 1072 898 1138 καὶ
947 1070 1175 1146 τόσσας
1225 1070 1444 1145 κυνέας
1495 1071 1860 1152 χαλκήρεας
1907 1068 2343 1145 ἱπποδασείας.

520 1179 737 1246 Habet
799 1183 1017 1245 tamen
1075 1199 1151 1244 ea
1214 1178 1569 1244 observatio
1634 1197 1904 1264 magnas
1968 1180 2294 1244 cautiones
2310 1227 2328 1257 ,
2377 1180 2564 1244 cuius
2612 1179 2719 1244 rei
2765 1197 2934 1241 nunc

520 1284 653 1350 ὁδοῦ
702 1283 1007 1365 πάρεργον
1057 1306 1266 1349 unum
1311 1291 1481 1350 certe
1522 1283 1894 1368 exemplum
1934 1283 2152 1349 afferre
2191 1283 2393 1362 lubet.
2440 1283 2758 1370 Ineptum
2797 1303 2930 1349 esse

522 1391 757 1456 dixeris
806 1390 971 1477 quod
1020 1390 1097 1455 de
1144 1389 1503 1476 Sarpedone
1547 1388 1794 1476 legitur
1839 1397 1889 1454 E
1921 1386 2087 1454 655:

792 1487 848 1560 οἳ
896 1495 1007 1573 μὲν
1057 1492 1153 1575 ἄρ’
1203 1496 1470 1560 άντίθεον
1523 1492 1899 1574 Σαρπηδόνα
1945 1494 2053 1559 δῒοι
2106 1494 2330 1574 ἑταῖροι

796 1599 1078 1681 ἐξέφερον
1128 1599 1454 1678 πολέμοιο·
1502 1599 1736 1681 βάρυνε
1782 1598 1848 1665 δέ
1895 1623 2001 1678 μιν
2047 1597 2182 1680 δόρυ
2236 1600 2471 1682 μακρόν

796 1705 1154 1785 ἑλκόμενον·
1204 1706 1273 1771 τὸ
1320 1707 1433 1783 μὲν
1480 1704 1567 1770 οὗ
1612 1728 1733 1779 τις
1782 1705 2301 1788 ἐπεφράσατ’
2349 1705 2473 1772 οὐδ’
2523 1704 2769 1782 ἐνόησεν

799 1817 991 1893 μηροῦ
1044 1811 1343 1891 ἐξερύσαι.
2875 1897 2882 1905 .

527 1918 696 2000 Quid
756 1923 974 1985 tamen
1020 1920 1371 2004 Procopius
1418 1917 1580 1984 Bell.
1631 1917 1892 1984 Vandal.
1942 1918 2006 1984 Π
2052 1919 2094 1985 2
2139 1941 2202 2006 p.
2256 1917 2406 1984 151.
2442 1917 2562 1985 10:
2610 1919 2912 1987 Κουτίλας

524 2026 720 2101 μέσην
780 2027 891 2100 τὴν
952 2029 1238 2106 κεφαλὴν
1301 2024 1559 2106 ἀκοντίῳ
1624 2026 1894 2102 πληγεὶς
1957 2027 2060 2090 καὶ
2121 2024 2326 2108 ταύτῃ
2375 2027 2444 2092 τὸ
2493 2025 2764 2107 δοράτιον
2811 2025 2911 2100 ἐμ-

525 2131 812 2210 πεπηγὸς
862 2128 1022 2211 ἔχων
1073 2131 1295 2196 ἐδίωκε.
1345 2136 1454 2202 τῆς
1502 2155 1573 2194 τε
1619 2139 1844 2209 τροπῆς
1888 2130 2220 2210 γενομένης
2265 2128 2409 2209 ἅμα
2446 2139 2574 2205 τοῖς
2616 2134 2909 2211 περιοῦσιν

536 2239 594 2310 ές
659 2239 769 2312 τὲν
830 2235 1010 2304 πόλιν
1070 2236 1246 2319 άμφὶ
1312 2236 1481 2312 ἡλίου
1530 2234 1699 2302 δύσιν
1747 2219 2058 2314 ἐσήλασε,
2107 2235 2578 2315 κραδαινομένου
2625 2239 2678 2302 οἱ
2727 2239 2790 2302 ἐν
2833 2243 2906 2316 τῇ

524 2350 779 2427 κεφαλῇ
828 2347 935 2409 τοῦ
984 2341 1299 2420 άκοντίου,
1352 2341 1559 2421 θέαμα
1611 2338 1803 2419 λόγου
1849 2346 2084 2408 πολλοῦ
2132 2340 2320 2418 ἄξιον.
2363 2344 2424 2407 ἐν
2465 2344 2662 2425 τούτῳ
2701 2343 2765 2410 δὲ
2804 2339 2902 2405 καὶ

514 2449 745 2531 ’Ἀρζην
816 2456 933 2515 τῶν
997 2447 1395 2529 Βελισσαρίου
1464 2449 1831 2514 ὑπασπιςῶν
1877 2443 2020 2527 ἕνα,
2070 2455 2187 2514 τῶν
2235 2473 2327 2522 τις
2377 2447 2611 2516 Γότθων
2660 2445 2905 2528 τοξότης

522 2554 769 2633 μεταξὺ
818 2562 926 2628 τῆς
974 2577 1046 2619 τε
1090 2553 1239 2636 ῥινὸς
1291 2553 1394 2619 καὶ
1444 2557 1551 2618 τοῦ
1602 2555 1934 2635 ὀφθαλμοῦ
1982 2558 2087 2619 τοῦ
2129 2553 2325 2632 δεξιοῦ
2361 2555 2619 2634 βάλλει.
2659 2555 2760 2622 καὶ
2800 2556 2904 2618 τοῦ

522 2661 637 2740 μὲν
705 2658 1085 2737 τοξεύματος
1159 2661 1193 2735 ἦ
1264 2659 1405 2733 άκὶς
1470 2659 1623 2741 ἄχρι
1690 2660 1748 2732 ἐς
1815 2660 1919 2724 τὸν
1987 2659 2235 2742 αὐχένα
2301 2663 2490 2727 ὀπίσω
2541 2661 2794 2740 διῆλθεν,
2842 2659 2907 2724 οὐ

522 2765 729 2844 μέντοι
779 2765 1075 2848 διεφάνη,
1118 2769 1223 2832 τοῦ
1265 2765 1317 2830 δ’
1357 2767 1670 2844 άτράκτου
1709 2766 1778 2831 τὸ
1819 2766 2179 2843 λειπόμενον
2221 2768 2371 2841 ἐπῆν
2413 2792 2482 2834 τε
2506 2772 2590 2850 τῷ
2617 2769 2910 2851 προσώπῳ

522 2873 627 2938 καὶ
700 2871 1108 2949 ἱππευομένου
1179 2876 1284 2937 τοῦ
1357 2872 1660 2950 ἀνθρώπου
1734 2872 1995 2938 ἐσείετο·
2069 2870 2134 2937 ὃν
2195 2872 2265 2948 δὴ
2330 2873 2442 2939 σὺν
2503 2876 2588 2957 τῷ
2637 2875 2910 2954 Κουτίλᾳ

521 2982 795 3057 θεώμενοι
847 2978 907 3042 ἐν
954 2979 1231 3055 θαύματι
1282 2977 1548 3060 μεγάλῳ
1599 2979 1903 3044 ἐποιοῦντο
1953 2981 2281 3063 Ῥωμαῖοι,
2331 2976 2422 3045 ὅτι
2472 2979 2542 3055 δι’,
2583 2978 2909 3046 ἱππεύοντο

519 3085 811 3160 οὐδεμίαν
877 3084 1210 3164 ἐπιτροφῆν
1276 3089 1379 3148 τοῦ
1433 3089 1626 3150 κακοῦ
1674 3082 1944 3164 ἔχοντες.
2010 3085 2142 3151 Nec
2188 3088 2440 3152 minora
2486 3091 2775 3173 portenta
2816 3085 2910 3150 lo-

521 3198 805 3277 quuntur
868 3189 1185 3256 Diodorus
1246 3189 1503 3256 Siculus
1546 3190 1728 3256 XVI]
1773 3190 1881 3257 20.
1910 3189 1951 3255 4
1999 3197 2064 3257 et
2109 3190 2495 3258 Plutarchus
2541 3191 2788 3261 Oamill,
2839 3190 2907 3256 2.

522 3295 647 3362 Sed
692 3301 769 3360 ut
814 3295 969 3361 illuc
1018 3295 1271 3362 redeam
1290 3345 1306 3374 ,
1349 3318 1518 3363 nunc
1555 3295 1818 3382 quidem
1859 3295 2267 3363 offensionem
2305 3301 2546 3365 evitare
2569 3298 2750 3365 facile
2769 3301 2904 3364 est:

792 3402 992 3479 αὐτάρ
1042 3402 1167 3479 ἐγὼ
1214 3402 1518 3480 βασιλῆος
1568 3403 1840 3468 ἐναντίον
1887 3402 2101 3478 ἤλυθον
2149 3399 2330 3469 ὦκα.

519 3506 706 3575 Certe
767 3528 877 3571 rex
940 3507 1097 3573 dum
1144 3528 1337 3573 curru
1382 3508 1752 3586 vehebatur,
1807 3506 2077 3594 supplex
2123 3511 2264 3574 eius
2309 3530 2524 3597 genua
2569 3508 2909 3596 complecti

514 3635 643 3679 non
710 3615 943 3700 potuit.
1016 3612 1141 3678 Sed
1202 3612 1370 3698 quod
1436 3613 1725 3680 dicebam
1741 3663 1758 3692 ‚
1827 3613 2040 3679 multa
2105 3619 2256 3680 sunt
2315 3616 2486 3702 apud
2547 3616 2904 3682 Homerum

515 3725 914 3807 praepostere
974 3718 1121 3784 ficta
1180 3725 1245 3785 et
1313 3739 1475 3806 quae
1540 3720 1732 3785 fidem
1779 3726 2101 3805 superant.
2153 3720 2374 3787 Veluti
2420 3743 2581 3809 quae
2629 3729 2724 3789 est
2765 3743 2906 3788 cur-

510 3847 707 3891 ruum
773 3829 843 3890 in
913 3824 1081 3890 bello
1143 3824 1437 3890 utilitas?
1504 3825 1778 3890 Eiadem
1845 3824 2046 3891 semel
2109 3829 2477 3914 iterumque
2536 3828 2776 3916 perlegi
2820 3825 2896 3892 ad

512 3953 656 3998 eam
702 3953 841 3996 rem
886 3934 1071 3996 unice
1118 3934 1441 3996 intentus:
1493 3934 1858 4017 comparuit
1908 3933 2079 3997 mihi
2129 3939 2385 4018 poetam
2433 3937 2556 4001 sibi
2600 3940 2894 4021 perpetuo

511 4038 953 4104 contradicere.
1018 4033 1219 4102 Credo
1277 4037 1547 4102 Homeri
1602 4036 1897 4123 aequales
1948 4038 2138 4103 fando
2185 4043 2498 4125 accepisse
2546 4041 2892 4128 Aegyptios

511 4151 577 4209 et
643 4144 940 4229 Assyrios
1012 4145 1078 4206 in
1152 4141 1321 4208 bello
1384 4164 1608 4208 currus
1669 4144 1966 4208 habuisse
1985 4193 2002 4220 ‚
2067 4146 2236 4229 ipsos
2282 4151 2501 4211 autem
2548 4167 2884 4234 numquam

514 4249 749 4315 vidisse
810 4247 915 4313 vel
980 4269 1342 4335 usurpasse.
1394 4247 1679 4316 Coniicio
1726 4251 1926 4315 etiam
1974 4249 2233 4316 Zoilum
2281 4252 2360 4317 ad
2408 4273 2551 4318 eam
2599 4257 2894 4342 quaestio-

508 4377 661 4421 nem
710 4353 869 4419 olim
916 4357 1282 4422 attendisse.
1331 4354 1567 4422 Narrat
1614 4355 1934 4423 Homerus
1983 4367 2032 4422 E
2062 4357 2178 4423 20:
