3192 5009
608 277 741 345 276
1641 296 1999 346 vnnemus.

608 460 746 525 fieri
813 465 1030 524 tamen
1090 467 1305 545 posset
1369 466 1446 524 ut
1506 459 1926 526 nihilominus
1989 460 2340 548 probabilis
2401 468 2568 526 esset
2587 511 2603 538 ,
2675 465 2730 525 si
2791 461 2986 526 indole

605 565 869 652 linguae
930 573 995 630 et
1058 587 1181 630 usu
1246 571 1469 652 poetae
1528 588 1653 631 non
1715 567 2232 653 redargueretur,
2283 567 2394 632 sed
2439 573 2766 652 praeterea
2807 589 2982 651 saepe

604 675 739 737 iam
800 678 1099 757 expertus
1146 694 1293 737 sum
1314 720 1331 751 ,
1380 671 1539 737 talia
1584 672 1770 738 effata
1815 671 1921 738 vel
1967 675 2670 758 praestantissimorum
2715 672 2980 738 literato—

607 800 754 843 rum
812 799 940 842 non
1002 799 1254 864 semper
1313 783 1450 842 tam
1513 783 1687 844 certa
1733 799 1868 843 esse
1916 785 1990 843 ut
2038 800 2164 843 non
2211 799 2338 844 uno
2357 828 2374 857 ,
2425 777 2796 864 pluribusve
2837 778 2986 843 locis

603 883 966 948 unde—unde
1018 904 1097 948 ex
1147 884 1511 948 auctoribus
1559 884 1742 949 bonis
1788 887 2010 971 petitis
2057 891 2316 969 possent
2366 885 2650 950 refutari.

694 989 853 1055 Mox
900 988 1262 1074 complures
1311 989 1565 1055 afferam
1605 989 1778 1056 locos
1817 991 1986 1056 unde
2025 991 2273 1076 patebit
2301 991 2591 1076 prosequi
2627 1011 2751 1056 non
2789 990 2988 1054 solum

604 1099 859 1181 saepius
920 1095 1277 1182 significare
1296 1145 1313 1173 ,
1380 1097 1552 1181 quod
1614 1097 1717 1161 hic
1781 1099 2172 1182 requirimus
2191 1145 2209 1174 ,
2275 1099 2655 1162 narrationis
2717 1099 2986 1162 continu·
3102 1103 3103 1110 ’

603 1204 887 1267 ationem
905 1250 922 1279 ,
988 1201 1099 1266 sed
1157 1201 1275 1266 hoc
1323 1201 1584 1286 quidem
1631 1201 1771 1267 loco
1820 1205 2034 1287 aptius
2081 1223 2215 1268 esse
2261 1222 2458 1287 quam
2491 1201 2794 1286 persequi.
2867 1200 2988 1265 Sed

606 1308 943 1372 ambarum
989 1305 1454 1392 particularum
1490 1330 1610 1390 per
1653 1313 1720 1372 et
1756 1330 1877 1388 pro
1918 1311 2308 1394 comparatio
2348 1307 2416 1372 id
2455 1311 2587 1372 iam
2628 1308 2822 1372 docet.
2875 1307 2988 1368 Per

607 1413 847 1477 indicat
887 1414 1235 1476 transitum
1276 1433 1391 1497 per
1434 1411 1650 1477 locum
1699 1417 1915 1478 totum
1935 1461 1950 1490 ,
1980 1417 2174 1496 finem
2221 1413 2553 1500 designat:
2604 1436 2658 1479 e.
2683 1434 2749 1500 g.
2793 1433 2986 1499 perse·

603 1539 763 1604 quor
805 1518 1057 1583 hostem
1077 1566 1094 1594 ,
1142 1539 1293 1582 eum
1314 1538 1576 1603 sequor,
1624 1519 1818 1582 donec
1858 1539 2011 1583 eum
2053 1519 2460 1603 prehendero.
2502 1517 2576 1582 Id
2600 1540 2678 1584 ex
2703 1517 2986 1603 pluribus

598 1625 845 1688 verbis:
916 1644 1187 1709 perage,
1250 1623 1559 1708 perducO,
1621 1624 1875 1710 perficio
1933 1630 2052 1690 cet.
2123 1623 2484 1690 luculenter
2539 1630 2815 1709 apparet.
2889 1623 2984 1687 Sic

602 1732 899 1816 persequi
958 1750 1320 1794 sermonem
1382 1730 1618 1794 dicitur
1678 1733 1735 1794 is
1753 1778 1770 1807 ,
1820 1733 1932 1816 qui
1978 1752 2131 1796 eum
2179 1730 2260 1795 ad
2307 1731 2502 1796 finem
2551 1730 2856 1816 perducit.
2905 1731 2986 1792 At

602 1836 722 1900 hoc
775 1833 1097 1921 Vergilius
1146 1835 1352 1900 dicere
1398 1834 1613 1899 noluit
1631 1883 1647 1913 ,
1688 1835 1758 1899 id
1797 1835 2042 1901 solum:
2101 1835 2301 1902 Sinon
2335 1839 2429 1901 ita
2466 1857 2719 1902 narrare
2759 1837 2980 1920 pergit..

604 1941 691 2005 Et
732 1941 853 2006 hoc
897 1939 1110 2005 multo
1158 1940 1393 2006 melius
1437 1941 1760 2006 indicatur
1805 1963 1962 2007 voce
1996 1943 2319 2028 prosequi,
2370 1963 2532 2028 quae
2579 1942 2982 2007 continuatio-

605 2050 704 2112 nis
754 2049 1082 2112 notionem
1128 2053 1386 2112 tantum
1431 2050 1748 2125 continet,
1798 2070 1924 2114 non
1973 2048 2052 2113 ad
2099 2047 2293 2113 finem
2339 2055 2602 2134 spectat.
2667 2048 2984 2133 Prosequi-

608 2174 758 2217 mur
819 2148 1162 2218 abeuntem
1225 2153 1427 2218 oculis
1446 2201 1463 2231 ,
1511 2153 1795 2238 aliquem
1843 2157 2010 2219 votis
2029 2202 2046 2231 ,
2095 2153 2401 2240 lacrymis
2421 2203 2438 2232 ,
2488 2155 2724 2220 honore
2746 2202 2763 2231 ,
2815 2155 2984 2218 bene-

606 2259 766 2323 ficiis
784 2307 800 2337 ,
865 2279 1026 2344 quae
1088 2262 1301 2324 omnia
1362 2260 1700 2322 comitatum
1746 2259 2018 2324 alicuius
2063 2281 2178 2346 per
2223 2263 2400 2325 viam
2447 2267 2561 2325 aut
2609 2263 2814 2325 vitam
2859 2279 2982 2343 per-

603 2367 818 2452 gentis
838 2412 853 2441 ,
897 2367 1022 2430 iter
1058 2365 1501 2443 continuantia,
1545 2386 1672 2429 non
1688 2367 1880 2448 finem
1903 2365 2206 2430 indicant.
2255 2365 2380 2431 Sed
2404 2387 2523 2453 age
2549 2369 2682 2430 iam
2706 2363 2980 2450 exempla

603 2472 946 2537 verborum
1007 2472 1344 2537 amborum
1407 2471 1808 2556 proferamus
1827 2520 1842 2548 ,
1908 2492 2070 2556 quae
2134 2492 2358 2537 eorum
2422 2472 2761 2537 discrimen
2830 2469 2980 2536 clare

601 2577 901 2642 indicent.
953 2573 1085 2643 Cic.
1133 2577 1209 2642 de
1258 2576 1357 2641 off.
1407 2576 1463 2640 1.
1492 2574 1576 2642 37
1628 2577 1823 2640 Sermo
1861 2585 2262 2662 persequatur
2308 2578 2584 2642 convivia
2630 2581 2674 2642 i.
2699 2599 2756 2642 e.
2801 2577 2980 2642 comi·
3104 2611 3105 2620 κ

602 2688 777 2748 tetur
821 2699 1024 2768 usque
1070 2682 1152 2747 ad
1198 2683 1409 2759 finem,
1460 2682 1579 2767 Ep.
1633 2681 1712 2747 ad
1749 2682 1905 2748 fam.
1947 2682 2063 2760 IX,
2107 2681 2147 2748 3
2193 2690 2250 2746 te
2276 2705 2611 2768 persequar
2651 2686 2696 2748 i.
2726 2703 2816 2748 e.:
2857 2701 2980 2767 pro-

598 2791 888 2875 positum
926 2795 1218 2853 nostrum
1256 2791 1591 2873 utriusque
1612 2837 1629 2865 ,
1673 2794 1748 2852 ut
1787 2791 1856 2852 in
1898 2788 2131 2854 studiis
2170 2809 2298 2853 una
2334 2791 2655 2854 vivamus.
2708 2785 2978 2871 Persequi

598 2895 703 2959 hic
771 2915 924 2980 ergo
991 2897 1301 2978 propositi
1364 2896 1784 2979 pertinaciam
1845 2894 1925 2958 ad
1988 2895 2182 2960 finem
2245 2915 2449 2980 usque
2509 2895 2784 2972 indicat,
2833 2911 2978 2978 quae

598 3000 981 3088 significatio
1029 2998 1169 3064 loco
1218 3005 1433 3064 nostro
1482 3022 1607 3064 non
1656 3003 1975 3066 convenit.
2028 3000 2317 3086 Prosequi
2357 3007 2577 3066 contra
2616 3001 2734 3066 hoc
2773 3002 2976 3084 ipsum

598 3106 918 3194 significat
937 3154 953 3182 ,
1016 3105 1187 3191 quod
1247 3108 1668 3191 requirimus:
1720 3103 1938 3171 Senec.
1988 3106 2064 3171 de
2111 3106 2233 3170 Ira.
2283 3104 2364 3183 II,
2417 3105 2478 3188 3,
2531 3106 2628 3190 §1
2683 3107 2842 3185 Eryo
2885 3105 2979 3166 ad-

584 3214 801 3298 sectus
863 3218 950 3274 esi
1010 3233 1129 3274 non
1175 3213 1259 3273 ad
1303 3211 1531 3274 allatas
1576 3234 1773 3274 rerum
1819 3211 2043 3293 speeies
2091 3211 2311 3274 moveri
2330 3259 2345 3287 ,
2396 3213 2504 3274 sed
2536 3211 2886 3293 permittere
2923 3230 2978 3270 se

600 3317 736 3380 illis
796 3323 853 3379 ei
915 3317 1073 3378 hune
1115 3316 1457 3400 fortuitum
1514 3323 1732 3379 motum
1781 3316 2068 3400 prosequi
2115 3316 2241 3397 (Ibi
2292 3314 2511 3401 procul
2560 3316 2751 3380 dubio
2797 3314 2978 3380 verbo

590 3421 879 3507 prosequi
925 3424 1092 3486 inest
1125 3422 1425 3504 perpendi
1464 3424 1641 3486 notio
1661 3470 1677 3500 ,
1721 3443 1918 3507 quam
1959 3421 2164 3487 solam
2201 3423 2638 3507 requirimus).
2685 3420 2786 3485 Ita
2821 3440 2976 3485 nunc

602 3550 681 3594 ex
754 3528 1051 3592 omnibus
1119 3528 1248 3592 fere
1320 3527 1640 3591 codicibus
1703 3527 2034 3592 scribitur:
2105 3526 2262 3592 olim
2325 3511 2634 3591 edebatur
2683 3521 2972 3609 persequi.

604 3633 817 3701 Codex
854 3632 1180 3698 Leidensis
1218 3631 1395 3696 Voss.
1434 3632 1541 3697 43.
1583 3633 1642 3696 A
1682 3635 1961 3717 optimae
2002 3638 2188 3698 notae
2208 3681 2225 3710 ,
2267 3653 2460 3718 quem
2499 3631 2656 3698 olim
2679 3629 2974 3704 consului,

601 3742 800 3805 etiam
846 3738 1105 3803 exhibet
1148 3738 1489 3803 lectionem
1524 3739 1832 3823 prosequi.

694 3845 767 3925 Q.
816 3843 1105 3909 Natural.
1155 3842 1262 3919 VI,
1313 3844 1400 3908 20
1448 3845 1485 3928 ᾖ
1536 3844 1568 3908 1
1621 3845 1729 3907 Ait
1775 3851 1987 3908 motum
2027 3843 2355 3927 aliquando
2395 3843 2621 3925 spiritu
2641 3841 2795 3926 fieri
2813 3889 2830 3918 ,
2871 3838 2976 3902 abi»

604 3953 839 4036 quamdo
886 3973 1043 4034 aqua
1095 3996 1110 4013 .
1139 3997 1154 4012 .
1185 3997 1199 4013 .
1251 3956 1309 4012 et
1348 3949 1419 4012 id
1459 3950 1567 4012 hoe
1611 3951 1778 4012 modo
1814 3949 2221 4034 prosequitur.

693 4056 788 4121 De
846 4055 1061 4120 Benef.
1112 4053 1187 4132 V,
1243 4053 1326 4118 10
1388 4055 1424 4138 ᾖ
1473 4053 1514 4118 4
1576 4053 1833 4117 Diutius
1895 4056 2003 4118 hoc
2063 4061 2120 4117 et
2170 4053 2458 4136 pburibus
2518 4053 2800 4138 eoeempbis
2843 4050 2972 4112 lieet

594 4163 900 4246 prosequi.

694 4266 865 4331 Plin.
914 4265 1033 4350 Ep.
1083 4266 1134 4330 I.
1184 4264 1249 4344 8,
1275 4265 1317 4330 8
1373 4266 1537 4346 Quid
1588 4267 1808 4330 utilius
1853 4267 2038 4351 suit,
2101 4289 2276 4350 quam
2319 4264 2760 4348 munificentiae
2803 4260 2972 4326 ratio·

608 4397 736 4437 nem
782 4372 959 4436 etiam
1005 4373 1147 4435 stilo
1184 4373 1493 4456 prosequi.
