3192 5009
491 222 576 291 16
1498 242 1836 293 nomme.

486 407 806 473 sodalibus
854 407 1130 474 Brutum
1175 410 1462 493 sequitur
1497 411 1564 473 in
1606 410 1828 475 Asiam
1844 458 1861 487 ,
1900 412 1972 474 in
2010 410 2191 475 cuius
2229 415 2432 475 castra
2470 431 2620 475 cum
2658 401 2853 476 multi

485 514 900 599 undecunque
962 514 1408 580 confluxissent
1467 515 1699 581 fervidi
1746 518 1986 602 patriae
2034 522 2099 581 et
2144 516 2457 582 libertatis
2502 523 2817 583 amatores
2835 564 2851 594 ,

487 628 552 686 et
595 624 707 685 vix
752 623 1076 707 pauciores
1096 668 1112 697 ,
1162 623 1273 705 qui
1319 640 1433 685 sua
1482 624 1749 707 quisque
1794 624 2043 706 privata
2090 621 2351 687 consilia
2396 644 2665 708 suasque
2712 642 2853 708 spes

486 727 946 793 diversissimas
993 727 1326 791 ambitiose
1372 733 1914 812 persequerentur,
1965 731 2296 815 egregiam
2332 729 2425 793 ibi
2464 732 2852 795 occasionem

487 834 710 899 habuit
776 832 1100 919 spectandi
1169 838 1234 897 et
1300 832 1623 898 iudicandi
1686 837 1895 899 varias
1959 835 2295 900 hominum
2356 840 2601 901 mentes
2662 841 2852 920 atque

486 940 700 1005 studia
715 988 734 1017 ,
797 946 862 1004 et
922 941 1265 1025 pretiosam
1311 937 1569 1025 collegit
1614 943 1952 1005 materiam
1968 988 1985 1019 ,
2034 960 2192 1025 quae
2240 939 2465 1006 Satiris
2510 940 2854 1007 scribendis

484 1049 820 1112 inserviret
836 1095 852 1123 ,
901 1054 978 1111 ut
1026 1046 1205 1111 docet
1251 1048 1522 1131 septima
1565 1050 1759 1132 primi
1804 1047 1973 1112 libri.

576 1154 730 1219 Post
797 1152 1043 1219 cladem
1111 1153 1590 1240 Philippensem
1659 1174 1851 1219 annos
1922 1154 2049 1219 fere
2113 1162 2299 1220 natus
2363 1154 2450 1219 24
2519 1153 2853 1239 derepente

488 1263 759 1326 reiectus
819 1263 887 1325 in
945 1258 1385 1325 humilitatem
1445 1262 1750 1344 pristinae
1796 1260 2178 1325 condicionis
2199 1309 2215 1337 ,
2262 1263 2445 1346 inops
2489 1262 2739 1346 paterni
2787 1265 2853 1325 et

486 1366 668 1431 Laris
730 1373 792 1431 et
856 1366 1037 1431 fundi
1055 1414 1072 1444 ,
1134 1387 1282 1431 cum
1326 1386 1562 1451 magna
1605 1366 1852 1431 laetitia
1896 1387 2117 1431 eorum
2163 1369 2274 1452 qui
2322 1388 2357 1431 o
2376 1387 2444 1430 m
2460 1389 2503 1430 11
2518 1387 2553 1431 6
2570 1387 2599 1430 s
2646 1388 2679 1429 r
2694 1386 2730 1430 o
2747 1386 2777 1429 s
2794 1385 2856 1429 6-

487 1494 521 1537 1·
533 1492 572 1537 6
585 1495 624 1536 11
645 1477 674 1536 t
717 1470 1014 1537 libertino
1061 1478 1238 1557 patre
1282 1479 1508 1537 natum
1553 1472 1871 1538 nobilium
1917 1476 2340 1538 convictorem
2359 1521 2375 1552 ,
2423 1476 2492 1537 in
2532 1493 2599 1537 se
2639 1492 2855 1557 exper-

486 1584 592 1643 tus
637 1584 732 1643 est
773 1598 934 1663 quae
979 1583 1198 1663 postea
1243 1579 1472 1644 cecinit
1491 1598 1506 1643 ε

759 1683 1165 1762 Fortuna,
1217 1705 1463 1750 saevo
1510 1684 1738 1751 laeta
1786 1688 2137 1773 negotio
2189 1692 2269 1751 et

653 1775 660 1781 ’
758 1790 1047 1855 1111111111
1092 1788 1603 1857 insolentem
1649 1790 1935 1858 ludere
1981 1794 2399 1877 pertinax,

762 1902 1279 1961 transmutat
1323 1900 1701 1963 incertos
1745 1898 2136 1978 honores,

761 2024 972 2067 nunc
1018 2003 1257 2079 mihi,
1307 2024 1518 2069 nunc
1564 2002 1721 2069 alii
1765 2004 2149 2091 benigna.

491 2108 671 2189 Quod
715 2115 935 2174 autem
980 2107 1362 2174 confidenter
1408 2109 1631 2175 addere
1676 2115 1923 2195 poterat
1942 2130 1955 2174 ε

759 2214 1034 2280 Laudo
1079 2222 1584 2281 manentem:
1635 2218 1703 2279 si
1750 2216 2067 2282 celeres
2114 2219 2398 2302 quatit

761 2341 1100 2408 pennas,
1147 2324 1484 2408 resigno
1533 2342 1735 2407 quae
1784 2321 2021 2387 dedit
2067 2327 2149 2388 et
2195 2342 2316 2387 me
2338 2342 2375 2385 a

762 2430 1074 2493 virtute
1119 2448 1241 2493 me
1286 2426 1630 2493 involvo
1677 2428 2181 2514 probamque

761 2536 1248 2619 pauperiem
1296 2536 1473 2599 sine
1521 2534 1696 2599 dote
1743 2554 2084 2619 quaero,

490 2642 610 2708 hoc
679 2640 944 2707 debebat
1024 2642 1259 2705 eximio
1333 2643 1501 2725 patri
1519 2689 1535 2718 ,
1617 2642 1727 2726 qui
1803 2640 2190 2706 educationis
2266 2659 2415 2704 suae
2485 2638 2654 2702 hunc
2722 2635 2855 2700 fore

489 2748 772 2813 fructum
817 2745 1245 2831 praedixerat:
1296 2746 1551 2811 simul
1597 2768 1684 2811 60
1732 2746 1830 2810 du
1850 2749 2171 2811 raverit
2216 2753 2447 2811 aetas
2494 2741 2854 2809 membra

489 2856 1019 2937 animumque
1069 2858 1302 2916 tuum
1323 2901 1338 2930 ,
1386 2852 1627 2917 nabis
1668 2856 1847 2919 sine
1886 2855 2201 2918 cortice
2229 2849 2300 2932 1).
2340 2852 2563 2937 Itaque
2602 2850 2854 2914 fortuna

487 2948 883 3025 conflictatus
923 2957 1031 3023 sed
1068 2978 1468 3043 nequaquam
1501 2980 1836 3043 oppressus
1874 2964 2137 3024 conatus
2176 2963 2299 3035 est,
2325 2957 2493 3042 quod
2517 2955 2819 3021 didicerat
2833 3001 2849 3032 ,

491 3066 654 3129 sibi
718 3084 844 3129 res
903 3084 1058 3128 non
1105 3084 1186 3127 se
1236 3064 1480 3128 rebus
1528 3064 2044 3151 subiungere
2091 3070 2155 3129 et
2203 3084 2400 3149 aequo
2447 3066 2660 3127 animo
2707 3060 2856 3125 scri-

493 3170 607 3235 bae
649 3169 876 3235 'officiis
923 3169 1192 3257 fungens
1239 3190 1268 3233 s
1284 3172 1308 3232 i
1327 3169 1403 3233 bi
1450 3171 1594 3235 viv
1612 3190 1645 3234 e
1663 3192 1695 3233 r
1711 3191 1744 3234 e
1790 3169 1891 3250 (E.
1942 3169 1973 3233 I
2025 3168 2083 3234 1.
2115 3167 2217 3247 19,
2269 3168 2369 3234 18.
2402 3166 2577 3249 107).
2627 3165 2852 3232 Audax

496 3279 868 3361 paupertate
906 3295 1138 3339 novam
1176 3274 1465 3339 fortunae
1504 3277 1681 3341 viam
1719 3278 1958 3361 aperire
1995 3277 2279 3340 instituit
2317 3274 2571 3340 edendis
2607 3290 2855 3359 poema-

494 3384 580 3446 tis
599 3429 615 3458 ,
676 3402 836 3466 quae
896 3401 1008 3467 pro
1071 3386 1248 3466 parte
1294 3383 1427 3446 iam
1471 3380 1778 3446 meditata
1822 3386 1883 3446 et
1930 3386 2295 3467 praeparata
2340 3388 2567 3445 natura
2610 3380 2855 3467 pigrior

493 3488 860 3552 retinuerat.
889 3482 896 3487 ’

588 3590 754 3672 Quid
797 3598 1013 3657 autem
1059 3592 1136 3657 ab
1175 3594 1434 3659 homine
1470 3596 1564 3658 ita
1601 3593 1853 3659 cordato
1872 3643 1889 3672 ,
1929 3614 2145 3659 severa
2184 3593 2517 3681 disciplina
2534 3642 2549 3671 ,
2593 3594 2855 3679 optimis

495 3697 725 3763 studiis
744 3746 761 3775 ,
822 3700 1018 3763 variis
1081 3701 1253 3765 vitae
1315 3699 1562 3765 casibus
1622 3702 1716 3765 ita
1763 3700 2147 3765 conformato
2192 3706 2257 3766 et
2302 3701 2699 3767 corroborato
2717 3748 2733 3776 ,
2780 3702 2855 3761 ut

495 3810 827 3869 maturum
884 3806 1221 3890 ingenium
1281 3826 1352 3871 ac
1411 3827 1667 3891 prorsus
1728 3805 1984 3871 virilem
2046 3810 2424 3892 sapientiam
2468 3811 2602 3872 iam
2646 3807 2855 3892 prima

497 3913 730 3995 scripta
773 3910 1040 3995 prodant
1056 3958 1072 3989 ,
1122 3914 1360 3998 quique
1395 3916 1601 3978 vitam
1635 3919 1779 3979 tum
1816 3921 2033 4001 ageret
2071 3914 2148 3979 ab
2183 3914 2471 3980 ubertate
2509 3919 2573 3979 et
2611 3912 2858 3979 deliciis

570 4194 622 4255 1)
657 4194 974 4244 0011111ηο101-
1007 4194 1056 4243 111
1095 4194 1184 4243 1001
1219 4197 1267 4245 S.
1308 4195 1331 4245 1
1367 4196 1510 4245 1145.
1549 4196 1602 4244 C.
1638 4195 1723 4243 111
1759 4194 1922 4245 saw
1938 4212 2055 4261 sqq..
2092 4212 2294 4259 quocum
2326 4196 2387 4246 et.
2424 4198 2450 4246 1
2480 4198 2556 4245 84.
2579 4196 2642 4246 18
2674 4194 2857 4245 Valet

499 4275 618 4325 ima
667 4276 918 4325 summis
966 4280 1210 4326 mutare
1260 4282 1319 4325 et
1368 4276 1679 4341 insignem
1723 4280 2016 4327 attenuat
2056 4278 2228 4337 deus,
2269 4278 2536 4328 obscura
2567 4292 2855 4344 promens

499 4374 679 4425 e.q.s.,
714 4362 856 4423 atque
889 4360 937 4407 S.
976 4358 1002 4406 Ι
1035 4360 1083 4409 4.
1106 4359 1219 4408 119.
