3192 5009
1212 254 1584 305 manumve.
2512 234 2596 301 59

495 421 732 501 Quaere
771 422 979 487 alium
1014 422 1136 488 tibi
1175 420 1524 487 firmiorem
1549 424 1837 489 amicum
1861 421 2019 486 dum
2041 421 2162 487 tibi
2184 426 2443 506 tempus
2466 424 2593 498 est;

497 528 660 594 Nam
721 550 926 614 neque
987 526 1096 595 ille
1157 529 1274 594 hoc
1322 529 1534 594 animo
1580 530 1704 594 erit
1750 534 2029 594 aetatem
2074 548 2277 614 neque
2320 525 2432 612 pol
2472 529 2600 591 ista

2237 640 2409 698 aetas
2456 632 2597 697 tibi.

345 740 454 809 750
494 740 622 807 BA.
670 740 742 807 Si
787 740 962 807 aliud
1008 743 1237 806 scirem
1283 743 1396 827 qui
1440 739 1691 808 firmare
1738 760 1951 806 meam
1988 739 2158 828 apud
2195 760 2309 805 vos
2344 758 2598 825 possem

2407 843 2601 909 fidem

495 953 788 1019 Sanctius
835 974 1027 1038 quam
1071 952 1519 1017 iusiurandum
1537 1002 1552 1030 ,
1601 952 1669 1017 id
1712 951 2046 1039 pollicerer
2082 951 2236 1028 tibi,
2277 950 2517 1016 Laches
2534 998 2550 1028 ,

493 1059 923 1147 Segregatum
944 1060 1261 1137 habuisse,
1287 1079 1556 1124 uxorem
1587 1066 1659 1123 ut
1680 1058 1885 1135 duxit,
1912 1080 1949 1124 a
1971 1080 2077 1125 me
2103 1056 2540 1144 Pamphilum.

267 1164 422 1231 Vides
441 1166 838 1231 difficultates
864 1186 1020 1251 quas
1045 1186 1236 1251 supra
1259 1168 1615 1231 memoravi
1633 1186 1849 1230 omnes
1865 1163 2147 1230 sublatas
2164 1185 2319 1230 esse.
2344 1163 2599 1228 Falsam

265 1275 726 1337 criminationem
791 1292 829 1336 a
890 1271 1164 1337 Lachete
1227 1270 1541 1356 prolatam
1597 1274 1823 1336 statim
1838 1321 1853 1349 ,
1903 1276 1979 1336 ut
2023 1292 2137 1357 par
2182 1277 2279 1335 est
2296 1319 2311 1347 ,
2364 1272 2601 1354 excipit

263 1380 638 1464 interrogatio
688 1378 764 1443 de
803 1380 941 1443 81118
982 1384 1256 1443 auctore.
1298 1377 1488 1443 Recte
1530 1398 1715 1463 porro
1740 1377 2007 1443 Bacchis
2027 1377 2288 1462 indigne
2312 1375 2434 1442 fert
2457 1375 2601 1440 falsi

261 1482 404 1548 illius
439 1486 712 1549 rumoris
737 1482 1029 1549 effectum
1052 1481 1484 1548 miserabilem
1509 1482 1949 1568 exclamatque
1976 1484 2100 1560 „ah
2128 1482 2279 1560 -'’,
2304 1482 2600 1547 Lachetis

261 1592 570 1655 orationem
607 1588 1124 1677 interpellatum,
1165 1593 1221 1654 si
1251 1588 1458 1655 liceat.
1521 1589 1743 1675 Neque
1780 1591 1861 1654 ad
1898 1610 2157 1655 versum
2186 1587 2315 1655 744
2339 1592 2408 1653 111
2446 1609 2600 1653 voce

259 1696 382 1760 banc
423 1696 698 1783 amplius
747 1704 843 1761 est
891 1696 1058 1781 quod
1103 1697 1511 1774 haereamus;
1567 1697 1763 1762 huius
1802 1698 1965 1761 ratio
2010 1699 2135 1761 iam
2188 1716 2266 1761 ex
2310 1698 2392 1760 118
2440 1715 2600 1781 quae

259 1802 602 1887 praecedunt
642 1824 768 1868 vsa.
797 1799 957 1882 (748
983 1806 1105 1887 sq.)
1129 1801 1370 1886 liquido
1395 1808 1679 1888 apparet.
1713 1801 2002 1887 Denique
2026 1799 2384 1868 versus‘74'7
2411 1822 2605 1887 quam

257 1928 449 1973 versus
497 1906 630 1973 748
655 1929 747 1993 sq.
797 1907 1031 1973 melius
1081 1914 1146 1972 et
1191 1910 1558 1972 concinnius
1605 1929 1755 1973 cum
1800 1929 1893 1972 vs.
1948 1905 2077 1974 750
2125 1911 2556 1994 coniungitur.

325 2119 505 2187 xlv.
545 2122 622 2186 In
658 2124 740 2186 iis
759 2170 776 2200 ‚
826 2142 987 2208 quae
1033 2121 1364 2207 hucusque
1413 2122 1489 2186 de
1538 2121 1929 2187 emendando
1975 2121 2269 2187 Terentio
2315 2124 2604 2207 exposui-

253 2248 374 2291 mus
392 2276 406 2304 ‚
475 2229 596 2293 1100
667 2230 994 2293 tenuimus
1057 2229 1483 2315 archetypum
1502 2278 1518 2305 ,
1581 2231 1695 2314 qui
1756 2232 2115 2293 communis
2176 2228 2317 2293 fons
2365 2227 2493 2292 fuit
2539 2232 2605 2293 et

253 2331 518 2398 Bembini
567 2334 800 2399 codicis
844 2342 910 2399 et
957 2331 1502 2420 Calliopianorum
1521 2384 1537 2411 ,
1587 2337 1718 2400 iam
1767 2336 2006 2419 passim
2046 2334 2292 2399 mendis
2331 2353 2605 2398 comma-

249 2436 510 2504 culatum
557 2440 773 2505 fnisse.
823 2438 920 2504 Ne
966 2443 1108 2525 quis
1158 2440 1234 2505 de
1283 2460 1356 2505 ea
1391 2461 1458 2505 re
1497 2440 1746 2505 dubitet
1784 2439 2099 2525 fidemque
2136 2439 2429 2505 codicum
2470 2447 2603 2504 arte

245 2548 436 2611 critica
507 2545 914 2611 coniecturali
977 2545 1121 2631 plus
1185 2566 1385 2631 aequo
1429 2545 1795 2611 labefactari
1843 2554 2092 2612 censeat
2110 2595 2125 2623 ,
2175 2543 2403 2609 multis
2447 2544 2602 2609 10018

245 2652 573 2735 praeclarae
641 2652 1110 2717 emendationes
1175 2652 1518 2717 divinando
1579 2658 1798 2738 partae
1860 2652 2063 2739 vulgo
2124 2652 2473 2737 probantur
2537 2655 2603 2715 et

245 2764 438 2821 contra
505 2778 916 2823 communem
983 2756 1299 2823 librorum
1369 2780 1520 2823 mss.
1595 2759 2045 2823 auctoritatem
2114 2757 2191 2822 ab
2252 2756 2601 2821 editoribus

245 2864 516 2927 omnibus
579 2865 775 2947 recipi
836 2861 1060 2927 solent.
1112 2862 1280 2941 Quas
1326 2866 1380 2927 81
1429 2884 1649 2929 01111188
1696 2884 2065 2929 enumerem
2083 2912 2099 2941 ‚
2150 2861 2436 2927 taedium
2483 2860 2604 2926 180-

247 2970 354 3032 tori
417 2990 731 3033 moveam.
803 2966 946 3033 Una
1006 2967 1774 3035 Heautontimorumenos
1837 2969 2051 3034 fabula
2114 2968 2403 3033 sufficiat.
2476 2968 2602 3033 Hic

247 3073 496 3140 Bentleii
544 3074 836 3139 divinum
881 3078 1218 3161 ingenium
1265 3076 1599 3161 archetypi
1645 3097 1884 3141 errores
1930 3075 2292 3141 felicissime
2330 3076 2603 3140 correxit

245 3180 333 3243 his
379 3180 665 3247 versibus
736 3179 883 3257 154,
933 3180 1080 3258 165,
1125 3180 1278 3259 262,
1323 3180 1474 3258 340,
1517 3181 1671 3259 461,
1714 3181 1866 3259 502,
1912 3181 2063 3255 541,
2108 3180 2258 3259 667,
2286 3179 2414 3246 891
2444 3200 2600 3267 quas

247 3288 692 3352 emendationes
760 3309 909 3351 cum
980 3290 1286 3372 receperit
1352 3286 1655 3353 Dziatzko
1675 3338 1690 3365 ,
1764 3291 1962 3353 miror
2030 3310 2145 3352 cur
2204 3308 2330 3352 non
2390 3287 2599 3353 eidem

247 3390 507 3458 Bentleio
574 3392 912 3458 obsecutus
975 3395 1058 3457 sit
1117 3393 1196 3457 ad
1255 3413 1516 3458 versum
1564 3392 1697 3457 244
1746 3392 2089 3459 formulam
2136 3393 2319 3458 illam
2364 3394 2497 3457 vivo
2544 3401 2602 3459 et

247 3498 392 3562 valeo
435 3502 692 3586 egregie
737 3502 1136 3576 restituenti,
1185 3521 1387 3585 neque
1430 3499 1753 3585 Madvigii
1800 3499 2178 3584 palmariam
2217 3500 2601 3565 emendatio-

245 3625 372 3669 nem
416 3606 494 3669 ad
545 3604 676 3669 289
723 3605 899 3667 nulla
945 3605 1137 3667 malae
1180 3612 1311 3668 arte
1358 3605 1681 3687 empolitam
1724 3605 2001 3668 muliebri
2049 3606 2354 3671 ambabus
2400 3608 2601 3670 mani-

247 3708 346 3773 bus
389 3713 747 3795 arripuerit.
797 3709 1132 3775 Praeterea
1178 3709 1482 3775 Palmerii
1503 3759 1518 3787 ,
1567 3714 1730 3775 item
1776 3710 2081 3776 Palmerii
2118 3714 2282 3791 (sive
2320 3714 2376 3775 is
2414 3710 2601 3775 Lam-

245 3814 408 3879 binus
452 3816 627 3894 fuit),
677 3814 864 3880 Harii
883 3865 899 3893 ,
950 3814 1284 3881 Schuberti
1302 3865 1318 3894 ‚
1371 3814 1615 3903 Guyeti
1636 3866 1651 3894 ,
1692 3816 2095 3883 Dziatzkonis
2116 3866 2131 3893 ,
2172 3816 2597 3895 Fleckeiseni,

245 3918 488 3985 bomani
550 3924 827 3987 inventis
880 3943 1102 3986 versus
1151 3921 1303 3999 238,
1336 3922 1484 3999 143,
1515 3920 1667 4000 511,
1696 3921 1847 3999 535,
1880 3920 2029 4000 715,
2060 3920 2211 3999 748,
2239 3920 2391 3999 806,
2426 3922 2599 3988 1010

243 4026 356 4089 iam
391 4029 624 4092 rectius
671 4025 980 4112 leguntur
1019 4034 1084 4091 et
1119 4026 1599 4115 intelliguntur.
1644 4027 1741 4092 Ne
1781 4027 2027 4093 multus
2066 4031 2191 4091 sim
2231 4066 2315 4075 —
2356 4049 2507 4093 nam
2530 4030 2599 4093 111

243 4130 527 4199 Eunucho
551 4154 676 4219 e.g.
704 4154 802 4197 vs.
823 4130 953 4199 847
981 4132 1300 4220 Madvigii
1321 4133 1442 4211 rui,
1470 4134 1549 4199 ad
1573 4157 1667 4198 vs.
1696 4132 1867 4200 1087
1894 4134 2167 4199 Bentleii
2190 4138 2598 4199 comedendum

243 4244 289 4299 et
321 4238 676 4314 ebibendum,
737 4238 818 4303 ad
855 4260 952 4304 vs.
994 4238 1128 4305 496
1175 4240 1685 4306 emendationem
1738 4262 1775 4305 a
1818 4240 2104 4307 Bentleio
2150 4243 2515 4308 inchoatam
2563 4262 2602 4307 a

241 4342 651 4413 Fleckeisenio
682 4346 1025 4435 perfectam
1049 4348 1274 4413 domim
1296 4346 1529 4412 simiu's
1552 4348 1715 4414 hanc
1740 4348 1821 4413 ob
1848 4369 1985 4414 rem
2010 4348 2214 4415 obiter
2234 4348 2459 4415 adiicio
2481 4397 2497 4427 ‚
2524 4355 2599 4415 ut
