3192 5009
1206 290 1610 353 numnam.
2461 270 2590 337 201

330 477 381 540 p.
426 454 519 532 19,
544 456 603 520 d.
670 455 1055 537 ἐθαυμάζετο
1118 456 1181 521 δὲ
1242 456 1393 536 παρ’
1437 454 1709 531 Ἕλλησι
1760 455 1866 521 καὶ
1919 455 2240 533 Ῥωμαίοις
2289 456 2591 534 Ματρέας

259 562 282 624 ὃ
330 561 536 632 τλάνος
597 564 627 627 ὅ
692 562 1171 643 Ἀλεξανδρεύς,
1235 554 1297 633 ὃς
1360 566 1609 640 ἔλεγε
1674 564 1779 628 καὶ
1829 564 2019 642 θηρίον
2066 563 2311 643 τρέφειν
2359 560 2387 626 ὃ
2437 562 2590 626 αὐτὸ

258 667 405 732 ἑαυτὸ
447 670 781 734 κατεσθίει·
832 670 910 740 ὥς
961 669 1065 733 καὶ
1116 666 1431 748 ζητεῖσθαι
1476 670 1667 751 μέχρι
1710 674 1811 735 νῦν
1851 670 1919 735 τὸ
1961 670 2252 749 Ματρέου
2294 668 2484 747 θηρίον
2523 667 2590 732 τί

256 774 407 837 ἔστιν.
462 774 653 840 Nulla
706 776 1144 841 admirationis
1206 797 1397 841 causa
1441 785 1610 854 erat,
1658 782 1735 842 ut
1779 777 2104 853 arbritror,
2155 780 2212 841 si
2255 775 2594 840 circulator

255 880 343 945 ille
381 880 645 947 Matreas
691 883 925 947 dicebat
972 903 1037 947 se
1086 888 1224 947 tam
1260 885 1504 948 mirum
1543 881 1784 947 animal
1823 882 1989 949 alere
2009 930 2025 960 ‚
2066 886 2189 947 nisi
2227 884 2594 968 praestigiis

253 989 425 1052 nescio
482 989 709 1074 quibus
756 988 1113 1054 artificiosis
1162 990 1479 1054 eiusmodi
1521 990 1797 1054 best-iam
1844 989 2252 1075 spectandam
2297 988 2595 1075 produce·-

254 1100 357 1169 ret,
410 1114 594 1179 quare
656 1097 868 1159 nescio
930 1115 1010 1159 an
1070 1095 1435 1161 Athenaeus
1498 1098 1824 1180 scripserit
1885 1096 2250 1173 ἐλέγετο.
2315 1094 2449 1161 Nec
2515 1094 2592 1159 de

254 1200 443 1283 gripho
500 1199 713 1286 aliquo
772 1199 951 1265 locus
1016 1203 1217 1286 accipi
1280 1206 1528 1285 potest,
1594 1204 1688 1265 ita
1734 1204 1909 1266 enim
1959 1204 2271 1288 scriptum
2318 1201 2481 1265 foret
2529 1196 2590 1271 ὃς

253 1305 571 1381 προῦβαλλε
630 1309 695 1371 τί
742 1306 933 1384 θηρίον
981 1308 1137 1371 αὐτὸ
1186 1308 1369 1371 ἑαυτὸ
1421 1308 1762 1386 κατεσθίει,
1810 1329 1924 1373 nec
1969 1314 2120 1393 apta
2165 1307 2373 1372 forent
2420 1326 2593 1391 prae—

253 1432 433 1496 gressa
475 1412 853 1494 ἐθαυμάζετο
882 1450 968 1461 --
994 1411 1316 1489 Ματρέας.
1366 1412 1764 1499 Spectator-es
1811 1434 2040 1479 verum
2076 1434 2143 1477 se
2189 1410 2428 1478 animal
2466 1432 2593 1477 cer-

254 1538 370 1581 nere
410 1519 712 1603 putabant
729 1566 745 1596 ,
788 1524 855 1584 et
892 1541 1144 1605 semper
1179 1519 1405 1585 deinde
1444 1523 1810 1605 quaesitum
1850 1541 1984 1585 esse
2023 1520 2180 1584 dicit
2201 1519 2589 1595 Athenaeus,

255 1644 381 1707 quae
424 1624 609 1689 fuerit
656 1624 943 1690 Matreae
988 1628 1115 1690 ista
1160 1625 1382 1691 bestia.

326 1754 377 1817 p.
421 1730 523 1810 20,
547 1754 601 1797 c.
651 1728 810 1797 οὗτοι
862 1728 957 1797 οὖν
1000 1732 1232 1806 πάντες
1258 1770 1345 1781 -
1370 1731 1473 1795 τὸν
1512 1734 1619 1813 ἐφ’
1659 1734 1805 1810 ἡμῖν
1848 1738 2045 1819 (oper.
2087 1734 2206 1797 vit.
2233 1752 2350 1817 pro
2381 1728 2590 1806 ἦμῶνῖ

259 1832 333 1901 Cf.
384 1836 731 1926 Schweigh.
788 1839 937 1920 ed.),
983 1841 1174 1918 φησί,
1225 1838 1568 1920 Φιλόσοφον
1617 1841 1922 1918 ὀρχηστὴν
1967 1839 2236 1918 Μέμφιν
2285 1838 2596 1903 ἐκάλεσαν

256 1942 890 2026 ἀπαρχαΐζοντες
953 1945 1061 2019 τὴν
1128 1946 1258 2011 δια
1323 1950 1429 2009 τοῦ
1490 1946 1778 2021 σώματος
1827 1946 2022 2009 αὐτοῦ
2073 1944 2302 2018 κίνησιν
2352 1954 2429 2027 τῇ·
2478 1950 2594 2009 τῶν

260 2046 453 2112 πόλεων
505 2051 899 2131 άρχαιοτάτη
945 2050 1049 2115 καὶ
1098 2051 1575 2132 βασιλικωτάτη
1621 2053 1751 2118 κτὲ.
1800 2050 1904 2116 Sic
1948 2050 2182 2116 Kaibel
2226 2054 2460 2116 merito
2504 2073 2597 2117 re-

258 2160 403 2239 cepta
457 2156 774 2244 Madvigii
834 2157 1274 2224 emendatione
1332 2180 1447 2243 pro
1510 2158 1888 2241 άρχαιοτέρᾳ
1955 2158 2055 2221 καὶ
2107 2157 2591 2239 βασιλικωτέρᾳ.

258 2260 323 2323 At
374 2262 467 2327 vel
524 2268 615 2329 sic
674 2264 857 2329 locus
916 2264 1201 2329 laborare
1262 2264 1537 2330 videtur.
1589 2264 1756 2345 Quid
1804 2267 1979 2329 enim
2025 2270 2123 2330 est
2169 2262 2592 2345 άπαρχαΐζειν

256 2368 341 2438 τῆν
370 2370 459 2433 διὰ
496 2376 601 2435 τοῦ
645 2370 932 2447 σώματος
978 2372 1205 2443 κίνησιν
1246 2368 1465 2435 πόλειῗ
1504 2370 1994 2456 Intellegerem:
2038 2372 2138 2435 τὸν
2184 2369 2290 2451 ἐφ’
2317 2372 2482 2445 ἡμῶν
2509 2408 2592 2419 ·-—-

259 2472 514 2551 ὅρχηστὺν
558 2477 829 2557 Μέμφιν
880 2477 1187 2541 ἐκάλεσαν
1236 2473 1736 2556 ἀπαρχαΐζοντες
1790 2476 1919 2541 διὰ
1965 2480 2108 2550 τὴν
2157 2481 2263 2542 τοῦ
2304 2474 2593 2551 σώματος

258 2580 409 2643 αὑτοῦ
469 2584 694 2658 κίνησιν
760 2582 1140 2663 (ὁμωνύμως
1158 2580 1233 2659 ?>
1298 2592 1375 2663 τῇ
1427 2588 1542 2647 τῶν
1592 2582 1825 2648 πόλεων
1872 2582 2270 2665 ἀρχαιοτάτη
2315 2584 2420 2647 καὶ
2475 2584 2596 2661 βα-

256 2688 611 2771 σιλικωτάτη,
660 2688 796 2768 περὶ
846 2687 912 2765 ἧς
956 2689 1355 2769 Βακχυλίδης
1396 2689 1592 2769 φησί·
1637 2690 1746 2763 τὴν
1789 2688 2178 2767 άχείμαντον
2222 2714 2291 2753 τε
2327 2688 2594 2771 Μέμφιν

260 2792 339 2854 καὶ
378 2793 703 2859 δονακώδεα
752 2804 995 2860 Νεῖλον.

326 2918 375 2981 p.
418 2898 593 2977 32,c.
657 2907 774 2965 τῶν
839 2900 1003 2965 οἴνων
1064 2902 1091 2965 ὂ
1155 2901 1270 2978 μὲν
1332 2900 1583 2979 λευκός,
1648 2902 1676 2966 ὅ
1743 2901 1805 2965 δὲ
1870 2901 2094 2980 κιρρός,
2162 2903 2190 2966 ὃ
2253 2902 2316 2966 δὲ
2363 2902 2592 2980 μέλας.

261 3004 339 3065 καὶ
394 3006 418 3069 ὅ
473 3008 583 3083 μὲν
642 3007 859 3077 λευκὸς
924 3007 1311 3077 λεπτότατος
1375 3018 1451 3089 τῇ
1503 3006 1692 3088 φύσει
1741 3006 2084 3086 οὐρητικός,
2135 3008 2422 3087 θερμὸς
2475 3032 2594 3071 πε-

261 3113 503 3185 πτικός
550 3138 635 3177 τε
686 3113 762 3176 ὧν
802 3114 911 3185 τὴν
954 3115 1240 3195 κεφαλὴν
1282 3121 1445 3178 ποιεῖ
1481 3113 1803 3193 διάπυρον·
1845 3116 2158 3194 άνωφερης
2202 3114 2330 3191 γάρ
2371 3110 2592 3186 ὃοῖνος.

262 3213 283 3276 ὃ
324 3216 375 3280 δὲ
432 3220 625 3293 μέλας
692 3220 819 3283 κτὲ.
886 3218 1231 3285 Manifesto
1292 3222 1363 3284 in
1409 3220 1509 3283 his
1558 3219 1846 3283 turbavit
1893 3225 2005 3283 aut
2054 3222 2438 3306 epitomator
2482 3226 2595 3285 aut

262 3317 539 3403 librarius,
581 3326 976 3390 desideratur
1014 3327 1185 3391 enim
1226 3330 1331 3389 τοῦ
1372 3330 1561 3404 κιρροῦ
1589 3326 1740 3389 οἴνου
1768 3325 2129 3412 descriptio,
2172 3348 2284 3391 nec
2307 3327 2597 3412 probabi-

261 3422 374 3492 liter
414 3426 549 3503 οἶνος
590 3431 876 3517 eoquod
914 3433 1213 3502 πεπτικός
1254 3437 1446 3516 caput
1485 3430 1820 3497 calefacere
1865 3432 2116 3496 dicitur.
2167 3432 2596 3498 Mummius

262 3540 465 3614 autem,
525 3560 719 3623 quem
781 3536 1005 3602 deinde
1068 3540 1337 3624 scriptor
1393 3537 1605 3615 affert,
1671 3537 1919 3601 dixerat
1983 3538 2010 3600 ὃ
2062 3538 2122 3601 δὲ
2173 3538 2388 3609 λευκὸς
2435 3540 2596 3616 οὐρη-

262 3643 543 3716 τικώτατος
606 3644 713 3709 καὶ
776 3642 1200 3721 λεπτότατος,
1260 3644 1287 3707 ὁ
1344 3644 1408 3708 δὲ
1456 3645 1646 3722 κιρρὸς
1695 3642 1865 3721 ξηρὸς
1916 3645 2021 3708 καὶ
2070 3650 2188 3707 τῶν
2235 3646 2438 3709 σιτίων
2489 3668 2596 3709 πε-

262 3746 573 3827 ττικῶτερος
592 3800 609 3828 ,
655 3749 825 3814 unde
872 3752 1155 3837 suspicor
1202 3749 1373 3834 apud
1421 3750 1827 3815 Athenaeum
1874 3752 2176 3835 primitus
2224 3751 2450 3815 fuisse:
2515 3788 2591 3798 —

262 3850 553 3933 οὐρητικός,
621 3856 699 3933 (ὃ
748 3856 811 3920 δὲ
858 3857 1098 3934 κιρρὸς)
1157 3853 1600 3933 πεπτικός,
1652 3855 1936 3936 θερμός
1986 3880 2074 3920 τε
2123 3856 2197 3920 ὢν
2245 3858 2353 3929 τὴν
2396 3864 2596 3937 κεφα-

262 3956 347 4030 Ᾰῆν
384 3970 534 4027 ποιεῖ
573 3960 861 4042 διάπυρον
910 3963 1039 4027 κτὲ.

328 4086 381 4149 p.
423 4066 521 4145 43,
547 4089 599 4133 e.
664 4068 1099 4147 Pwommus
1159 4088 1269 4133 rex
1332 4069 1401 4131 in
1456 4068 1937 4131 Commentariis:
1990 4067 2087 4131 ἐπὶ
2139 4067 2412 4145 Κορίνθου
2461 4092 2597 4147 προ-

262 4166 475 4250 ἄγουσι,
536 4174 750 4253 φησίν,
802 4178 946 4249 ἡμῖν
991 4173 1089 4237 διὰ
1140 4182 1249 4248 τῆς
1302 4174 1736 4253 Κοντοπορείας
1787 4174 2169 4248 καλουμένης
2219 4176 2435 4239 κατὰ
2485 4177 2595 4248 την

262 4272 537 4357 ἆκρῶρειαν
580 4280 1053 4360 προσβαίνουσιν
1102 4276 1256 4345 εἶναι
1304 4283 1518 4358 κρήνην
1565 4284 1742 4358 νοῖμα
1790 4282 2066 4345 άνιεῖσαν
2114 4280 2314 4360 χιόνος
2363 4281 2595 4362 ψυχρό-

262 4402 420 4459 τερον·
464 4386 582 4452 κτέ.
634 4385 807 4454 Cum
850 4388 1122 4453 verbum
1170 4388 1583 4467 προσβαίνειν,
1633 4387 1994 4450 ascendendi
2041 4408 2230 4452 sensu
2271 4390 2588 4473 positum,
