3192 5009
553 239 684 338 382
1528 256 1952 306 rmsch.

550 424 834 490 Haskins
896 424 975 490 ed
1036 423 1329 486 immam
1347 449 1365 484 .·
1434 425 1531 498 „is
1575 423 1720 488 best
1769 422 1959 487 taken
2009 442 2076 486 as
2123 442 2160 487 a
2205 422 2540 510 participle
2558 473 2575 500 ,
2627 429 2742 490 not
2786 445 2857 490 as
2905 445 2946 490 a

548 531 703 596 verb
721 580 737 607 ‚
803 529 1123 616 although
1169 528 1279 594 the
1327 529 1507 594 three
1554 526 1922 613 participles
1969 531 2278 615 egreeing
2325 530 2480 593 with
2527 530 2697 594 miles
2741 531 2941 596 make

550 638 660 703 the
706 643 997 702 sentence
1045 635 1397 699 somewhat
1444 633 1830 698 awkward”.

638 741 808 806 Mihi
869 740 1128 825 quidem
1190 740 1387 805 verba
1448 761 1564 801 non
1627 747 1838 802 temere
1900 738 2194 802 immissus
2240 741 2465 822 campie
2509 747 2586 805 ut
2626 740 2945 828 leguntur

544 847 781 933 frig-ida
799 896 814 924 ,
862 849 1065 912 immo
1111 845 1380 911 molesta
1425 843 1726 909 videntur
1744 891 1760 920 ‚
1812 865 1956 908 cum
2006 865 2206 929 parva
2251 845 2541 911 adhibita
2578 849 2945 913 mutatione

548 974 699 1019 sana
746 955 1061 1018 sententia
1108 954 1365 1016 restitui
1412 954 1648 1036 possit:

905 1057 1093 1124 miles
1142 1065 1219 1123 ut
1264 1057 1527 1123 adverso
1575 1057 1820 1122 Phoebi
1869 1056 2152 1121 radiatus
2199 1057 2277 1122 ab
2322 1061 2460 1122 ictu

908 1164 1287 1230 descendens
1332 1169 1500 1228 totos
1546 1162 1829 1249 perfudit
1875 1161 2122 1228 lumine
2168 1163 2362 1229 colles
2380 1213 2396 1240 ,

906 1291 1033 1335 non
1079 1277 1317 1335 temere
1362 1270 1656 1333 immissa
1703 1275 1800 1333 est
1851 1271 2129 1353 campis:
2181 1271 2362 1334 stetit
2409 1268 2628 1335 ordine
2669 1277 2844 1335 certo

912 1373 1135 1440 infelix
1184 1377 1368 1439 ecies.

640 1620 869 1690 Caesar
914 1593 1155 1689 milites
1202 1629 1349 1688 ante
1394 1621 1716 1708 proelium
1763 1620 2208 1686 Pharsalicum
2255 1621 2662 1688 adhortatur:

642 1725 809 1794 257:
914 1730 1068 1794 haec
1116 1729 1337 1794 eadem
1384 1734 1481 1794 est
1527 1729 1715 1793 hodie
1758 1747 1918 1813 quae
1955 1730 2228 1813 pig-nora
2265 1747 2551 1814 quaeque
2589 1735 2854 1814 penates

912 1834 1135 1899 reddat
1151 1883 1167 1912 ‚
1218 1839 1283 1898 et
1332 1835 1597 1899 emerito
1645 1833 1834 1899 faciat
1881 1853 1996 1898 vos
2041 1832 2253 1898 Marte
2299 1833 2574 1900 colonos.

548 1939 869 2006 Haskins:
922 1938 1023 2018 „It
1067 1942 1125 2004 is
1171 1939 1470 2005 doubtful
1519 1939 1806 2005 whether
1851 1941 2055 2003 eadem
2099 1946 2187 2002 est
2225 1939 2354 2002 dies
2391 1941 2570 2004 hodde
2608 1941 2824 2007 would
2865 1943 2946 2007 be

548 2067 630 2112 an
676 2044 1043 2111 admissible
1089 2045 1519 2131 expression''.
1571 2045 1695 2110 Pro
1744 2045 1920 2108 hodie
1965 2044 2314 2133 legendum
2361 2065 2496 2111 esse
2541 2046 2702 2111 vobis
2744 2069 2942 2113 nemo

550 2174 677 2218 non
722 2152 966 2217 videbit
1010 2158 1200 2237 atque
1245 2152 1631 2217 iamdudum
1678 2151 2087 2216 Burmannus
2133 2155 2406 2216 monuit.
2543 2211 2548 2214 .

643 2402 805 2469 506:
915 2409 991 2467 ut
1037 2406 1324 2488 primum
1370 2409 1506 2467 toto
1557 2402 1811 2467 diduxit
1859 2421 2093 2466 cornua
2137 2421 2360 2487 campo

912 2509 1339 2593 Pompeianus
1386 2529 1577 2593 eques
1624 2506 1902 2592 bellique
1949 2529 2062 2593 per
2106 2507 2345 2572 ultime
2389 2507 2591 2586 fudit,

545 2614 831 2680 Haskins
895 2615 973 2680 ad
1035 2613 1213 2678 belli:
1281 2615 1399 2692 „of
1453 2615 1560 2679 the
1628 2617 1908 2700 wat-ring
1970 2613 2159 2678 host'’
2211 2634 2507 2700 compare
2553 2615 2663 2679 the
2709 2636 2826 2681 use
2875 2617 2951 2681 of

549 2719 791 2786 ‘battle'
836 2723 906 2785 in
954 2719 1057 2785 old
1104 2719 1398 2808 English.

640 2827 728 2890 At
766 2826 981 2890 balbum
1018 2827 1123 2891 hic
1159 2833 1257 2891 est
1298 2847 1563 2911 campus
1604 2826 1719 2891 ubi
1741 2845 1961 2912 pugna
1983 2827 2431 2902 committitur,
2457 2835 2533 2890 ut
2555 2833 2620 2891 et
2643 2847 2736 2891 vs.
2765 2824 2938 2893 523:

909 2934 1103 3017 inque
1151 2930 1323 2996 latus
1370 2929 1559 3008 belli,
1610 2951 1735 3016 que
1781 2951 1847 2995 se
1891 2949 2100 3016 vagus
2145 2929 2348 2995 hostis
2393 2931 2650 3018 egebam

637 3175 869 3244 Caesar
906 3198 944 3242 a
981 3178 1236 3243 Lucano
1278 3178 1659 3243 describitur
1705 3198 2109 3263 quacumque
2157 3184 2455 3264 vagatur,
2504 3180 2940 3266 sanguineum

545 3283 754 3349 veluti
813 3287 1105 3369 quatiens
1167 3283 1432 3349 Bellona
1492 3282 1862 3370 flagellum,
1909 3286 2004 3347 ita
2050 3289 2126 3348 ut
2172 3305 2298 3348 nox
2344 3287 2572 3370 ingens
2619 3283 2936 3350 scelerum

547 3397 612 3456 et
659 3391 877 3456 caedes
922 3393 1209 3455 oriantur
1255 3391 1644 3475 ubicumque
1692 3389 1928 3454 incedit

640 3495 806 3561 565:
1278 3495 1414 3560 obit
1458 3493 1608 3559 latis
1653 3497 1936 3580 proiecta
1983 3493 2287 3561 cadevera
2332 3496 2610 3580 campis:

907 3600 1168 3665 volnera
1211 3598 1569 3665 multorum
1615 3606 1831 3665 totum
1871 3600 2094 3666 fusura
2137 3621 2430 3667 cruorem

908 3709 1199 3793 opposita
1245 3709 1482 3790 premit
1527 3709 1666 3791 ipse
1712 3727 1930 3772 manu.

542 3811 1099 3882 commentatores
1160 3832 1379 3876 omnes
1440 3813 1611 3877 hunc
1668 3811 1886 3878 locum
1929 3816 2021 3877 ita
2065 3811 2460 3879 intellexisse
2507 3812 2809 3878 videntur
2857 3821 2934 3878 ut

541 3916 876 3986 Caesarem
932 3916 1251 3982 militibus
1314 3919 1445 3982 suis
1511 3917 1864 3983 vulneratis
1925 3938 2114 4004 opem
2163 3917 2390 3983 tulisse
2437 3923 2626 4003 poeta
2672 3917 2928 3984 diceret.

541 4023 823 4088 Haskins
868 4043 1123 4109 quoque
1168 4025 1262 4087 ita
1306 4025 1539 4101 sensit,
1588 4027 1700 4109 qui
1747 4024 1826 4088 ad
1857 4024 2098 4109 fusura
2116 4049 2134 4085 .·
2188 4024 2374 4101 „that
2421 4022 2634 4089 would
2673 4023 2802 4090 else
2837 4023 2932 4090 let

542 4135 657 4194 out
694 4129 782 4193 all
820 4129 989 4194 their
1026 4126 1259 4194 blood”
1299 4133 1363 4192 et
1402 4127 1481 4193 ad
1511 4129 1741 4211 premit
1763 4129 2036 4194 conferri
2060 4129 2241 4194 iubet
2266 4127 2412 4195 Tac.
2439 4131 2603 4194 Ann.
2631 4128 2772 4194 XV.
2803 4128 2928 4194 64:

547 4233 829 4321 obligare
873 4254 1067 4299 venas
1084 4281 1101 4310 ,
1148 4254 1435 4319 premere
1482 4238 1885 4320 sanguinem.

640 4339 713 4404 In
774 4339 1124 4404 Schrevelii
1182 4339 1457 4404 editione
1520 4346 1736 4406 tamen
1795 4347 2096 4428 rogatum
2156 4340 2341 4428 lego:
2393 4361 2780 4419 „suorumne
2825 4343 2932 4426 pie
