3192 5009
1132 380 1398 440 Qum'rus
1443 380 1841 430 summus.
2533 352 2659 421 171

290 545 383 614 Of.
445 546 695 614 Rhesus
744 545 896 626 887,
953 549 1067 613 ubi
1112 547 1561 634 plerorumque
1609 546 1900 612 codicum
1948 546 2288 611 lectionem
2337 541 2663 618 νεόκμητον

287 657 521 740 recepit
567 654 852 721 Dindorf.
901 658 969 719 in
1017 660 1184 740 poet.
1236 674 1321 719 sc.
1371 653 1467 718 ed.
1509 652 1584 731 V,
1635 652 1788 719 licet
1827 651 2169 729 νεόδμήτον,
2211 650 2382 736 quod
2421 646 2662 715 Christi

286 762 583 845 patientis
629 767 851 827 auctor
894 783 987 826 vs.
1042 758 1214 825 1456
1259 758 1494 847 legisse
1538 759 1815 837 videtur,
1864 758 2296 844 praetulerim.

553 1053 677 1123 εὖτ’
726 1053 938 1131 ἄνεμοι
978 1057 1087 1121 θοοὶ
1132 1055 1356 1135 φύλλα
1410 1055 1578 1121 κατὰ
1627 1054 1840 1135 χθονὸς
1886 1053 2332 1136 ὦμφιχέωνται

552 1164 785 1240 λα’βρον
833 1163 1261 1241 ἐπιβρίσαντες
1311 1162 1411 1226 ἄν’
1460 1160 1667 1226 ἄλσεα
1718 1163 1982 1237 ὑλήεντα

555 1268 1019 1349 ἀρχομένου
1063 1269 1491 1346 λυκάβαντος,
1534 1264 1663 1333 ὅτε
1715 1267 2244 1347 φθινύθουσιν
2293 1264 2613 1343 ὀπῶραι.

278 1373 503 1439 Verbis
562 1374 814 1440 ultimis
872 1374 1255 1440 describitur
1316 1376 1383 1437 τὸ
1447 1376 1836 1454 φθινόπωρον,
1907 1369 2124 1459 itaque
2173 1369 2521 1437 absurdum
2567 1373 2664 1433 est

277 1480 621 1559 ἀρχομένου
683 1480 1118 1557 λυκάβαντος,
1190 1501 1315 1565 quo
1366 1486 1650 1565 tempore
1699 1485 2022 1565 praeterea
2070 1477 2224 1543 folia
2272 1476 2491 1542 cadere
2538 1495 2665 1539 non

276 1585 506 1651 solent.
570 1585 943 1674 Legendum
1008 1587 1215 1673 igitur
1276 1585 1759 1665 ἐρχομένου,
1823 1588 1868 1650 1.
1895 1606 1948 1650 0.
2016 1580 2463 1663 ἀπερχομένου,
2536 1581 2662 1645 nisi

272 1692 439 1758 sorte
486 1694 663 1771 οἲχο
681 1694 822 1770 μέν
844 1716 871 1757 ο
893 1716 925 1755 υ
972 1694 1399 1757 necessarium
1446 1714 1579 1759 esse
1626 1698 1833 1779 putas.

364 1877 420 1942 V
469 1878 509 1943 6
534 1900 668 1965 sqq.
717 1879 829 1943 ubi
879 1879 1256 1944 describitur
1303 1885 1562 1944 scutum
1610 1878 1912 1944 Achillis:

549 1991 762 2066 πρῶτα
806 1986 919 2063 μὲν
968 1980 1035 2051 εὖ
1084 1984 1310 2060 ἤσκητο
1362 1986 1671 2061 θεοκμήτφ
1721 1984 1820 2049 ἐπὶ
1871 1983 2026 2064 ἔργῳ

545 2090 787 2170 οὐρανὸς
837 2092 928 2167 ἠδ’
975 2093 1181 2169 αἷθήρ,
1233 2093 1387 2172 γαίῃ
1436 2091 1489 2155 δ’
1541 2088 1685 2167 ἅμα
1735 2100 1916 2157 κεῖτο,
1946 2089 2274 2155 θάλασσα·

548 2199 608 2262 ἐν
657 2199 709 2263 δ’
757 2197 1042 2273 ἄνεμοι
1092 2198 1351 2279 νεφέλαι
1402 2223 1469 2262 τε
1520 2198 1742 2273 σελήνη
1793 2201 1851 2261 τ’
1902 2197 2094 2272 ἠέλιος
2146 2220 2212 2260 τε

549 2306 849 2383 κεκριμέν·
899 2303 1155 2375 ἄλλυδις
1206 2303 1416 2382 ἄλλα,
1467 2305 1726 2369 τέτυκτο
1778 2304 1840 2369 δὲ
1887 2305 2092 2381 τείρεα
2141 2302 2389 2378 πάντα,

550 2409 795 2475 ὁππόσα
846 2409 1121 2483 δινήεντα
1174 2407 1322 2473 κατ’
1372 2410 1611 2488 οὐρανὸν
1661 2411 2147 2488 α’μφιφέρονται.

274 2518 501 2582 Prima
549 2518 707 2583 facie
754 2520 1006 2583 mireris
1052 2523 1392 2583 ventorum
1432 2520 1862 2594 mentionem,
1907 2537 2064 2602 quos
2104 2513 2333 2579 artifex
2372 2518 2547 2592 (nam
2587 2509 2662 2575 de

274 2623 633 2710 allegoricis
694 2623 921 2709 figuris
984 2625 1087 2689 hic
1146 2629 1360 2710 aperte
1408 2627 1679 2711 cogitari
1727 2624 1976 2709 nequit)
2020 2625 2092 2686 in
2137 2626 2316 2686 scuto
2365 2617 2661 2703 effingere

271 2752 406 2796 11011
465 2736 713 2816 poterat
732 2779 747 2807 ,
810 2729 919 2795 sed
982 2733 1194 2816 potuit
1258 2734 1474 2794 tamen
1536 2728 2002 2813 quodammodo
2065 2728 2340 2792 indicare
2387 2722 2660 2788 turbidis

274 2836 676 2921 confusisque
744 2836 1016 2905 nubium
1080 2835 1303 2899 formis
1321 2884 1336 2911 ,
1388 2855 1579 2963 quare
1627 2833 1978 2921 repudiatis
2028 2852 2187 2919 quae
2234 2830 2400 2895 mihi
2447 2849 2512 2893 se
2559 2826 2662 2891 ob-

273 2942 570 3009 tulerunt
616 2944 991 3008 coniecturis
1039 2940 1099 3005 ἒν
1152 2940 1201 3003 δ’
1253 2936 1351 3018 αρ’
1400 2940 1548 3004 ἔσαν
1593 2940 1699 3020 (cf.
1749 2936 1853 3021 57,
1885 2936 1995 3018 73)
2044 2945 2157 3003 aut
2203 2935 2262 3000 ἔν
2310 2936 2360 2999 δ’
2401 2934 2498 3013 ἄρ’
2537 2956 2659 2997 ανω

276 3050 384 3131 (cf.
424 3070 519 3114 vs.
566 3049 696 3129 11),
737 3047 1067 3135 volgatam
1106 3048 1488 3132 scripturam
1527 3049 1620 3110 ita
1658 3051 1841 3111 tueor
1877 3051 1952 3109 ut
1989 3046 2307 3109 artissime
2337 3040 2662 3127 iungenda

275 3162 506 3241 putem
549 3154 860 3220 vocabula
905 3152 1119 3229 ἄνεμοι
1167 3146 1426 3239 νεφέλαι
1475 3178 1565 3217 τε.

372 3323 428 3388 V
476 3323 560 3391 57
610 3325 685 3391 de
734 3324 956 3390 eodem
1000 3324 1203 3409 clipeo
1250 3323 1516 3389 dicitur:

556 3432 613 3495 ἐν
662 3430 712 3495 δ’
761 3428 907 3495 ἔσαν
956 3433 1269 3509 ἀμητῆρες
1317 3432 1439 3495 ἀνὰ
1489 3430 1738 3494 πλατὺν
1781 3428 1976 3507 ὄγμον
2025 3428 2210 3495 ἰόντες
2234 3477 2252 3509 ψ,

553 3538 913 3607 σπεύδοντες
963 3537 1284 3616 ὃρεποένῃσι
1336 3538 1624 3615 νεήκεσιν,
1675 3542 1790 3600 τῶν
1840 3536 1892 3599 δ’
1941 3536 2054 3599 ὑπὸ
2104 3533 2314 3613 χερσὶν

556 3643 790 3719 ἤνυτο
837 3646 1001 3717 λήιον
1050 3639 1223 3709 αὖον·
1276 3643 1402 3707 κτὲ.

282 3751 607 3816 Lacunam
669 3756 809 3836 post
869 3750 1081 3830 χερσίν
1145 3750 1429 3835 explevit
1491 3750 1968 3815 Zimmermann
2029 3770 2222 3813 versu
2283 3738 2530 3811 servato
2592 3748 2661 3810 in

282 3857 493 3923 codice
539 3855 957 3921 Parrhasiano
1006 3859 1096 3920 sic
1143 3861 1420 3921 correcto
1469 3877 1582 3940 pro
1635 3881 1676 3917 α
1696 3856 1715 3920 ἱ
1735 3881 1814 3918 νυ
1834 3881 1870 3917 τ
1891 3856 2119 3927 ολήιον.
2168 3853 2268 3918 Ita
2315 3856 2371 3916 si
2409 3854 2660 3936 scripsit

284 3963 593 4043 Quintus,
643 3963 877 4027 abusus
924 3968 1020 4027 est
1064 3961 1206 4027 loco
1260 3945 1575 4048 Odyssc'ae
1624 3988 1653 4026 ε
1681 3961 1812 4027 242
1864 3963 1998 4030 θοῶς
2049 3961 2112 4023 δέ
2162 3962 2211 4024 οἱ
2258 3960 2429 4032 ἤνυτο
2465 3965 2659 4040 (recte

288 4070 460 4145 ἤνετο
524 4066 755 4145 Cobet,
819 4067 955 4149 alii)
1020 4066 1213 4146 ἔργον,
1262 4089 1411 4132 nam
1459 4068 1628 4154 quod
1673 4075 1840 4133 recte
1888 4069 1964 4132 de
2012 4090 2183 4149 opere
2228 4066 2478 4141 dicitur,
2528 4086 2662 4150 pes-

285 4178 444 4240 sime
508 4174 671 4238 dixit
734 4174 808 4238 de
855 4181 1063 4255 seyete.
1113 4172 1249 4252 Qua
1294 4195 1361 4239 re
1406 4172 1733 4239 intellecta
1779 4174 1982 4239 editor
2030 4175 2362 4258 proposuit
2409 4172 2654 4249 κείρετο.

284 4280 513 4346 Paullo
584 4280 793 4344 lenius
862 4284 1111 4366 poterat
1183 4277 1593 4361 (τ)οίμ’νετο
1617 4330 1633 4358 ,
1706 4279 1814 4345 sed
1873 4284 2130 4366 propter
2191 4300 2384 4343 usum
2429 4298 2658 4364 parum

287 4387 666 4475 diligentem
724 4387 1065 4452 verborum
1123 4386 1650 4463 Homericorum,
1719 4408 1910 4471 quem
1971 4406 2154 4471 saepe
2199 4388 2267 4449 in
2312 4385 2430 4449 hoc
2475 4388 2661 4471 poeta

290 4494 732 4571 observamus,
781 4494 989 4558 nescio
1040 4494 1167 4558 fere
1214 4514 1293 4557 an
1341 4493 1516 4568 ἤνυτο
1565 4514 1690 4557 11011
1738 4496 1823 4558 sit
1871 4491 2362 4558 sollicitandum.
