3192 5009
990 277 1076 323 1111
1120 278 1271 351 man
1318 277 1772 323 oanuwmmm.
2452 249 2584 317 239

239 447 589 529 quaestores,
649 464 799 509 cum
862 464 1083 509 omnes
1146 445 1541 528 spectionem
1602 442 1909 507 haberent
1974 440 2052 505 de
2100 438 2542 525 rogationibus
2565 484 2582 513 ,

237 570 403 635 quam
458 552 545 614 eis
599 550 877 616 adimere
937 570 1061 615 non
1126 554 1341 635 posset
1388 552 1487 615 vis
1536 551 1903 614 tribunicia.
1954 547 2364 633 Quamquam
2411 543 2582 609 solus

236 664 425 721 auctor
466 657 648 723 huius
694 660 789 723 rei
836 680 1029 744 quem
1076 657 1388 723 habemus
1435 656 1606 737 (adn.
1663 655 1696 719 1
1737 679 1788 721 0.
1815 662 1906 742 p.)
1945 676 2072 720 non
2115 654 2349 718 diserte
2389 651 2582 727 dicit,

235 763 547 830 Servilium
582 771 981 850 quaestorem
1022 786 1095 830 00
1137 764 1239 829 (110
1276 766 1351 828 de
1375 764 1537 828 caelo
1558 786 1842 841 servasse,
1869 768 2086 827 tamen
2110 763 2266 826 satis
2289 764 2586 845 apertum

235 878 315 936 est
364 892 506 937 eum
560 873 673 937 hoc
736 873 957 937 fecisse
978 921 993 950 ‚
1057 878 1123 937 et
1186 893 1265 938 ex
1332 892 1405 936 ea
1452 892 1519 937 10
1566 872 1645 935 ab
1695 892 1768 936 00
1817 873 2092 957 petitam
2141 888 2275 934 esse
2323 885 2584 931 causam

235 976 379 1042 haud
431 980 730 1043 iniustam
788 1002 903 1045 cur
949 980 1208 1045 tribuno
1254 982 1323 1045 vi
1370 982 1732 1057 resisteret,
1783 998 1822 1043 a
1865 998 1991 1063 quo
2039 996 2234 1041 suum
2277 976 2382 1039 ius
2429 972 2589 1059 legi-

235 1088 443 1149 timum
486 1106 729 1172 quoque
778 1086 1135 1173 proculcari
1182 1086 1449 1177 videret.

308 1190 435 1256 Hoc
480 1198 665 1279 capnt
710 1192 879 1280 legis
924 1193 1143 1259 Aeliae
1191 1193 1409 1259 Fufiae
1448 1197 1736 1279 primum
1778 1192 1982 1257 effecit
2000 1240 2016 1269 ,
2057 1196 2134 1255 ut
2170 1192 2275 1254 ius
2313 1188 2390 1253 de
2414 1186 2587 1253 caelo

235 1298 491 1363 servandi
552 1320 703 1364 cum
771 1299 951 1387 leges
1022 1301 1339 1365 ferrentur
1407 1301 1586 1366 fieret
1658 1298 2020 1365 subsidium
2090 1295 2352 1383 aliquod
2414 1293 2588 1359 haud

236 1405 619 1490 spernendum
663 1410 731 1471 in
780 1408 1291 1473 contentionibus
1338 1410 1624 1493 partium
1668 1406 2098 1492 politicarum.
2162 1404 2370 1469 Antea
2414 1403 2589 1467 enim

236 1532 339 1575 non
391 1511 669 1578 multum
734 1512 950 1580 valere
1014 1518 1231 1600 potuit
1277 1514 1679 1580 obnuntiatio
1727 1515 2274 1599 magistratuum,
2324 1512 2477 1595 quia
2521 1508 2589 1573 id

237 1620 319 1681 ius
358 1618 647 1685 adversus
697 1620 985 1687 tribunos
1033 1620 1211 1707 leges
1260 1622 1531 1687 ferentes
1568 1622 1649 1686 ab
1689 1623 1780 1686 eis
1817 1619 1974 1685 00110
2015 1618 2304 1684 adhiberi
2342 1621 2591 1703 poterat

238 1728 325 1809 qui
379 1728 565 1791 etiam
628 1726 935 1793 haberent
995 1730 1098 1792 ius
1144 1728 1609 1806 intercedendi;
1659 1728 1888 1793 abhinc
1936 1728 2133 1792 etiam
2179 1724 2414 1810 reliqui
2459 1743 2592 1788 ma-

238 1834 511 1916 gistratus
544 1834 866 1899 habebant
908 1856 1033 1920 quo
1058 1838 1425 1900 resisterent
1450 1836 1805 1901 actionibus
1831 1833 2212 1898 tribuniciis.
2257 1832 2594 1897 Praeterea

242 1957 303 2000 ex
354 1959 471 2003 una
514 1946 690 2025 parte
738 1940 887 2026 plus
934 1941 1187 2007 valebat
1232 1942 1635 2007 obnuntiatio
1686 1962 1882 2027 quam
1925 1942 2313 2005 intercessio.
2363 1938 2436 2004 Si
2485 1940 2595 2002 tri—

247 2044 421 2110 bunus
466 2052 575 2111 aut
620 2048 877 2125 consul,
926 2047 1141 2135 legem
1187 2052 1323 2114 01110
1372 2051 1560 2115 Auct.
1607 2048 1753 2114 Sen.
1793 2049 2000 2113 ferens
2017 2096 2033 2129 ‚
2077 2049 2594 2111 intercessionem

248 2158 339 2215 aut
396 2157 461 2217 vi
528 2154 778 2219 arcebat
848 2162 961 2221 aut
1023 2154 1167 2221 dolo
1232 2155 1530 2221 eludebat
1593 2162 1697 2236 (ut
1759 2156 2046 2220 fecerunt
2092 2175 2241 2219 cum
2288 2152 2404 2223 alii
2449 2158 2595 2216 tum

245 2256 585 2324 Saturninus
652 2282 707 2325 a.
781 2259 929 2339 100,
996 2260 1206 2326 Titius
1268 2268 1348 2325 tr.
1414 2261 1502 2347 pl.
1567 2282 1623 2327 a.
1691 2259 1798 2339 99,
1864 2258 2095 2328 Caesar
2156 2280 2280 2325 cos.
2349 2280 2406 2323 a.
2459 2256 2592 2338 59),

244 2367 457 2450 rogatio
523 2366 787 2451 perferri
857 2372 1106 2453 poterat
1123 2417 1139 2445 ,
1204 2389 1410 2454 neque
1473 2366 1656 2433 facile
1715 2374 1974 2453 propter
2036 2370 2174 2431 vim
2237 2365 2595 2431 adhibitam

245 2469 409 2534 solam
472 2478 690 2557 postea
758 2472 903 2538 tolli
963 2477 1213 2559 poterat
1230 2494 1246 2551 ;
1314 2475 1632 2539 iudicium
1695 2473 1771 2537 de
1829 2476 2166 2539 maiestate
2227 2494 2414 2551 vern,
2465 2494 2592 2559 quo

245 2596 403 2659 poena
445 2585 835 2663 repeteretur
880 2579 958 2644 ab
1006 2601 1079 2645 eo
1120 2583 1233 2665 qui
1272 2582 1793 2645 intercessionem
1836 2579 2242 2666 neglexerat,
2283 2602 2408 2645 non
2447 2587 2595 2645 ante

244 2686 570 2765 proximum
630 2706 874 2750 annum
936 2685 1075 2750 fieri
1138 2692 1387 2771 poterat
1450 2697 1655 2772 neque
1718 2708 1957 2774 magna
2011 2690 2080 2751 in
2127 2708 2200 2752 eo
2247 2707 2389 2772 spes
2436 2692 2591 2751 erat.
2715 2690 2720 2694 ’

248 2786 343 2853 Sed
378 2812 537 2856 nunc
575 2792 1055 2857 obnuntiatione
1092 2796 1307 2878 potuit
1354 2792 1569 2857 vitiari
1616 2797 1867 2880 rogatio
1917 2814 2078 2879 quae
2122 2780 2424 2879 impediri
2468 2815 2596 2859 non

246 2902 531 2979 potuerat,
582 2904 647 2963 et
691 2899 760 2963 id
810 2899 1073 2983 quidem
1120 2900 1200 2965 ab
1240 2900 1538 2965 omnibus
1577 2902 2066 2987 magistratibus
2105 2903 2218 2986 qui
2257 2898 2558 2965 volebant
2575 2919 2592 2977 ;

248 3002 337 3067 hoc
398 3008 641 3092 copiam
717 3006 1057 3091 praebebat
1076 3056 1091 3083 ,
1164 3012 1389 3092 postea
1450 3007 1769 3072 excitandi
1831 3008 2068 3073 decreti
2128 3028 2455 3093 augurum
2517 3007 2594 3071 de

248 3112 407 3190 11110,
452 3118 519 3177 et
564 3114 813 3177 senatui
860 3112 1235 3178 facultatem
1282 3114 1473 3179 dabat
1521 3114 1931 3193 decernendi,
1980 3114 2126 3201 lege
2175 3134 2336 3199 quae
2375 3117 2595 3179 contra

251 3220 483 3302 auspicia
555 3218 686 3284 lata
732 3225 899 3284 esset
947 3223 1117 3285 cives
1166 3241 1291 3284 non
1336 3222 1557 3285 teneri.
1607 3220 1748 3285 Hoc
1792 3222 2018 3307 igitur,
2068 3219 2238 3306 quod
2283 3225 2359 3283 ut
2405 3239 2597 3304 supra

252 3320 354 3387 dixi
406 3332 548 3390 ante
612 3346 666 3389 a.
722 3324 851 3390 154
919 3326 1162 3391 factum
1221 3347 1348 3391 non
1412 3333 1542 3405 est,
1607 3330 1859 3413 saepius
1921 3328 2162 3392 factum
2227 3332 2324 3392 est
2383 3328 2461 3393 ab
2523 3348 2597 3392 eo

254 3439 491 3515 tempore
558 3452 681 3517 quo
727 3431 832 3497 lex
878 3431 1063 3497 Aelia
1106 3432 1289 3497 Fufia
1335 3432 1817 3499 confirmaverat
1867 3434 2420 3499 obnuntiationem
2465 3454 2600 3498 ma-

254 3537 635 3619 gistratuum3
684 3530 936 3623 praeter
982 3560 1089 3604 eas
1124 3537 1302 3626 leges
1343 3560 1503 3625 quae
1546 3539 1740 3604 aliam
1779 3540 1858 3604 ob
1899 3560 2157 3605 causam
2197 3542 2358 3605 vitio
2396 3540 2598 3605 factae

253 3662 357 3707 esse
396 3647 563 3711 visae
600 3653 750 3713 sunt
788 3645 949 3725 (scil.
991 3646 1161 3731 quod
1200 3667 1352 3711 cum
1390 3627 1708 3711 ferrentur
1747 3644 2040 3732 neglecta
2079 3651 2287 3712 essent
2312 3648 2597 3731 auspicia

256 3750 523 3831 quaedam
566 3752 727 3815 incer
770 3752 1012 3816 comitia
1060 3757 1395 3838 conspecta
1441 3773 1605 3838 quae
1654 3773 1767 3837 pro
1805 3752 2269 3838 impedimento
2308 3751 2599 3817 habenda

256 3852 411 3921 fuisse
475 3864 695 3943 postea
764 3865 1143 3923 censuerunt
1217 3880 1494 3945 augures
1514 3907 1531 3936 ‚
1608 3860 1779 3943 quod
1851 3859 2020 3924 cadit
2079 3862 2146 3923 in
2208 3858 2596 3944 Appuleiam

260 3966 533 4046 agrariam
579 3970 642 4029 et
688 3962 928 4030 Titiam
974 3968 1321 4052 agrariam)
1351 3963 1423 4045 ¹),
1465 3969 1666 4031 etiam
1706 3965 1865 4031 aliae
1902 3966 2078 4053 leges
2116 3964 2402 4030 sublatae
2449 3970 2598 4029 sunt

310 4250 351 4313 l)
388 4254 552 4321 Obseq.
594 4257 675 4315 46,
711 4256 814 4305 Cic.
848 4256 939 4320 leg.
978 4259 1025 4306 3.
1046 4261 1091 4306 6.
1114 4258 1202 4317 14;
1238 4257 1358 4307 Aur.
1398 4256 1522 4307 vict.
1560 4256 1651 4306 vir.
1686 4256 1760 4306 ill.
1797 4255 1943 4315 7117.
1981 4259 2103 4323 App.
2141 4256 2287 4317 1.30‚
2324 4272 2454 4322 supr.
2487 4272 2598 4321 pag.

262 4330 309 4377 98
334 4334 406 4383 sub
438 4338 540 4388 11⁰.
578 4339 709 4388 Idem
744 4338 873 4387 cadit
904 4337 955 4387 in
992 4338 1120 4402 leges
1156 4339 1389 4387 Antonias
1423 4356 1466 4390 a.
1487 4342 1570 4398 44,
1605 4338 1703 4390 Cic.
1741 4337 1870 4388 Phil.
1907 4339 1987 4388 12.
2010 4341 2054 4389 Ε.
2076 4339 2140 4388 12
2175 4342 2224 4389 ct
2259 4340 2340 4389 1³.
2361 4340 2406 4389 8.
2427 4342 2474 4398 5,
2507 4339 2597 4389 cfr.

264 4414 350 4465 M.
368 4416 437 4469 10.
468 4444 535 4458 —
567 4420 667 4470 Gir.
703 4436 831 4485 supr.
866 4436 974 4486 pag.
1012 4420 1076 4473 79
1113 4419 1201 4470 sub
1232 4420 1310 4470 4⁰.
