3192 5009
496 231 629 296 414
1142 249 1227 296 nn
1271 249 1897 298 maucmmnomus
1945 251 2245 300 somma.

495 419 693 482 etiam
739 436 887 481 sane
934 415 1014 480 ad
1060 435 1283 500 pacem
1319 415 1775 502 imponendam
1812 420 1968 502 ipsis
2008 418 2311 503 gentibus
2349 421 2634 504 patriciis
2673 440 2889 485 aemu-

489 523 773 589 lantibus
841 525 1255 609 ipsarumque
1322 522 1628 608 dignitati
1697 528 1930 588 mutuo
1997 522 2470 603 invidentibus;
2550 546 2630 590 ne
2693 518 2888 591 veriti

494 630 756 715 quidem
806 635 956 694 sunt
1000 630 1120 694 hoc
1166 632 1517 714 imperium
1561 629 1889 694 interdum
1937 629 2179 696 deferre
2237 629 2317 696 ad
2376 634 2546 696 viros
2607 653 2888 716 quorum

491 739 674 822 origo
734 739 1072 822 peregrina
1132 742 1334 812 esset,
1400 739 1551 821 quia
1605 735 1928 800 malebant
1991 737 2115 801 sibi
2173 740 2490 823 imperare
2551 739 2886 803 hominem

487 865 730 909 novum
778 864 1041 930 peregre
1090 849 1307 908 ortum
1355 862 1551 928 quam
1596 847 1672 906 ut
1717 863 1846 906 una
1890 863 1970 907 ex
2016 845 2174 928 ipsis
2215 845 2518 930 gentibus
2555 846 2886 910 veteribus

486 953 665 1037 regio
714 945 971 1016 nomine
1018 955 1238 1014 ornata
1282 951 1476 1012 nimis
1525 945 1972 1032 praecelleret;
2023 948 2134 1014 sed
2173 971 2489 1038 magnum
2521 949 2884 1033 periculum

486 1079 563 1122 ex
629 1061 944 1142 potestate
1006 1057 1187 1141 regia
1247 1054 1370 1120 sibi
1432 1056 1773 1119 imminere
1837 1055 2176 1120 censebant
2194 1105 2210 1133 ,
2278 1059 2334 1120 si
2382 1059 2438 1122 ei
2489 1059 2884 1141 permissum

485 1173 653 1228 esset
716 1167 791 1226 ut
837 1160 1037 1225 libere
1085 1157 1438 1226 exsultaret
1486 1160 1650 1225 freta
1696 1160 1912 1225 favore
1959 1159 2257 1247 populari
2305 1166 2420 1226 aut
2465 1160 2676 1248 gloria
2713 1162 2884 1227 mili—

485 1271 609 1334 tari
656 1273 771 1332 aut
814 1268 1042 1352 opibus
1080 1264 1247 1332 bello
1288 1268 1614 1350 quaesitis.
1657 1265 1840 1346 Quod
1879 1289 1958 1332 ne
1995 1267 2176 1332 fieret
2215 1270 2425 1333 caveri
2464 1290 2592 1334 non
2631 1274 2884 1354 poterat

487 1377 621 1438 sine
684 1375 871 1437 certis
931 1371 1346 1458 pignoribus;
1397 1392 1470 1436 eo
1515 1373 1724 1457 igitur
1771 1375 2220 1457 pertinuerunt
2266 1394 2418 1438 cum
2465 1373 2628 1452 alia,
2675 1373 2886 1440 veluti

489 1481 850 1545 Auctoritas
920 1483 1210 1554 senatus,
1234 1497 1445 1574 ¹‚quae
1508 1483 1826 1563 quantum
1884 1480 2246 1564 pertinebat
2309 1480 2388 1544 ad
2453 1480 2886 1546 confirmanda

491 1587 754 1651 comitia
790 1586 1036 1648 curiata
1072 1588 1138 1649 et
1176 1586 1533 1648 centuriata
1556 1623 1641 1632 —
1669 1584 1856 1650 hodie
1894 1584 2262 1650 Auctoritas
2300 1586 2572 1650 Patrum
2597 1585 2766 1652 dicta
2793 1623 2880 1634 -

488 1693 840 1758 necessaria
864 1695 929 1755 et
951 1689 1251 1776 legitima
1274 1695 1429 1766 erat,
1447 1693 1515 1754 in
1542 1690 1688 1754 aliis
1711 1691 1902 1755 rebus
1927 1711 2078 1756 vero
2101 1692 2544 1776 requirebatur
2565 1693 2886 1771 moribus;

488 1803 634 1863 tum
672 1817 824 1862 vero
864 1798 1063 1862 etiam
1101 1773 1291 1882 opera
1332 1815 1529 1880 quam
1566 1797 1974 1881 praestabant
2011 1818 2308 1884 augures.
2349 1798 2676 1864 Adversus
2699 1820 2884 1887 reges

486 1924 805 1970 novarum
841 1923 1059 1967 rerum
1096 1922 1584 1986 nonnumquam
1625 1903 1892 1988 cupidos
1909 1953 1925 1981 ,
1961 1924 2278 1990 magnum
2301 1905 2691 1990 praesidium
2715 1911 2885 1992 pete-

484 2013 676 2074 batur
721 2030 799 2074 ex
848 2029 920 2074 eo
969 2007 1140 2094 quod
1186 2027 1464 2093 augures
1487 2009 1615 2093 sas
1653 2014 1768 2074 aut
1807 2011 1991 2095 nefa-5
2029 2031 2166 2076 esse
2207 2010 2498 2076 dicebant
2517 2033 2532 2089 ;
2582 2011 2882 2078 nobilitas

484 2114 767 2180 malebat
806 2135 992 2179 suam
1027 2113 1430 2180 voluntatem
1468 2114 1842 2181 confirmare
1867 2119 2267 2202 argumentis
2293 2139 2370 2182 ex
2396 2121 2698 2204 auspiciis
2721 2121 2882 2203 peti·

484 2225 588 2298 tis,
630 2242 824 2307 quam
861 2223 1262 2307 argumentis
1302 2241 1464 2304 quae
1500 2222 1771 2305 petenda
1813 2229 2025 2288 essent
2051 2243 2128 2288 ex
2153 2226 2292 2309 ipsa
2315 2245 2382 2289 re
2406 2225 2483 2288 de
2508 2245 2632 2310 qua
2653 2223 2878 2310 agab&

485 2334 611 2404 tur,
652 2347 803 2392 cum
840 2328 905 2390 in
946 2332 1173 2392 senatu
1213 2329 1563 2392 sententiae
1586 2327 1969 2406 dicerentur,
1997 2332 2146 2414 quia
2167 2329 2280 2394 illa
2304 2331 2584 2396 firmiora
2603 2334 2786 2396 erant
2809 2335 2878 2393 et

483 2431 736 2497 facilius
776 2453 890 2516 pro
930 2430 1195 2497 libidine
1236 2433 1453 2519 effingi
1490 2438 1820 2517 poterant;
1864 2455 2068 2519 neque
2115 2434 2329 2500 solum
2375 2457 2451 2500 eo
2495 2436 2878 2521 provocabat

384 2579 391 2585 -
482 2537 785 2602 nobilitas
832 2559 982 2601 cum
1028 2544 1311 2602 censeret
1356 2541 1511 2603 stari
1562 2539 1789 2605 debere
1836 2542 2099 2624 antiquo
2145 2543 2288 2606 iure
2306 2589 2322 2617 ,
2371 2547 2448 2605 ut
2497 2541 2615 2606 sub
2653 2541 2874 2605 Prisco

480 2645 727 2708 factum
772 2663 907 2708 esse
953 2643 1247 2720 traditur,
1298 2643 1410 2710 sed
1455 2647 1655 2709 etiam
1699 2649 1767 2710 in
1808 2645 2084 2732 singulis
2125 2647 2480 2712 actionibus
2507 2647 2874 2712 domesticis

479 2756 545 2816 et
604 2748 999 2814 militaribus
1062 2749 1413 2814 conabatur
1458 2749 1724 2837 alligare
1771 2749 2101 2816 licentiam
2149 2755 2397 2839 regiam
2443 2753 2565 2818 hoc
2611 2752 2874 2818 vinculo

478 2855 645 2941 quod
692 2854 991 2919 tenebant
1038 2856 1175 2920 eius
1225 2861 1668 2942 procuratores
1716 2877 1750 2922 e
1795 2857 2100 2943 gentibus
2147 2857 2333 2934 lecti,
2383 2877 2678 2944 augures.
2743 2857 2871 2923 Sed

478 2985 628 3027 cum
675 2983 952 3047 regnum
971 3011 987 3038 ,
1036 2962 1114 3026 ab
1166 2961 1397 3026 ultimo
1444 2960 1790 3047 Tarquinio
1837 2966 1905 3026 in
1952 2963 2356 3028 dominatum
2394 2985 2656 3030 versum
2675 3013 2692 3042 ,
2731 2969 2872 3029 tan-

478 3069 627 3133 dem
670 3067 981 3132 seditione
1028 3072 1194 3132 esset
1241 3065 1603 3144 sublatum,
1652 3073 1718 3133 et
1756 3069 1883 3154 ipsi
1919 3072 2176 3154 patricii
2196 3119 2212 3147 ,
2256 3073 2518 3136 inventa
2555 3076 2872 3156 potestate

475 3172 799 3239 consulari
860 3193 1071 3237 annua
1116 3191 1277 3257 quae
1326 3173 1630 3258 bipartito
1680 3173 2191 3253 distribueretur,
2241 3179 2596 3262 imperium
2639 3180 2734 3242 ita
2781 3182 2873 3242 at-

476 3285 799 3345 tenassent
858 3285 933 3343 ut
992 3300 1118 3343 non
1165 3276 1445 3363 amplius
1491 3285 1704 3362 posset
1751 3301 1864 3365 per
1907 3301 1974 3344 se
2025 3286 2200 3346 stans
2251 3287 2561 3367 perpetuo
2605 3283 2870 3349 consilio

476 3403 833 3471 repugnare
896 3386 1181 3461 senatui,
1246 3383 1367 3447 hoc
1428 3383 1765 3449 vinculum
1828 3407 2080 3471 quoque
2130 3390 2266 3452 sine
2315 3388 2548 3453 damno
2599 3388 2868 3454 relaxari

474 3493 691 3577 potuit
750 3510 789 3553 a
848 3488 1167 3552 Patribus.
1232 3487 1402 3552 Illud
1464 3489 1724 3573 quidem
1789 3489 1901 3554 diu
1965 3494 2368 3556 retinuerunt
2429 3513 2743 3579 augures,
2795 3501 2869 3558 ut

474 3598 551 3662 de
600 3595 889 3681 partibus
935 3596 1193 3658 incertis
1239 3601 1305 3659 et
1350 3599 1774 3660 controversis
1816 3599 1977 3660 iuris
2025 3597 2266 3682 publici
2309 3597 2386 3663 de
2428 3600 2663 3684 quibus
2702 3600 2866 3664 nihil

472 3707 609 3767 erat
670 3704 739 3764 in
797 3698 1053 3785 legibus
1113 3708 1525 3784 praeceptum
1544 3748 1561 3777 ,
1613 3705 1668 3765 si
1717 3723 1878 3786 quae
1925 3702 2303 3768 huiusmodi
2349 3706 2418 3768 in
2464 3704 2867 3790 disceptatio—

472 3829 620 3873 nem
681 3808 1006 3880 venirent,
1058 3826 1094 3868 a
1140 3804 1441 3870 Patribus
1488 3805 1766 3870 consulti
1815 3808 2305 3892 responderent,
2354 3810 2526 3895 quod
2571 3831 2694 3875 non
2745 3813 2868 3874 uti-

470 3935 592 3999 que
640 3933 719 3978 ex
766 3913 1068 3996 auspiciis
1108 3911 1312 3976 facere
1353 3911 1673 3989 solebant,
1725 3913 1835 3978 sed
1885 3934 2372 4000 nonnumquam
2419 3937 2496 3980 ex
2545 3937 2868 3981 commen-

468 4021 649 4082 tariis
710 4019 877 4092 suis,
940 4016 1269 4081 interdum
1331 4019 1529 4081 etiam
1590 4039 1669 4082 ex
1733 4039 1850 4084 suo
1899 4019 2163 4085 arbitrio
2195 4020 2245 4100 1)
2261 4039 2278 4098 ;
2329 4019 2440 4085 sed
2487 4027 2636 4105 post
2683 4042 2866 4108 reges

470 4129 723 4188 exactos
781 4142 906 4186 non
967 4120 1246 4206 amplius
1306 4121 1569 4186 fuerunt
1630 4126 1874 4189 summi
1925 4127 2132 4189 omnis
2179 4127 2340 4189 iuris
2383 4124 2629 4211 publici
2673 4129 2868 4190 inter—

539 4367 592 4428 1)
626 4367 711 4415 cfr.
748 4366 853 4415 Liv.
888 4367 935 4414 4.
958 4367 1088 4415 81.4
1122 4371 1184 4426 (a.
1221 4367 1361 4428 426);
1402 4367 1501 4417 Cic.
1539 4382 1640 4432 rep.
1679 4369 1726 4416 2.
1764 4369 1824 4417 31
1867 4369 1956 4427 543
1995 4367 2121 4418 Fest.
2159 4383 2263 4434 pag.
2303 4369 2400 4420 289
2435 4385 2538 4420 ιν.
2573 4368 2759 4418 referri.
