3192 5009
564 335 691 400 116
1624 351 1868 401 cronno.

644 517 791 583 IIII.
841 518 904 596 2,
932 520 993 582 4.
1064 519 1253 600 Quum
1312 520 1396 581 ad
1446 518 1716 582 Clodium
1783 525 2016 582 ventum
2063 525 2212 581 eeset
2227 562 2244 596 ,
2296 518 2490 601 cupiit
2536 518 2693 582 diem
2739 540 2950 581 consu-

553 648 708 690 mere
724 674 740 703 ‚
808 648 990 711 neque
1051 626 1107 688 ei
1149 625 1311 708 finis
1356 632 1442 688 est
1471 625 1714 709 factus.
1769 623 2015 689 Ultima
2061 626 2254 690 verba
2301 622 2662 691 Gronovius
2710 625 2804 689 ita
2847 626 2950 687 in·

555 738 941 817 terpretatus
1010 738 1138 796 est:
1216 752 1383 808 „non
1454 752 1568 815 pro
1639 736 1957 816 potestate
2029 730 2318 796 consules
2387 733 2713 795 iusserunt
2785 750 2944 794 eum

555 835 804 913 silere'’,
851 840 919 901 in
968 858 1092 923 quo
1137 839 1238 901 vir
1284 857 1579 901 summus
1625 836 1838 921 lapsus
1887 841 2005 900 est.
2055 836 2222 902 Nam
2261 835 2551 902 consules
2592 857 2719 901 606
2758 836 2949 900 habe·

558 945 708 1008 bant
767 942 965 1009 talem
1025 950 1428 1029 potestatem.
1497 943 1707 1029 Neque
1767 943 1823 1006 ei
1865 942 2027 1025 finis
2086 950 2172 1007 est
2216 943 2442 1029 factus
2503 943 2739 1007 dicitur
2785 961 2944 1026 pro:

554 1071 669 1114 nec
714 1050 907 1116 finem
955 1050 1108 1115 fecit
1156 1052 1427 1115 orationi
1463 1070 1634 1115 suae.
1687 1046 1783 1115 Of.
1829 1046 2078 1115 Gellius
2120 1049 2198 1115 N.
2224 1050 2302 1114 A.
2346 1048 2492 1115 1111.
2538 1048 2643 1126 10,
2670 1047 2712 1112 8
2760 1070 2942 1133 quum

538 1158 731 1238 finem
774 1179 893 1220 non
922 1158 1172 1243 faceret
1217 1155 1295 1221 de
1338 1155 1434 1221 M.
1483 1154 1722 1223 Catone
1769 1158 1838 1219 in
1884 1162 2111 1220 senatu
2159 1159 2542 1221 sententiam
2590 1155 2857 1219 dicente.

644 1358 791 1423 ΠΠ.
845 1357 907 1436 3,
935 1356 996 1423 5.
1058 1359 1235 1422 Nova
1281 1361 1569 1445 quaedam
1615 1359 1829 1423 divina
1877 1360 2065 1423 mitte.
2113 1357 2289 1423 Male
2337 1357 2496 1423 duee
2541 1356 2810 1423 Ernesto
2863 1356 2944 1422 de

552 1467 927 1550 integritate
996 1464 1229 1529 horum
1297 1465 1639 1531 verborum
1712 1465 2026 1531 dubitavi.
2099 1461 2318 1530 Cicero
2385 1466 2468 1528 iis
2531 1462 2810 1528 declarat
2873 1484 2944 1527 se

556 1570 810 1637 silentio
859 1574 1198 1658 praeterire
1243 1571 1554 1657 quaedam
1599 1592 1803 1656 nuper
1849 1592 1888 1637 a
1934 1570 2178 1636 Milone
2227 1572 2489 1658 egregie
2538 1570 2724 1634 facta.

644 1787 793 1853 ΠΠ.
846 1786 906 1865 3,
938 1787 998 1853 6.
1064 1810 1130 1852 re
1172 1786 1502 1873 familiari
1549 1788 1888 1852 comminuti
1933 1810 2149 1852 eumue.
2207 1787 2420 1870 Quinbi
2451 1787 2698 1874 fratris
2743 1792 2942 1850 tamen

556 1893 917 1957 liberalitati
963 1916 1083 1977 pro
1127 1894 1545 1979 facultatibus
1609 1895 1830 1958 nostrie
1847 1944 1862 1973 ,
1927 1917 2002 1957 ne
2061 1894 2292 1958 omuino
2355 1894 2676 1957 exhaustus
2721 1914 2902 1956 eeeem
2921 1939 2940 1969 ,

554 2000 665 2063 illo
726 2008 1033 2063 recusante
1090 2000 1377 2064 subsidiis
1438 2000 1756 2064 amicorum
1817 2003 2248 2084 respondemus.
2300 1998 2642 2079 Quaeritur
2687 2000 2940 2064 dicatne

555 2107 656 2170 1118
704 2106 918 2173 verbis
964 2103 1183 2172 Cicero
1232 2128 1297 2171 86
1342 2109 1582 2191 partim
1627 2126 1742 2171 sua
1787 2109 2054 2192 pecunia
2073 2156 2090 2185 ,
2140 2109 2379 2192 partim
2430 2105 2734 2171 subsidiis
2783 2106 2944 2169 ami-

556 2233 780 2277 corum
839 2211 1208 2277 liberalitati
1254 2212 1467 2277 fratris
1516 2213 1875 2278 satisfacere
1892 2262 1909 2291 ,
1961 2218 2035 2277 ut
2081 2215 2299 2277 visum
2345 2219 2441 2277 est
2488 2210 2778 2299 'Pyrrello
2799 2260 2815 2288 ,
2857 2231 2940 2274 86

556 2341 759 2405 quum
802 2304 1005 2403 ipsius
1044 2340 1141 2384 168
1181 2318 1513 2384 familiaris
1553 2341 1681 2384 non
1723 2319 2056 2397 sufficeret,
2097 2319 2177 2384 ad
2215 2340 2353 2385 eam
2397 2340 2534 2385 rem
2573 2339 2768 2383 usum
2803 2338 2938 2381 6886

554 2427 823 2510 pecunia
869 2427 1257 2503 amicorum,
1303 2427 1519 2511 itaque
1566 2446 1830 2491 versura
1877 2424 2163 2491 solvisse.
2214 2424 2354 2490 Hoc
2404 2445 2525 2511 ego
2572 2423 2824 2489 defendi
2871 2431 2939 2487 et

554 2552 724 2595 nunc
782 2534 979 2595 etiam
1038 2552 1263 2596 verum
1313 2538 1491 2617 puto.
1538 2531 1713 2597 Dicit
1760 2553 1827 2597 se
1875 2554 1942 2597 re
1991 2530 2293 2597 familiari
2340 2532 2817 2597 comminutum
2863 2549 2937 2593 o:

554 2636 742 2703 valde
802 2639 1151 2702 minutum.
1223 2635 1541 2704 Ciceronis
1586 2636 1922 2703 facultates
1969 2645 2150 2702 erant
2195 2640 2470 2703 attritae.
2536 2636 2681 2701 Non
2727 2640 2944 2721 potest

555 2746 690 2808 suis
734 2741 1143 2808 facultatibus
1188 2743 1564 2829 respondere
1611 2744 1824 2808 fratris
1868 2742 2274 2822 liberalitati,
2319 2744 2428 2809 sed
2468 2744 2619 2809 facit
2661 2742 2781 2806 hoc
2821 2762 2940 2825 ope

555 2851 927 2914 amicorum.
992 2848 1214 2935 Itaque
1276 2871 1402 2915 606
1465 2850 1686 2915 scribit
1735 2848 2147 2916 facultatibus
2197 2852 2430 2915 nostris
2450 2899 2467 2928 ‚
2517 2849 2627 2915 sed
2662 2870 2785 2932 pro
2816 2848 2942 2933 sa-

555 2958 876 3021 cultatibue
944 2958 1165 3021 nostrie
1232 2976 1299 3022 o:
1367 2955 1505 3023 loco
1573 2960 1878 3043 pecuniae
1939 2964 2186 3023 nostrae
2205 3006 2222 3035 ‚
2289 2964 2366 3021 ut
2427 2976 2620 3042 supra
2669 2954 2752 3019 H.
2803 2952 2866 3033 5,
2901 2954 2934 3019 1

562 3064 703 3126 Cato
748 3062 896 3126 mihi
940 3086 1095 3127 uuus
1141 3070 1227 3127 est
1259 3086 1382 3145 pro
1429 3068 1658 3126 cenbum
1703 3063 1964 3128 milibus.

644 3282 791 3348 HII.
834 3282 940 3362 46,
969 3284 1030 3348 2.
1074 3283 1505 3365 Media-fidius
1548 3306 1622 3347 ne
1663 3290 1728 3346 tu
1767 3284 1960 3347 emi-rbi
1997 3284 2203 3347 ludum
2221 3284 2619 3365 praeclarum.
2663 3282 2767 3349 Sic
2791 3287 2938 3367 post

554 3389 901 3456 Ernestum
962 3388 1249 3475 plerique
1310 3390 1462 3453 haec
1509 3390 1703 3454 verba
1747 3389 2101 3467 ediderunt,
2152 3410 2355 3475 quum
2399 3390 2470 3453 in
2516 3388 2695 3453 codd.
2745 3388 2936 3452 locum

554 3500 638 3561 sit
696 3500 1041 3582 scriptum,
1107 3494 1276 3581 quod
1341 3491 1708 3561 Gronovius
1773 3495 1849 3561 de
1913 3494 2172 3561 Sestert.
2235 3493 2318 3559 II.
2368 3491 2406 3560 '7
2456 3517 2516 3580 p.
2574 3493 2702 3559 104
2751 3500 2817 3559 et
2861 3496 2932 3557 in

556 3602 809 3667 dictatis
872 3600 1057 3667 MSS.
1123 3601 1399 3687 explicat
1458 3599 1676 3666 locum
1721 3600 1801 3665 ad
1847 3600 2220 3686 spectandos
2265 3600 2650 3686 gladiatores
2670 3649 2686 3679 ‚
2737 3620 2932 3685 quem

555 3709 811 3774 Atticus
878 3712 1121 3795 emerat
1188 3709 1256 3771 in
1326 3706 1495 3773 diem
1514 3755 1531 3785 ,
1607 3728 1686 3772 ne
1756 3706 1835 3771 ad
1891 3705 2148 3793 singula
2208 3728 2476 3772 munera
2538 3705 2718 3772 lucar
2782 3706 2929 3771 dare

555 3820 907 3901 cogeretur.
979 3811 1104 3878 Sed
1172 3834 1375 3897 quum
1434 3834 1700 3878 munera
1759 3811 2142 3899 gladiatoria
2187 3812 2299 3877 illo
2347 3820 2630 3898 tempore
2677 3816 2745 3877 in
2790 3813 2927 3877 foro

558 3920 876 3996 darentur,
923 3940 1049 3983 non
1089 3936 1268 3983 erant
1303 3917 1442 3983 loca
1480 3919 1558 3984 ad
1596 3919 2010 4006 spect-andum
2049 3918 2207 3996 fixa,
2248 3921 2466 4004 itaque
2489 3939 2612 3983 non
2635 3926 2930 4004 poterant

559 4028 715 4104 emi;
791 4046 1273 4111 nonnumquam
1341 4026 1535 4091 fuisse
1604 4026 1810 4091 locata
1881 4026 1958 4090 ab
2029 4028 2147 4103 iis,
2222 4028 2334 4111 qui
2394 4046 2630 4090 munus
2690 4022 2928 4110 populo

559 4133 823 4209 dabant,
894 4133 1194 4197 novimus
1262 4154 1296 4199 6
1356 4131 1701 4198 Plutarcho
1765 4134 1834 4196 16
1898 4128 1969 4199 G.
2022 4128 2334 4209 Graccho,
2407 4131 2489 4196 12
2539 4134 2929 4213 (θεωρητήρια

558 4240 761 4317 κύκλῳ
828 4242 1417 4306 κατασκευάσαντες
1490 4239 1886 4317 ἐξεμίσθουν).
1971 4237 2104 4302 Alii
2170 4238 2358 4301 locum
2426 4239 2930 4323 interpretantur

560 4346 765 4409 badum
818 4345 1249 4425 qladdatorium
1266 4394 1282 4424 ‚
1346 4344 1557 4410 locum
1602 4344 1714 4409 ubi
1757 4350 2198 4410 exercerentur
2242 4344 2646 4431 gladiatores.
2718 4344 2928 4429 Atque

556 4456 651 4519 ita
711 4454 865 4518 haec
925 4452 1119 4517 verba
1160 4456 1538 4541 acceperunt
1580 4450 1984 4538 Mongaltius
2033 4458 2098 4517 et
2147 4449 2536 4517 Wielandus.
2609 4448 2734 4516 Sed
2779 4470 2928 4534 quo—
