3192 5009
1007 296 1092 343 nn
1137 296 1289 344 runa
1334 292 1790 346 osuunmnm.
2461 270 2590 339 231

238 466 359 539 vet,
420 481 493 525 ea
549 462 861 528 nuntiatio
926 459 1061 527 sola
1124 460 1519 546 prohibetur,
1586 480 1748 546 quae
1811 463 1910 524 est
1969 474 2049 521 ex
2094 457 2392 540 spectione
2440 459 2510 536 (i.
2536 477 2592 521 e.

238 570 524 633 nuntiatio
586 567 897 633 fulminis'
920 570 1242 653 impetriti
1285 573 1399 632 aut
1447 569 1785 652 quaesiti),
1835 584 1995 650 quae
2043 564 2118 628 fit
2165 571 2304 627 ante
2349 563 2598 627 initium

238 677 649 752 comitiorum,
700 673 810 739 sed
854 673 1090 741 liberae
1138 680 1399 740 manent
1448 674 1886 738 nuntiationes
1933 670 2284 737 fulminum
2329 671 2597 735 fortuito

238 784 373 845 inter
430 781 664 845 comitia
728 789 1215 867 conspecturum
1236 831 1253 860 ,
1319 802 1481 867 quae
1529 782 1790 846 omnino
1839 800 2194 865 numquam
2241 778 2600 864 prohibitae

240 898 365 955 suni.
420 912 615 975 neque
674 890 996 976 prohiberi
1044 894 1341 975 poterant
1390 891 1523 954 61116
1570 890 1858 953 maxima
1907 886 2236 974 religionis
2282 892 2604 971 contemp-

240 1000 402 1060 tione.
466 995 569 1061 Sic
630 1017 711 1061 ex
762 1018 834 1061 eo
882 1003 1173 1081 tempore
1220 1017 1347 1083 quo
1396 997 1614 1082 viguit
1657 994 1766 1060 lex
1813 991 2037 1061 Clodia
2083 996 2230 1058 anni
2279 992 2365 1057 58
2413 998 2601 1078 (quae

240 1100 304 1165 de
354 1102 515 1168 caelo
574 1106 816 1169 servari
879 1103 1138 1169 vetabat
1198 1125 1349 1169 cum
1409 1101 1587 1189 leges
1651 1102 1994 1181 ferrentur)
2055 1100 2264 1166 multa
2309 1098 2603 1185 exempla

242 1215 457 1273 servata
502 1216 651 1274 sunt
690 1232 853 1297 quae
894 1210 1272 1287 ostendunt,
1316 1215 1460 1274 tum
1503 1212 1702 1274 etiam
1740 1208 1998 1274 licuisse
2034 1211 2328 1274 nuntiare
2354 1207 2602 1272 fulmen

242 1316 473 1381 fortuito
534 1324 945 1405 conspectum
964 1366 980 1394 ‚
1048 1339 1175 1382 non
1236 1316 1452 1383 solum
1512 1317 1870 1403 auguribus
1918 1316 2074 1397 (vid.
2125 1314 2404 1400 exempl.
2454 1312 2602 1379 6011.

244 1444 389 1509 supr.
432 1444 576 1511 pag.
626 1423 711 1489 95
739 1446 874 1509 sqq.
926 1424 1043 1489 sub
1095 1422 1186 1502 5⁰,
1238 1422 1329 1502 8⁰,
1384 1422 1481 1504 9⁰)
1529 1423 1641 1489 sed
1688 1425 1888 1488 etiam
1933 1424 2205 1509 privatis
2253 1421 2436 1503 (ibid.
2485 1421 2604 1485 sub

250 1529 340 1591 12ο
379 1538 441 1595 et
489 1530 625 1611 14⁰)
643 1552 659 1610 ;
728 1552 802 1597 60
865 1538 1153 1616 tempore
1218 1552 1369 1595 vero
1436 1552 1561 1615 quo
1611 1533 1830 1617 viguit
1877 1529 1982 1595 lex
2029 1528 2212 1594 Aelia
2257 1528 2476 1606 Fufia,
2525 1527 2604 1593 ab

248 1655 294 1698 a.
332 1636 447 1700 154
498 1637 575 1702 ad
620 1659 678 1703 a.
730 1636 817 1702 58
858 1643 1049 1723 (quae
1088 1638 1165 1703 de
1204 1636 1375 1703 caelo
1418 1638 1658 1703 servari
1695 1637 1956 1703 vetabat
1997 1657 2147 1701 cum
2184 1638 2605 1722 magistratus

247 1749 595 1823 crearentur)
660 1764 846 1829 saepe
908 1746 1169 1809 comitia
1216 1745 1449 1830 quibus
1500 1749 1866 1809 crearentur
1910 1746 2332 1830 magistratus
2377 1742 2607 1806 distur-

250 1848 368 1913 bata
408 1871 539 1915 esse
582 1856 833 1917 constat
878 1853 1279 1915 nuntiatione
1328 1850 1614 1915 dirarum
1661 1856 1776 1917 aut
1821 1849 2173 1915 fulminum
2212 1853 2412 1934 (supr.
2454 1868 2604 1934 pag.

252 1952 319 2019 97
362 1956 492 2023 adn.
547 1957 633 2037 1).
683 1955 908 2043 Itaque
956 1957 1120 2023 clare
1170 1963 1433 2043 apparet
1482 1979 1634 2022 eum
1682 1960 1793 2043 qui
1840 1956 2177 2022 interdicat
2223 1977 2302 2021 ne
2351 1957 2492 2041 (1616
2529 1954 2606 2019 (16

260 2062 401 2128 66616
458 2072 666 2130 servet
728 2063 895 2129 nihil
957 2063 1133 2129 aliud
1176 2072 1394 2129 vetare
1441 2066 1565 2127 nisi
1616 2066 2069 2129 caerimoniam
2114 2060 2486 2147 auspicandi
2531 2060 2608 2125 de

256 2168 398 2235 666111
442 2176 505 2236 et
548 2173 1027 2236 nuntiationem
1073 2170 1368 2235 fulminis
1417 2172 1691 2254 quaesiti
1719 2167 1788 2250 1).

324 2274 447 2343 Hoc
490 2277 624 2343 loco
677 2280 883 2343 acturi
930 2277 1007 2342 de
1056 2277 1324 2343 decretis
1372 2277 1606 2361 quibus
1653 2278 2007 2362 constringi
2053 2277 2336 2361 potuerit
2380 2276 2482 2339 ius
2531 2270 2608 2338 de

260 2381 397 2447 caelo
454 2384 747 2451 servandi
805 2390 981 2465 (nam
1029 2384 1105 2449 de
1151 2383 1409 2471 legibus
1456 2384 1822 2448 vetantibus
1867 2384 2164 2468 proximo
2210 2384 2416 2466 capite
2463 2402 2609 2466 age-

260 2496 417 2569 mus),
480 2495 771 2579 primum
830 2493 1051 2577 paucis
1114 2490 1521 2557 absolvemus
1582 2495 1968 2575 potestatem
2031 2510 2228 2574 quam
2289 2491 2357 2552 in
2422 2508 2496 2553 ea
2540 2508 2608 2551 re

262 2593 508 2662 habuerit
554 2605 833 2663 senatus.
885 2596 1159 2663 Senatus
1178 2646 1195 2675 ,
1245 2604 1321 2661 ut
1366 2600 1436 2660 in
1484 2595 1628 2661 aliis
1675 2596 1865 2661 rebus
1884 2645 1900 2674 ,
1953 2598 2042 2660 616
2091 2598 2157 2659 in
2206 2595 2325 2659 hoc
2377 2613 2611 2681 genere

264 2700 639 2769 obnuntiandi
728 2726 979 2790 quoque
997 2753 1013 2782 ,
1086 2726 1210 2769 non
1276 2706 1491 2790 potuit
1557 2702 1833 2768 vetando
1903 2701 2260 2767 diminuere
2327 2701 2405 2766 de
2470 2702 2609 2765 iure

264 2812 744 2894 magistratuum.
798 2810 924 2877 Sed
972 2817 1261 2897 superest
1305 2832 1511 2875 unum
1558 2830 1764 2895 genus
1812 2808 2082 2885 decreti,
2133 2829 2259 2894 quo
2299 2827 2604 2871 nonnum-

264 2935 419 2997 quam
461 2918 763 2984 adversus
810 2918 1099 3004 singulos
1138 2920 1560 3004 magistratus
1600 2918 1923 3001 (inprimis
1963 2916 2279 2994 tribunos)
2319 2934 2474 2978 usus
2513 2919 2610 2978 est

264 3031 509 3101 senatus,
575 3047 701 3111 quo
762 3024 1199 3091 declarabatur
1270 3029 1565 3089 contra
1635 3020 2250 3107 rempublicam
2323 3020 2610 3085 facturus

267 3148 369 3193 esse
427 3132 629 3198 videri
694 3134 751 3196 is
819 3134 933 3218 qui
995 3130 1241 3218 aliquid
1302 3132 1535 3195 faceret
1600 3128 1767 3214 quod
1833 3128 2199 3213 displiceret
2247 3129 2500 3193 senatui
2547 3132 2612 3191 et

267 3233 481 3321 reliquis
540 3234 1072 3325 magistratibus;
1141 3238 1291 3303 huic
1356 3237 1501 3302 addi
1552 3235 1794 3302 solebat
1842 3236 2168 3301 decretum
2217 3255 2342 3320 quo
2392 3230 2614 3299 consul

268 3341 556 3411 iubebatur
617 3347 697 3412 ad
758 3352 1056 3412 senatum
1116 3346 1349 3410 referre
1414 3344 1489 3409 de
1553 3365 1629 3409 eo
1693 3346 2082 3430 magistratu
2129 3345 2185 3407 si
2229 3344 2298 3407 in
2345 3341 2610 3407 consilio

270 3466 355 3511 suo
404 3460 827 3537 permaneret,
893 3460 959 3518 et
1019 3452 1173 3517 huic
1236 3450 1597 3538 periculum
1661 3451 2040 3516 afferebatur
2103 3470 2181 3515 ne
2228 3452 2362 3535 ipse
2410 3450 2612 3513 hostis

270 3554 630 3639 iudicaretur,
679 3582 839 3626 neve
890 3561 965 3626 de
1008 3581 1080 3625 eo
1128 3559 1309 3625 fieret
1354 3556 1580 3625 SenCt.
1633 3558 1994 3636 Ultimum,
2037 3577 2164 3643 quo
2205 3556 2286 3620 ad
2324 3554 2612 3621 consules
2695 3602 2711 3613 .

270 3674 590 3743 provocaret
654 3675 911 3733 senatus
929 3716 945 3745 ,
1009 3671 1085 3731 ut
1148 3668 1216 3732 hi
1236 3716 1252 3745 ,
1320 3667 1607 3732 adhibita
1671 3666 1906 3731 ultima
1953 3669 2267 3751 potestate
2315 3685 2431 3729 sua
2474 3666 2611 3728 sive

276 3762 517 3838 Vindicta
586 3772 922 3839 Consulari
992 3794 1118 3858 qua
1184 3794 1287 3838 eos
1351 3774 1684 3858 oportebat
1743 3775 1810 3836 in
1876 3779 2163 3837 extremo
2225 3768 2610 3855 reipublicae

274 3876 504 3953 periculo
568 3882 641 3944 vi
703 3900 987 3946 coercere
1036 3900 1256 3945 omnes
1305 3881 1478 3944 cives
1529 3878 1860 3944 seditiosos
1879 3926 1896 3957 ,
1947 3880 2145 3944 etiam
2171 3876 2612 3963 ¹magistratus

330 4093 369 4156 l)
408 4098 535 4149 Recte
587 4102 675 4151 Diu
716 4101 819 4165 (38.
844 4102 919 4151 la.
944 4102 997 4163 6)
1045 4100 1191 4159 dicit,
1239 4099 1391 4164 legem
1428 4100 1646 4151 Clodiam
1681 4099 1980 4165 prohibuisse
2013 4098 2163 4150 solam
2199 4099 2614 4153 obnuntiationem

282 4178 617 4242 Πᾶςὶιέηιέιηιπι,
668 4200 764 4233 11011
812 4199 926 4232 vero
968 4183 1260 4247 privatorum
1297 4187 1345 4232 et
1378 4200 1634 4248 auqurum,
1675 4180 1862 4244 μηδένα
1898 4186 1998 4231 τῶν
2031 4182 2290 4245 ἀρχόντων
2324 4186 2394 4233 τὰ
2431 4181 2486 4235 ἔκ
2521 4188 2614 4235 τοῦ

282 4250 436 4315 &mov
468 4270 755 4328 παρις-ημῖν
790 4282 899 4315 eum
936 4266 1063 4331 leges
1098 4266 1367 4325 torrenten-3
1404 4282 1696 4331 quemquem
1735 4266 1888 4316 latine
1921 4266 2044 4316 nihil
2081 4266 2132 4315 in
2165 4282 2220 4317 ea
2249 4268 2352 4333 lege
2380 4269 2615 4335 seriptum

285 4342 363 4387 ²¹²2
388 4358 509 4407 quam
540 4349 652 4400 hoc:
704 4353 759 4398 ut
796 4349 863 4397 de
896 4348 1067 4398 eaelo
1102 4364 1363 4399 servare
1395 4365 1455 4398 ne
1492 4349 1660 4399 liceret
1696 4365 1805 4399 611111
1839 4348 1966 4414 leges
2001 4348 2272 4409 fei-rentum
2306 4350 2358 4400 id
2391 4350 2520 4401 enim
2554 4351 2614 4401 ad

286 4423 535 4486 mugi-tratas
568 4432 695 4481 nolon
728 4430 1013 4499 pertinebat.
