3192 5009
612 233 747 300 312
1651 227 1970 304 11οΜ1111118.

608 439 710 496 κερ
718 416 929 492 τομίαι
1000 416 1079 482 de
1150 417 1340 484 solita
1408 419 1754 484 acerbitate
1826 419 2234 506 aliquantum
2303 424 2692 486 remiserunt
2709 469 2728 498 ,
2793 418 2978 486 veluti

607 547 643 596 η
674 517 779 600 17,
839 523 955 588 11111
1018 521 1317 590 Minerva
1384 523 1608 610 Ulyssi
1653 528 2030 612 priusquam
2075 529 2276 592 intrat
2321 527 2691 594 Phaeacum
2737 528 2948 592 urbem
2962 575 2976 604 ,

530 659 549 672 =
609 629 899 694 tenebras
960 629 1259 708 affundit,
1323 652 1401 696 ne
1464 635 1609 717 quis
1673 633 1981 711 κερτομέοι
2045 634 2072 698 ἑ
2135 631 2351 699 ἔπεσσι
2397 636 2502 699 καὶ
2555 635 2826 714 ἐξερέοιθ’
2871 631 2977 704 ὅτις

608 733 699 812 εἴη
761 734 867 801 vel
922 735 1132 814 0153,
1184 738 1298 802 ubi
1346 736 1614 824 Ulysses
1663 737 1742 803 ad
1786 744 2108 804 certamen
2153 747 2535 826 provocatus
2557 789 2572 817 ‚
2623 739 2977 816 Λαοδάμαν,

607 843 853 927 inquit,
903 842 965 905 τί
1012 867 1093 918 με
1142 847 1353 907 ταῦτα
1402 845 1692 909 κελεύετε
1739 845 2202 923 κερτομέοντες,
2252 845 2360 911 vel
2408 845 2615 924 v326,
2665 847 2782 911 ubi
2825 845 2979 910 idem

608 946 873 1035 Ulysses
932 951 1171 1013 metuit
1232 970 1311 1014 ne
1370 949 1669 1016 Minerva
1731 972 1798 1016 se
1844 950 2160 1017 ludificari
2204 951 2524 1017 voluerit:
2575 955 2642 1017 σὲ
2693 954 2756 1018 δὲ
2805 973 2980 1030 κερτο-

607 1057 877 1132 μέουσαν
935 1056 1032 1121 δίω
1083 1055 1270 1120 ταῦτ’
1322 1058 1786 1138 ἀγορευέμεναι.
1851 1057 2020 1138 Quin
2067 1064 2134 1124 et
2179 1084 2222 1123 ω
2248 1058 2381 1124 240
2433 1057 2699 1144 Ulysses
2745 1065 2978 1146 patrem

603 1162 903 1228 Laertem
950 1163 1328 1250 aggreditur
1372 1166 1736 1243 κερτομίοισι
1779 1164 2027 1230 ἔπεσσιν
2074 1185 2266 1250 seque
2284 1185 2570 1252 ,peregre
2607 1168 2678 1228 in
2715 1163 2978 1229 insulam

604 1268 896 1335 Ithacam
957 1269 1247 1335 delatum
1310 1290 1445 1336 esse
1506 1270 1793 1335 simulat.
1858 1269 2025 1350 Quid
2073 1277 2290 1336 tamen
2332 1271 2456 1336 hoc
2505 1270 2586 1336 ad
2635 1267 2942 1336 Achillem
2959 1315 2974 1344 ,

605 1378 716 1461 qui
777 1376 967 1442 modo
1028 1383 1208 1441 extra
1254 1379 1610 1441 tentorium
1655 1377 1914 1441 Priamo
1964 1376 2208 1442 lectum
2251 1380 2452 1442 sterni
2497 1380 2776 1441 iusserat
2819 1395 2978 1440 eum·

605 1502 729 1567 que
774 1502 943 1547 nunc
986 1479 1329 1568 compellat
1376 1483 1478 1546 his
1524 1483 1774 1548 verbis:
1843 1482 2014 1553 ἐκτὸς
2063 1483 2178 1560 μὲν
2226 1483 2297 1557 δὴ
2344 1481 2486 1561 λέξο
2506 1530 2523 1561 ,
2575 1482 2746 1561 γέρον
2791 1477 2974 1560 cpias?

601 1588 705 1654 Ad
748 1611 790 1651 ω
818 1588 951 1653 240
1000 1587 1341 1654 scholiasta
1387 1589 1758 1674 adscripsit:
1810 1589 2145 1668 κερτομίοις
2197 1589 2514 1654 ἐπέεσσιν·
2558 1592 2972 1663 α’πατητικοῑς,

602 1694 849 1772 δολίοις,
900 1691 1000 1760 ἵνα
1046 1697 1137 1773 μὴ
1184 1705 1260 1776 τῇ
1308 1695 1593 1778 αἰφνιδίῳ
1643 1702 1818 1778 χαρᾷ
1871 1695 2182 1776 ἀποψύχψ
2230 1696 2258 1760 ὅ
2306 1695 2517 1774 γέρων,
2565 1692 2762 1774 ὥσπερ
2807 1695 2905 1757 καὶ
2947 1691 2971 1753 ὃ

606 1803 760 1867 κύων
821 1805 1143 1868 ἀπώλετο·
1212 1801 1322 1868 sed
1383 1802 1477 1867 nil
1538 1802 1669 1867 tale
1733 1801 2052 1870 Achillem
2099 1802 2315 1880 decet,
2367 1804 2479 1888 qui
2524 1823 2694 1885 1111116
2739 1819 2970 1887 quoque

600 1911 703 1973 uti
753 1929 1004 1994 semper
1050 1910 1425 1989 εύθυρρήμων
1473 1914 1589 1974 est.
1643 1908 2015 1974 Observatio
2065 1916 2162 1974 est
2207 1908 2564 1980 Aristarchi
2610 1908 2692 1972 ad
2737 1917 2788 1972 n
2817 1903 2967 1970 261:

601 2016 673 2080 τὸ
719 2022 1033 2094 κερτομεῖν
1080 2017 1146 2080 ού
1194 2017 1423 2088 τίθησιν
1471 2015 1571 2080 ἐπὶ
1615 2019 1721 2080 τοῦ
1763 2015 1838 2079 δι’
1864 2012 2053 2095 ἔργων
2095 2013 2366 2094 ἐρεθίζειν
2405 2013 2582 2078 ἀλλὰ
2623 2013 2723 2076 διὰ
2749 2013 2964 2089 λόγων·

598 2124 769 2186 recte
830 2121 950 2186 hoc
1010 2121 1272 2207 quidem
1290 2171 1306 2200 ‚
1372 2126 1449 2186 ut
1496 2124 1793 2208 spurium
1839 2143 2102 2186 versum
2150 2141 2286 2186 esse
2335 2118 2727 2197 ostenderet,
2775 2116 2880 2182 sed
2919 2116 2968 2179 si

601 2235 919 2307 κερτομεῖν
981 2230 1042 2292 61
1088 2249 1308 2294 revera
1352 2227 1479 2293 fuit
1529 2227 1805 2309 ἐρεθίζειν
1850 2229 1952 2293 διὰ
2005 2229 2228 2304 λόγων,
2277 2229 2478 2291 miror
2523 2247 2678 2290 eum
2722 2246 2846 2289 non
2887 2225 2966 2286 at-

598 2333 877 2400 tendisse
920 2333 1000 2399 ad
1045 2333 1266 2400 locum
1312 2334 1480 2399 unde
1531 2334 1883 2420 disputatio
1929 2339 2143 2400 nostra
2190 2333 2472 2419 profecta
2519 2338 2614 2397 est
2653 2337 2719 2397 et
2755 2348 2964 2418 parum

598 2440 774 2504 abest
844 2442 1000 2525 quin
1070 2441 1322 2506 credam
1395 2440 1835 2521 ἐπικερτομέων
1907 2461 1985 2505 ne
2045 2439 2290 2505 lectum
2352 2438 2612 2525 quidem
2673 2438 2860 2502 fuisse
2901 2437 2962 2498 in

596 2545 953 2611 Aristarchi
1001 2546 1298 2612 editione.
1349 2546 1818 2612 Herwerdenus
1860 2548 2161 2632 corrigit:
2201 2544 2303 2609 τὸν
2343 2546 2404 2610 δὲ
2449 2544 2582 2609 ἐπεὶ
2627 2545 2960 2616 ε’κτὲλεσαν,

597 2673 793 2738 quam
838 2655 1269 2719 coniecturam
1313 2676 1439 2719 non
1489 2657 1632 2719 ausi
1678 2657 1831 2719 estis
1874 2657 1944 2718 in
1991 2658 2246 2718 textum
2293 2654 2816 2738 recipere;1·ecte
2857 2649 2962 2713 hoe

596 2759 859 2845 quidem
906 2780 985 2824 ex
1031 2780 1177 2824 mea
1224 2763 1572 2838 sententia,
1623 2781 1774 2824 nam
1821 2762 2076 2826 etiamsi
2124 2759 2592 2824 Herwerdenus
2631 2779 2793 2822 nunc
2826 2773 2962 2841 quo-

594 2885 719 2950 que
779 2863 1139 2930 luculenter
1200 2865 1547 2931 ostenderit
1613 2873 1850 2951 quanto
1913 2863 2086 2930 valet
2147 2867 2394 2952 ingenii
2443 2866 2768 2941 acumine,
2811 2856 2959 2924 nihil

595 2975 813 3034 tamen
859 2970 1053 3035 habet
1097 2971 1235 3035 eius
1282 2973 1592 3057 suspici0,
1646 2971 1815 3056 quod
1859 2969 1966 3036 vel
2009 2972 2212 3035 invito
2261 2991 2593 3035 assensum
2633 2968 2827 3054 possit
2869 2985 2959 3030 ex-

593 3081 906 3162 torquere.
969 3074 1295 3157 Quomodo
1362 3077 1621 3142 tandem
1683 3075 1966 3143 Achilles
2025 3075 2360 3141 Priamum
2425 3073 2667 3162 alloqui
2725 3067 2958 3160 potuit?

594 3180 943 3247 Prehendit
1011 3203 1163 3248 eum
1233 3204 1431 3248 manu
1448 3232 1465 3262 ‚
1540 3183 2087 3269 quemadmodum
2158 3203 2351 3269 supra
2411 3204 2507 3248 vs.
2561 3179 2712 3259 515,
2772 3198 2959 3266 quum

592 3293 991 3374 prostratum
1037 3310 1256 3354 senem
1303 3310 1567 3377 surgere
1609 3290 1892 3354 iuberet:
1942 3288 2205 3369 γέροντα
2250 3286 2316 3352 δὲ
2353 3289 2558 3370 χειρὸς
2600 3288 2794 3360 aulen.
2837 3283 2960 3348 Nec

594 3415 863 3459 manum
929 3397 1197 3460 retinuit
1255 3417 1367 3481 per
1428 3417 1616 3461 omne
1677 3403 1935 3481 tempus
1999 3395 2169 3480 quod
2230 3393 2544 3480 colloquio
2605 3393 2956 3467 insumitur,

594 3499 702 3566 sed
762 3505 1107 3587 postquam
1154 3505 1448 3567 convenit
1496 3502 1575 3567 de
1621 3502 1895 3567 induciis
1944 3501 2163 3566 decem
2208 3500 2492 3579 dierum,
2539 3502 2777 3566 iterum
2816 3497 2962 3582 legi·

593 3627 741 3671 mus
787 3627 881 3671 vs.
934 3604 1101 3672 671:
1151 3608 1226 3678 ὦς
1277 3604 1400 3687 ἄρα
1447 3609 1740 3690 φωνήσας
1793 3607 1893 3672 ἐπὶ
1943 3609 2153 3687 καρπῷ
2190 3615 2377 3686 χεῖρα
2418 3605 2690 3686 γέροντος
2731 3601 2958 3680 ἔλλαβε

593 3711 920 3793 δεξιτερήν.
986 3711 1151 3792 Quid
1213 3715 1420 3799 igitur
1479 3712 1640 3778 latet
1701 3714 1819 3778 sub
1887 3709 2404 3792 ἕπικερτομένωνῗ
2467 3711 2596 3778 Sed
2639 3714 2764 3798 ipsi
2805 3708 2954 3786 VOS,

590 3818 776 3884 credo
795 3867 813 3896 ,
874 3821 1045 3883 inter
1100 3817 1450 3905 legendum
1511 3822 1648 3884 iam
1707 3841 1814 3884 me
1882 3820 2318 3904 praevertistis
2379 3818 2787 3906 corrigendo:
2837 3813 2954 3880 ἐπὶ

593 3927 863 4004 καρπῷ
928 3923 1139 3988 ἑλών.
1206 3921 1555 3990 Consimile
1615 3932 1713 3990 est
1776 3923 2008 3991 0258:
2074 3925 2374 4005 δεξιτερὴν
2421 3927 2520 3989 ἐπὶ
2570 3927 2778 4005 καρπῷ
2823 3921 2956 3986 ἑλὼν

596 4029 705 4108 ἐμὲ
753 4039 940 4111 χεῖρα
988 4031 1295 4110 προσηύδα
1345 4037 1410 4096 et
1452 4031 1793 4097 literarum
1839 4032 2070 4097 ductus
2115 4033 2270 4096 satis
2317 4033 2722 4097 conveniunt.

683 4228 854 4294 LXI.
916 4228 1283 4319 Intelligere
1346 4231 1511 4298 mihi
1572 4231 1792 4298 videor
1857 4231 2012 4318 quid
2075 4229 2309 4310 πτύξαι
2355 4233 2461 4296 sit.
2529 4229 2838 4298 Reditura
2871 4231 2958 4295 est

591 4335 859 4402 domum
926 4335 1243 4404 Nausicaa
1308 4336 1349 4419 ζ
1368 4338 1493 4404 211
1564 4337 1814 4420 ζεύξασ’
1887 4335 2160 4417 ἡμιόνους
2231 4337 2530 4417 πτύξασά
2603 4363 2674 4404 τε
2737 4334 2958 4417 εἵματα
