3192 5009
601 263 687 332 27
693 265 733 330 4
1606 287 1962 337 vaasmms.

691 447 799 514 26.
1047 450 1211 531 Erqo
1260 449 1446 514 omnis
1496 451 1669 532 lonyo
1716 453 1896 515 sobvit
1938 475 2001 516 se
2049 452 2298 516 Teurnia
2347 453 2530 516 luctu.

597 552 982 639 Interpretes
1044 553 1317 642 Vergilii
1336 605 1350 632 ,
1414 577 1575 641 quos
1622 557 1953 636 consului,
2003 558 2192 623 silent
2239 578 2460 622 omnes
2506 557 2584 622 de
2630 561 2806 622 vocis
2853 580 2984 637 eryo

594 663 666 724 vi
704 665 768 724 et
806 664 1212 746 praestantia.
1255 662 1724 749 Lexicographi
1763 685 2016 749 quoque
2055 671 2120 728 et
2159 666 2572 750 grammatici
2610 665 2985 728 recentiores

595 769 664 831 in
726 787 801 830 ea
862 788 1017 832 voce
1080 767 1489 832 describenda
1551 774 1618 833 et
1681 769 2010 834 tractanda
2057 768 2245 834 valde
2289 771 2490 834 ieiuni
2539 775 2710 834 sunt.
2759 769 2984 856 Agunt

552 862 561 868 ’
597 877 850 937 tantum
914 873 989 938 de
1052 876 1191 938 eius
1254 873 1721 959 significatione
1769 874 2134 940 conclusiva
2179 882 2244 939 et
2292 877 2696 940 coniunctiva
2714 924 2731 952 ,
2783 875 2981 959 deque

595 978 733 1044 loco
753 1027 770 1056 ,
840 999 1031 1063 quem
1095 982 1162 1043 in
1230 979 1507 1064 periodis
1572 980 1854 1058 obtinet,
1920 1002 2046 1065 qua
2108 983 2178 1044 in
2241 1001 2308 1046 re
2369 981 2719 1045 admodum
2789 983 2984 1045 miror

595 1083 1013 1169 Madvigium
1072 1087 1140 1148 in
1189 1081 1480 1151 Gramm.
1530 1085 1671 1150 Lat.
1723 1084 1916 1170 §465
1943 1107 1976 1150 c
2023 1089 2091 1149 in
2138 1085 2644 1151 conclusionibus
2707 1088 2982 1172 praeser-

594 1193 719 1254 tim
766 1192 1054 1275 primum
1101 1193 1161 1255 ei
1207 1191 1545 1278 adsignare
1592 1190 1810 1256 locum
1831 1239 1848 1269 ‚
1897 1212 2048 1256 nam
2095 1196 2242 1256 tum
2288 1192 2419 1257 fere
2467 1189 2719 1277 semper
2765 1213 2982 1257 vocem

596 1295 1013 1361 conclusionis
1053 1300 1363 1382 sequitur.
1414 1295 1596 1364 Oonf.
1647 1297 1907 1363 Tuscul.
1961 1297 2216 1378 Quaest.
2267 1295 2592 1364 Ciceronis
2638 1296 2668 1361 Ι
2719 1295 2874 1384 Cap.
2923 1297 2982 1372 6,

597 1398 659 1479 ’7,
686 1401 748 1467 8.
799 1401 926 1467 Sed
972 1405 1028 1467 si
1073 1405 1261 1467 initio
1310 1405 1659 1468 sententiae
1708 1405 1988 1489 ponitur,
2037 1408 2114 1467 ut
2153 1410 2369 1468 nostro
2408 1403 2549 1470 loco
2569 1451 2586 1480 ,
2630 1406 2980 1468 maximam

594 1511 733 1572 vim
803 1514 869 1573 et
928 1508 1142 1573 multo
1192 1507 1608 1574 efficaciorem
1657 1509 2192 1595 significationem
2239 1509 2471 1574 habere
2519 1515 2734 1594 potest
2750 1558 2767 1587 ,
2817 1529 2986 1596 prae-

594 1617 820 1678 sertim
867 1614 1037 1699 apud
1086 1621 1325 1699 poetas.
1374 1615 1437 1680 Is
1486 1619 1597 1700 qui
1641 1615 1816 1680 solus
1855 1621 2146 1681 accurate
2188 1615 2264 1680 de
2305 1636 2379 1681 ea
2413 1619 2592 1681 vocis
2632 1638 2768 1696 erqo
2795 1617 2984 1700 signi-

596 1721 887 1786 ficatione
950 1725 1088 1807 egit
1104 1770 1119 1800 ,
1173 1722 1298 1786 fuit
1344 1719 1932 1806 praestantissimus
1979 1721 2462 1787 Brouckhusius
2481 1771 2498 1799 ‚
2549 1725 2662 1807 qui
2709 1721 2790 1786 ad
2838 1722 2982 1785 Pro-

595 1833 759 1913 pert.
819 1827 959 1891 Lib.
1024 1826 1141 1904 111,
1191 1826 1265 1904 V,
1333 1827 1367 1892 1
1434 1828 1597 1908 Eryo
1658 1827 1958 1892 sollicitae
2021 1836 2087 1892 tu
2150 1850 2332 1892 causa
2383 1829 2652 1910 pecunia
2715 1828 2879 1890 vitae
2923 1847 2979 1887 es

595 1935 881 1998 notavit:
949 1935 1144 2010 „haec
1193 1932 1510 2018 particula
1556 1935 2012 1999 stomachantis
2061 1940 2158 1999 est
2206 1939 2320 1999 aut
2365 1932 2851 2019 conquerentis'’
2899 1931 2982 1995 id-

595 2060 718 2124 que
776 2039 1004 2104 multis
1052 2038 1363 2125 exemplis
1411 2039 1842 2105 confirmavit.
1892 2039 1979 2104 Et
2024 2039 2449 2105 Ruhnkenius
2497 2040 2577 2104 ad
2623 2036 2811 2104 ovid.
2861 2037 2980 2101 He-

604 2146 763 2210 roid.
814 2143 870 2206 V
919 2143 1026 2222 59,
1076 2151 1142 2209 et
1190 2144 1309 2210 60:

1066 2251 1121 2313 V
1116 2250 1231 2313 otis
1277 2273 1411 2331 erqo
1458 2250 1603 2313 meis
1648 2251 1766 2314 abii
1813 2251 2083 2315 rediture
2132 2251 2348 2315 redisti
2364 2251 2402 2314 ?

1142 2357 1267 2419 Hei
1314 2357 1465 2420 mihi
1500 2367 1623 2438 p'ro
1673 2357 1816 2420 dira
1856 2356 2051 2438 pelice
2099 2357 2325 2419 blanda
2353 2357 2525 2442 fui!

594 2465 661 2528 id
710 2463 1118 2550 comprobat,
1164 2462 1386 2528 eadem
1432 2461 1549 2526 illa
1594 2484 1673 2528 ex
1721 2462 2150 2527 Brouckhusii
2195 2467 2347 2527 nota
2395 2461 2728 2527 afferendo,

685 2570 772 2634 Et
831 2571 1164 2634 verissima
1226 2589 1374 2634 sane
1434 2568 1862 2633 Brouckhusii
1926 2569 2284 2633 observatio
2331 2567 2518 2653 plane
2567 2566 2972 2632 confirmatur

593 2675 1024 2762 pulcherrimo
1063 2674 1323 2738 Horatii
1360 2694 1550 2738 versu
1597 2673 1740 2739 Lib.
1784 2673 1834 2738 Ι.
1877 2673 1972 2738 Od
2012 2671 2251 2751 XXIV,
2295 2672 2333 2737 5
2377 2675 2539 2754 Eryo
2589 2673 2974 2754 Quinctilium

581 2789 917 2866 perpetuus
976 2803 1154 2862 sopor
1198 2787 1411 2860 urguet
1426 2779 1462 2842 ‚7
1506 2777 1632 2844 Sed
1665 2779 2160 2860 ‚Brouckhusius
2208 2782 2346 2845 vim
2390 2763 2586 2844 huius
2631 2777 2972 2864 particulae

592 2887 1069 2976 angustioribus
1140 2885 1374 2950 finibus
1444 2884 1727 2950 inclusit.
1792 2884 2066 2972 Vergilii
2132 2885 2312 2950 locus
2383 2885 2460 2950 de
2529 2905 2654 2970 quo
2725 2887 2972 2971 agimus

589 2995 889 3060 latiorem
936 2977 1200 3058 sensum
1248 2994 1309 3057 ei
1351 2995 1558 3057 inesse
1609 2992 1809 3056 docet.
1853 2991 2103 3056 ⁴Iudicat
2150 2995 2411 3057 omnino
2429 3041 2445 3068 ,
2495 2991 2560 3055 id
2601 2990 2774 3075 quod
2815 2989 2974 3054 docti

589 3101 874 3166 nondum
920 3103 1311 3164 monuerunt
1330 3146 1345 3175 ,
1397 3100 1602 3162 animi
1647 3106 1902 3163 motum
1953 3097 2143 3163 solito
2192 3101 2538 3174 maiorem,
2587 3117 2716 3160 non
2770 3094 2974 3161 solum

591 3207 810 3272 dolore
875 3211 988 3271 aut
1044 3199 1487 3290 indignatione
1507 3253 1524 3282 ,
1576 3204 1687 3269 sed
1735 3206 1937 3269 etiam
1983 3205 2264 3282 laetitia,
2313 3203 2523 3268 aliave
2572 3206 2802 3288 quavis
2849 3223 2974 3286 per-

593 3313 954 3378 turbatione
996 3318 1234 3376 ortum.
1281 3310 1357 3374 In
1394 3331 1587 3376 versu
1625 3309 1820 3375 allato
1859 3317 1955 3376 est
1994 3315 2258 3397 signum
2297 3312 2497 3374 animi
2537 3310 2647 3374 diu
2673 3310 2970 3395 oppressi,

592 3421 779 3483 anxie
820 3416 1219 3482 deliberando
1261 3423 1325 3481 et
1369 3417 1723 3502 reputando
1740 3466 1757 3495 ,
1807 3423 1871 3482 et
1917 3416 2177 3481 tandem
2221 3415 2516 3481 alacriter
2561 3417 2970 3500 erumpentis.

686 3523 980 3588 Similem
1044 3521 1327 3588 laetitiae
1376 3522 1873 3588 declarationem
1919 3523 2176 3587 exhibet
2223 3544 2358 3603 erqo
2404 3525 2473 3585 in
2519 3519 2659 3586 Tib.
2707 3519 2850 3586 Lib.
2892 3515 2972 3582 IV

600 3626 681 3695 17
688 3627 749 3707 5,
801 3630 915 3694 ubi
960 3634 1149 3714 poeta
1193 3628 1269 3693 de
1314 3627 1660 3693 Messallae
1711 3627 2059 3714 triumphis
2105 3626 2420 3693 exclamat

912 3737 1075 3816 Ergo
1122 3735 1223 3797 ubi
1256 3756 1377 3815 per
1423 3733 1622 3796 claros
1663 3732 1851 3796 ierint
1896 3741 2002 3796 tua
2033 3735 2226 3819 facta
2273 3733 2604 3814 triumphos
2619 3781 2636 3812 ,

911 3840 1083 3903 Solus
1129 3846 1375 3922 utroque
1420 3839 1577 3902 idem
1624 3838 1844 3901 diceris
1893 3862 2140 3919 magnus
2185 3839 2254 3902 in
2302 3839 2455 3901 orbe.

595 3947 1069 4032 Impatientiam
1144 3946 1344 4008 animi
1412 3946 1483 4008 in
1543 3944 1820 4008 iubendo
1880 3944 2119 4009 indicat
2179 3966 2314 4024 erqo
2374 3946 2444 4008 in
2512 3944 2632 4008 hoc
2697 3942 2971 4008 Terentii

595 4073 784 4118 versu
848 4051 1120 4135 Adelph.
1175 4051 1208 4113 1
1261 4049 1377 4130 ΙΠ,
1426 4049 1510 4128 ΙΙ,
1563 4047 1688 4114 33;
1757 4050 1874 4112 Sed
1939 4057 2100 4114 estne
2143 4051 2366 4135 frater
2409 4049 2628 4112 intus?
2687 4087 2774 4098 --
2837 4049 2970 4112 Non

595 4163 682 4219 est
732 4204 746 4218 .
780 4204 793 4218 .
824 4204 838 4218 .
890 4155 1020 4218 Scio
1067 4154 1170 4217 ubi
1216 4155 1316 4219 sit.
1370 4193 1455 4204 —
1510 4156 1676 4237 Quid
1719 4155 1866 4218 ais?
1917 4203 1930 4219 .
1963 4203 1976 4218 .
2007 4204 2022 4218 .
2074 4193 2160 4204 —
2206 4157 2288 4218 Ac
2326 4177 2534 4219 nomen
2571 4154 2764 4218 neseio
2803 4155 2970 4217 imus

596 4260 880 4337 homini-9,
959 4263 1067 4323 sed
1141 4261 1327 4323 locum
1401 4261 1540 4324 novi
1616 4261 1720 4323 ubi
1791 4260 1892 4326 sit.
1975 4300 2060 4310 —
2137 4261 2261 4324 Dic
2338 4283 2474 4342 erqo
2554 4261 2760 4325 locum.
2849 4257 2964 4322 Ubi

598 4366 883 4432 Donatus
931 4369 1064 4431 iam
1112 4369 1474 4431 annotavit:
1528 4369 1735 4447 Ergo
1781 4391 2008 4448 semper
2046 4369 2323 4431 adddmus
2361 4375 2430 4430 ut
2465 4369 2765 4430 hortemur
2803 4366 2966 4430 tarde
