3192 5009
580 284 713 353 218
1332 303 1417 352 An
1465 301 1814 351 msromm
1859 301 2198 351 sonmcm.

1599 469 1916 553 Pryqam.

932 576 1310 653 εὐδαιμονεῖ·
1364 574 1608 657 πάσχει
1657 577 1719 641 δὲ
1770 574 2151 650 θαυμαστόν.

1584 681 1948 747 Mercurius.

2189 788 2260 853 τὸ
2309 789 2373 853 τί
2387 811 2406 869 ;

1594 895 1914 979 Myon-us.

934 1004 1003 1069 ἐκ
1052 1008 1157 1067 τοῦ
1212 1002 1592 1081 Σοφοκλέους
1639 1004 1936 1077 γίγνεται
1990 1000 2350 1076 Σιμωνίδης.

1585 1107 1950 1173 Mercurius.

942 1214 1314 1294 Σιμωνίδης;
1364 1220 1525 1291 πῶςς

1605 1320 1922 1404 Pryyam.

1565 1422 1656 1489 ὅτι
1704 1426 1894 1507 γέρων
1943 1428 2020 1491 ὧν
2069 1426 2172 1491 καὶ
2222 1427 2453 1504 σαπρὸς

941 1532 1175 1611 κέρδους
1223 1530 1402 1597 ἕκατι
1450 1531 1565 1598 κᾶν
1617 1532 1715 1596 ἐπὶ
1764 1535 1926 1613 ῥιπὸς
1978 1534 2172 1598 πλέοι.

672 1639 915 1707 Deinde
972 1641 1049 1707 de
1111 1638 1367 1707 Cratino
1430 1639 1742 1726 quaedam
1803 1646 2253 1725 percunctatur
2311 1640 2672 1707 Mercurius
2691 1690 2710 1719 ,
2774 1644 2968 1706 cuius

578 1746 705 1813 loci
748 1768 1006 1813 sensum
1054 1745 1332 1813 Cobetus
1379 1747 1457 1811 ad
1504 1746 1755 1811 Platon.
1805 1743 1984 1813 Com.
2024 1767 2088 1832 p.
2136 1745 2221 1812 87
2260 1746 2624 1812 admirabili
2661 1748 2964 1813 acumine

582 1856 833 1941 aperuit
864 1850 929 1935 ¹).
1432 1924 1437 1930 ⁴

672 1960 838 2040 Quid
895 1981 1049 2025 vero
1097 1959 1173 2024 de
1219 1957 1531 2044 Sophocle
1576 1964 1765 2046 poeta
1810 1960 1928 2025 hoc
1972 1959 2112 2025 loco
2160 1962 2466 2024 innuatur
2513 1980 2662 2025 cum
2715 1961 2966 2045 quaeri-

582 2088 765 2144 mus,
830 2071 977 2131 ante
1039 2067 1253 2130 omnia
1314 2065 1781 2131 observandum
1841 2072 1972 2144 est,
2023 2066 2176 2131 talia
2221 2065 2430 2131 multo
2475 2068 2691 2152 aptius
2741 2068 2960 2151 rog-ari

580 2193 762 2259 posse
803 2170 879 2236 de
919 2171 1175 2237 absente
1215 2192 1407 2256 quam
1445 2171 1523 2237 de
1559 2170 1674 2236 illo
1717 2175 1829 2258 qui
1867 2172 2142 2238 assideat
2163 2175 2231 2237 in
2255 2180 2684 2259 spectatorum
2708 2174 2952 2239 cuneis.

582 2278 739 2343 Plus
807 2277 980 2342 dico:
1050 2278 1128 2342 de
1193 2277 1449 2343 homine
1518 2282 1834 2364 praesenti
1904 2300 1982 2345 ne
2052 2286 2315 2364 possunt
2378 2279 2638 2364 quidem
2703 2282 2954 2365 rogam

584 2386 942 2452 Mercurius
1004 2386 1176 2448 enim
1233 2383 1459 2458 refert,
1526 2384 1776 2457 Εἰρήνην
1823 2385 1948 2449 sibi
1995 2386 2325 2450 mandasse
2371 2392 2446 2449 ut
2493 2387 2839 2471 inquireret
2886 2386 2958 2447 in

582 2491 873 2557 homines
915 2489 1221 2574 quosdam
1239 2537 1256 2565 ‚
1298 2510 1454 2574 quos
1494 2487 1650 2553 olim
1689 2492 1758 2553 in
1797 2490 2010 2556 Attica
2045 2492 2346 2578 degentes
2374 2494 2690 2569 novisset3
2717 2489 2962 2556 scilicet

583 2618 751 2661 nunc
788 2599 935 2682 post
971 2594 1253 2661 reditum
1293 2597 1824 2681 circumspectans
1863 2596 1998 2661 Pax
2038 2617 2143 2662 eos
2179 2618 2307 2662 non
2345 2597 2559 2663 videt:
2585 2598 2763 2663 abest
2785 2618 2962 2660 snm-

584 2724 731 2767 mus
777 2703 1058 2787 tragicus
1106 2699 1445 2785 Sophocles
1462 2750 1479 2777 ‚
1522 2701 1698 2767 abest
1743 2705 2022 2769 comicus
2060 2701 2388 2781 Cratinus;
2432 2704 2588 2789 quid
2631 2705 2834 2790 igitur
2881 2702 2962 2765 de

580 2812 663 2874 iis
700 2808 944 2873 factum
990 2808 1075 2871 sit
1120 2810 1278 2871 scire
1326 2806 1591 2872 laborat.
1643 2807 1817 2895 Ergo
1863 2830 1940 2874 ex
1991 2808 2299 2875 Mercurii
2346 2810 2557 2875 verbis
2591 2810 2658 2874 id
2697 2807 2960 2895 quidem

582 2917 737 2981 satis
774 2918 1017 2978 constat
1036 2960 1051 2987 ‚
1098 2911 1471 2998 Sophoclem
1507 2920 1763 2998 poetam
1804 2915 1922 2981 hoc
1961 2918 2263 3001 temporis
2288 2937 2414 2981 non
2439 2916 2635 2980 fuisse
2659 2914 2954 2979 Athenis.

672 3018 913 3085 Deinde
958 3040 1109 3083 vero
1160 3021 1485 3104 quaeritur
1532 3041 1656 3105 quo
1695 3040 1886 3085 sensu
1924 3019 2266 3106 Sophocles
2303 3020 2523 3087 audire
2561 3023 2766 3107 possit
2788 3020 2954 3082 alter

584 3126 931 3193 Simonides.

674 3232 929 3299 Scilicet
976 3234 1125 3317 quia
1172 3230 1271 3294 ἐπὶ
1323 3231 1514 3311 μισθῷ
1562 3231 1873 3297 scribebat
1916 3231 2002 3297 τὰ
2049 3231 2211 3307 μέλη
2231 3279 2248 3310 ,
2298 3230 2560 3297 adnotat
2597 3229 2962 3297 scholiasta—

581 3362 729 3406 rum
786 3358 972 3403 nnus.
1036 3337 1213 3402 Itane
1278 3334 1469 3403 vero?
1532 3337 1620 3401 Et
1679 3341 1822 3423 quis
1870 3346 2159 3404 emturus
2208 3335 2384 3404 erat?
2430 3357 2742 3424 quaenam
2787 3334 2954 3412 μέλη

581 3445 853 3512 vendere
913 3448 1164 3530 poterat
1226 3441 1612 3528 Sophocles?
1675 3442 1946 3511 Chorine
1992 3446 2236 3511 cantica
2281 3466 2360 3509 ex
2405 3446 2538 3508 suis
2584 3446 2788 3529 ipsius
2835 3448 2964 3507 tra-

582 3551 831 3640 goediis
901 3545 1162 3614 evulsa?
1232 3548 1459 3636 Nugae
1518 3550 1639 3616 hae
1701 3557 1852 3615 sunt
1914 3572 2154 3630 merae,
2220 3551 2449 3637 quibus
2495 3552 2786 3616 assentiri
2830 3568 2958 3613 non

580 3656 847 3723 debebat
907 3653 1315 3741 Lessing-ius:
1386 3655 1520 3733 „als
1583 3655 1938 3742 Sophokles
1997 3660 2066 3722 in
2126 3660 2366 3723 seinem
2419 3656 2599 3723 Alter
2647 3652 2959 3723 Gedichte

586 3764 733 3841 „fiir
794 3757 960 3826 Geld
1020 3759 1273 3826 machte
1296 3809 1312 3839 ,
1377 3784 1555 3828 wozu
1618 3763 1734 3827 ihn
1782 3762 2111 3829 vielleicht
2158 3764 2258 3829 die
2304 3763 2479 3828 Noth
2528 3784 2785 3851 zwang‚
2833 3764 2956 3828 wie

585 3870 821 3949 „bitter
880 3866 1047 3930 warf
1101 3888 1167 3932 es
1226 3867 1365 3933 ihm
1411 3871 1869 3955 Aristophanes
1917 3891 2033 3935 vor
2053 3868 2112 3933 !”
2165 3907 2249 3917 -
2299 3867 2597 3936 Crederes
2644 3891 2770 3934 non
2817 3890 2958 3934 acu·

582 3977 909 4041 tissimum
956 3975 1251 4039 criticum
1297 3974 1418 4040 hoc
1467 3978 1793 4061 scripsisse
1839 3976 1947 4041 sed
1993 3978 2248 4041 inanem
2296 3974 2612 4062 quendam
2653 3973 2960 4041 declama-

647 4186 702 4249 1)
755 4186 869 4235 Non
920 4189 1080 4235 temen
1134 4200 1299 4235 revere
1348 4189 1593 4237 mortuum
1641 4201 1740 4235 esee
1775 4186 2057 4246 Cratinum,
2095 4188 2222 4252 quod
2257 4184 2454 4252 putebat
2489 4184 2720 4245 Cobetne,
2756 4186 2840 4235 sed
2869 4200 2960 4250 per

576 4266 765 4326 iocum,
818 4268 902 4332 qui
951 4268 1187 4318 neminem
1234 4268 1398 4318 fellere
1444 4271 1628 4335 posset,
1677 4266 1735 4317 eb
1778 4269 2099 4334 Aristophane
2135 4270 2182 4318 h.
2204 4269 2238 4319 1.
2271 4269 2322 4319 id
2355 4268 2477 4328 diei,
2521 4268 2674 4318 alludi
2705 4272 2865 4318 entem
2897 4268 2958 4317 ed

582 4350 770 4399 Cratini
804 4350 1021 4407 Πυτίνην
1036 4384 1052 4409 ,
1086 4349 1328 4414 ingeniose
1361 4352 1618 4403 admodum
1649 4351 1916 4417 suspicatus
1942 4354 2015 4403 eet
2045 4350 2313 4405 Muellerus
2341 4349 2600 4425 Struebing
2631 4350 2684 4405 in
2702 4348 2961 4406 Annalibus

582 4432 897 4486 Fleckeieenii
938 4433 1082 4497 18⁹0,
1116 4448 1163 4503 p.
1202 4434 1297 4487 518
1314 4434 1480 4487 449.
