3192 5009
1420 332 1766 387 nomon.
2638 303 2768 373 241

443 578 451 587 ·
494 504 549 562 N
578 496 707 565 346
757 500 906 571 Ζεὺς
956 500 1067 577 μὲν
1118 497 1239 577 ἄρα
1289 498 1561 577 Τρώεσσι
1611 498 1714 561 καὶ
1759 498 2003 577 Ἕκτορι
2051 496 2314 574 βούλετο
2360 494 2547 573 νίκην,

760 606 1150 670 κυδαίνων
1200 608 1479 684 Ἀχιλῆα
1529 592 1721 673 πὸδας
1770 604 2000 685 ταχύν.

394 709 667 795 Propter
726 732 1168 800 praegressum
1228 713 1489 788 βούλετο
1550 711 1780 781 malim
1827 736 1862 775 ιι
1883 713 1967 776 νδ
1986 709 2180 775 ανέω
2201 734 2230 773 ν
2249 758 2266 787 ,
2315 715 2384 773 ut
2430 710 2764 773 honorant.

394 813 640 881 Dubito
680 820 853 883 enim
890 839 1051 884 num
1089 822 1435 905 praesentis
1471 821 1886 905 participium
1925 820 2077 883 satis
2100 823 2360 883 tueatur
2382 814 2768 900 subsequens

392 922 573 986 ἀλλὰ
614 923 796 989 Θέτιν
843 948 880 988 κ
904 924 937 989 ὑ
956 923 989 989 δ
1008 949 1049 987 α
1070 948 1087 987 ι
1108 950 1136 987 ν
1155 950 1185 989 ε
1206 974 1221 1001 ,
1270 928 1419 1011 quia
1456 925 1828 1011 imperfecto
1858 923 2213 991 voluntatis
2235 924 2561 988 notionem
2582 941 2766 1006 saepe
2849 998 2866 1015 ο

391 1048 602 1093 messe
644 1049 965 1096 novimus.

490 1188 547 1247 N
577 1178 706 1250 '73¹7
754 1191 951 1261 Τρῶες
1003 1182 1063 1249 δὲ
1110 1184 1498 1264 μεγάθυμοι,
1547 1185 1679 1248 ἐπεὶ
1731 1185 1898 1248 κατὰ
1945 1190 2154 1262 τεῖχος
2204 1180 2475 1259 ἔβησαν,

758 1281 811 1354 οἳ
856 1292 969 1367 μὲν
1018 1292 1371 1371 ἀφεστᾶσιν
1419 1290 1527 1355 σὺν
1577 1290 2017 1370 τεύχεσιν,
2065 1280 2120 1354 οἳ
2166 1287 2227 1353 ³2
2276 1284 2598 1367 μάχονται

757 1399 1108 1477 παυρότεροι
1158 1396 1510 1462 πλεόνεσσιν
1559 1395 1951 1466 κεδασθέντες
2002 1395 2171 1460 κατὰ
2217 1400 2386 1467 νῆας.

388 1500 689 1567 Perfelici
732 1506 1089 1570 coniectura
1138 1506 1289 1570 huic
1335 1504 1474 1569 loco
1517 1525 1721 1589 nuper
1763 1505 1968 1568 vitam
2014 1501 2286 1568 reddidit
2331 1498 2540 1565 Naber
2583 1501 2770 1565 corri-

387 1607 600 1693 gendo
684 1606 779 1690 ὅχ
796 1633 827 1673 ε
844 1635 877 1674 σ
899 1616 1058 1690 φιν.
1156 1610 1473 1677 Notabilis
1546 1631 1699 1675 vero
1773 1610 1878 1673 hic
1937 1607 2180 1673 obtinet
2205 1645 2212 1653 ·
2239 1606 2765 1691 breviloquentia.

388 1713 600 1780 Verba
644 1718 816 1781 enim
862 1716 993 1781 ἐπεὶ
1043 1718 1214 1782 κατὰ
1262 1726 1468 1799 τεῖχος
1506 1716 1742 1794 ἔβησαν
1783 1716 2120 1781 manifesto
2157 1714 2519 1801 significant
2560 1718 2770 1800 „post-

390 1841 588 1907 quam
619 1844 777 1905 pars
822 1846 1017 1887 eorum
1060 1826 1313 1889 moenia
1358 1830 1749 1909 transgressa
1794 1820 1956 1887 est’'.

492 1996 545 2052 0
598 1984 725 2055 ’735
774 1990 839 2065 ἦέ
886 1990 1057 2062 τινάς
1107 1998 1325 2069 φαμεν
1369 1990 1588 2067 ἔμμεν·
1631 1993 2018 2066 ἀοσσητῆρας
2063 1988 2295 2054 ὃπΙσσω

756 2094 824 2170 ἦέ
870 2118 931 2159 τι
978 2104 1187 2175 τεῖχος
1237 2093 1531 2176 ἄρειον,
1579 2092 1616 2161 ὅ
1656 2099 1713 2160 κ’
1760 2094 2009 2175 α’νδρασι
2057 2094 2266 2172 λοιγὸν
2313 2096 2586 2173 &aduam

396 2198 539 2264 Iam
606 2203 963 2286 antiquitus
1031 2202 1157 2267 fuit
1222 2204 1391 2269 inter
1456 2202 1920 2268 Alexandrinos
1987 2203 2412 2268 controversis
2427 2250 2444 2279 ,
2526 2206 2770 2267 essetne

396 2304 589 2384 ἄρειον
652 2307 1017 2373 habendum
1061 2331 1174 2395 pro
1222 2313 1654 2395 comparativo
1677 2335 1758 2360 =
1780 2309 2051 2387 βέλτιον,
2098 2329 2180 2374 an
2226 2330 2341 2394 pro
2388 2310 2664 2394 positivo
2688 2332 2769 2358 =

398 2413 618 2490 ἅρῆιον,
689 2414 1081 2479 Mavortiam.
1151 2414 1276 2481 Pro
1345 2418 1778 2502 comparativo
1842 2415 2072 2481 habuit
2133 2412 2455 2502 Vergilius
2517 2434 2768 2500 quoque

398 2518 555 2584 Aen.
602 2518 699 2583 IX
748 2518 786 2586 '7
791 2520 874 2586 81

856 2628 981 2708 Quo
1026 2626 1245 2692 deinde
1270 2629 1501 2713 suqam
1520 2678 1537 2707 ‚
1586 2650 1702 2715 quo
1747 2628 1996 2691 tenditis
2010 2628 2048 2691 ,7
2089 2626 2309 2713 inquit.

768 2734 923 2815 Quos
967 2732 1124 2798 alios
1165 2757 1360 2798 muros
1376 2784 1393 2813 ,
1442 2758 1592 2821 quae
1637 2735 1760 2797 iam
1803 2734 1972 2797 ultra
2016 2733 2243 2798 moenia
2289 2732 2518 2797 habetis
2533 2733 2571 2795 ,7

398 2838 797 2904 Recentiores
864 2840 1179 2927 philologi
1197 2888 1213 2917 ‚
1284 2844 1562 2927 exceptis
1633 2843 1852 2926 paucis
1919 2842 1986 2904 in
2055 2839 2288 2925 quibus
2349 2840 2648 2926 Heynius
2708 2844 2773 2905 et

400 2942 673 3009 Bothius
690 2994 707 3023 ‚
770 2944 964 3022 ἄρειον
1031 2947 1379 3011 mavortiam
1446 2950 1850 3032 interpretati
1919 2952 2070 3011 sunt
2129 2967 2476 3032 eorumque
2535 2945 2772 3011 iudicio

400 3048 718 3116 calculum
765 3074 959 3117 suum
1004 3053 1367 3119 adiecerunt
1413 3052 1685 3119 editores
1731 3059 2063 3118 nostrates.
2103 3050 2376 3117 Laborat
2409 3058 2656 3129 tamen,
2705 3054 2772 3115 ni

402 3156 605 3236 fallor,
656 3178 731 3223 ea
774 3161 1084 3224 sententia
1127 3162 1514 3246 gravissima
1551 3158 1945 3224 difficultate.
1988 3157 2234 3243 Nempe
2275 3160 2386 3242 qui
2426 3154 2620 3236 ἄρειον
2659 3178 2771 3244 pro

402 3264 602 3340 ἀρήιον
649 3264 917 3330 scribere
963 3268 1178 3351 potuit
1222 3269 1437 3331 contra
1484 3272 1884 3331 constantem
1927 3264 2196 3330 Homeri
2235 3274 2300 3329 et
2336 3267 2578 3349 priscae
2617 3270 2779 3330 aeta-

404 3370 488 3433 tis
535 3390 760 3447 usum,
807 3373 864 3434 is
911 3376 1097 3457 poeta
1139 3371 1486 3437 admodum
1532 3392 1748 3437 recens
1796 3373 1990 3437 fuerit
2029 3390 2279 3437 necesse
2317 3375 2416 3436 est
2434 3420 2451 3449 ‚
2493 3376 2777 3437 attamen

405 3496 529 3560 quo
588 3475 845 3541 tandem
904 3482 1087 3562 pacto
1146 3498 1261 3562 pro
1324 3479 1561 3543 recenti
1623 3485 1813 3563 poeta
1855 3478 2076 3542 haberi
2118 3479 2175 3541 is
2217 3480 2459 3562 potest,
2507 3480 2620 3561 qui
2663 3476 2777 3542 illo

403 3601 592 3645 sensu
640 3602 859 3647 vocem
908 3602 1220 3668 usurpans
1258 3582 1593 3647 manifeste
1635 3582 1920 3648 nondum
1957 3585 2136 3647 novit
2174 3602 2438 3647 murum
2463 3603 2500 3647 a
2522 3580 2779 3649 Graecis

404 3692 772 3752 extructum
818 3690 887 3751 in
932 3686 1095 3753 libro
1146 3696 1195 3751 Η
1246 3690 1461 3774 itaque
1509 3690 1936 3773 antiquiorem
1984 3709 2180 3774 quam
2218 3709 2343 3774 qua
2379 3710 2494 3753 nos
2532 3692 2781 3755 utimur

404 3791 625 3857 Iliadis
686 3794 955 3858 formam
1016 3791 1359 3880 cog-novit?
1422 3793 1637 3859 Habet
1682 3801 2005 3880 praeterea
2049 3797 2260 3861 nescio
2310 3793 2462 3880 quid
2509 3798 2781 3880 quaesiti

404 3897 769 3963 Mavortius
834 3898 945 3964 ille
1013 3920 1241 3964 murus
1306 3905 1371 3965 et
1438 3898 1632 3985 longe
1701 3898 2050 3986 simplicior
2109 3906 2174 3965 et
2235 3902 2612 3980 πιθανωτέρα
2674 3922 2781 3967 me

406 4004 616 4069 iudice
663 4012 759 4069 est
804 4005 959 4070 haec
1003 4011 1192 4071 vetus
1236 4007 1712 4091 interpretatio:

767 4114 865 4174 An
909 4112 1145 4197 aliquos
1178 4119 1463 4194 putamus
1507 4133 1630 4175 eece
1675 4111 1982 4177 adiutores
2027 4137 2066 4176 a
2114 4118 2276 4195 ter-qo
2295 4112 2332 4175 ?

766 4225 873 4281 aut
917 4218 1176 4304 aliquem
1212 4241 1441 4282 murum
1463 4218 1799 4301 firmiorem
1835 4224 1934 4298 (eo
1959 4218 2093 4285 scil.
2120 4222 2231 4305 qui
2252 4240 2420 4286 nunc
2443 4218 2738 4303 cecidit)?

408 4321 600 4402 ἄρειας
661 4328 876 4388 autem
939 4322 1014 4388 de
1076 4324 1247 4387 rebus
1307 4344 1557 4413 quoque
1619 4330 1786 4391 recte
1848 4324 1973 4390 dici
2021 4324 2246 4393 docent
2286 4325 2412 4395 loci
2457 4325 2786 4397 Homerici

406 4436 465 4492 T
494 4428 601 4508 33,
650 4429 689 4513 ζ
712 4428 862 4509 182,
913 4432 965 4509 ψ
990 4428 1145 4497 286.
