3192 5009
372 218 505 286 450
1008 237 1092 287 nn
1135 235 1759 289 mausumnomus
1807 234 2109 289 nomme.

373 408 600 491 primis
655 404 924 470 saeculis
973 403 1358 491 reipublicae
1403 404 1639 471 liberae
1686 404 1763 472 de
1814 405 2183 472 consulibus
2233 411 2298 471 et
2342 405 2754 473 dictatoribus

372 511 760 597 reliquisque
823 512 1308 597 magistratibus
1329 560 1344 589 ,
1411 514 1468 576 si
1513 511 1620 578 lex
1667 516 1910 579 curiata
1954 515 2047 579 eis
2092 512 2338 599 perlata
2381 535 2509 579 non
2552 519 2718 579 esset
2735 562 2751 592 ,

374 638 765 705 quamquam
832 620 970 682 eius
1016 619 1108 681 rei
1154 616 1413 682 nullum
1459 624 1709 683 certum
1756 618 2128 705 exemplum
2174 621 2520 686 memoriae
2568 618 2757 685 tradi-

375 731 519 789 tum
584 730 680 789 est
699 772 715 801 ,
764 720 889 787 Seu
936 719 1134 789 Gtum
1179 722 1426 788 factum
1473 725 1558 788 sit
1609 745 1757 802 „eos
1802 727 1965 790 vitio
2014 731 2255 791 creatos
2300 724 2479 791 esse''
2526 746 2755 812 eosque

373 830 660 895 abdicare
725 849 792 893 se
862 828 1106 893 debere.
1179 827 1360 908 Quod
1427 830 1655 915 primis
1726 830 1997 896 saeculis
2065 829 2300 897 liberae
2370 830 2753 917 reipublicae

373 956 559 1021 saepe
619 935 862 999 factum
927 954 1062 999 esse
1116 937 1446 1013 novimus,
1496 942 1574 1000 ut
1620 939 2043 1023 magistratus
2088 956 2126 1001 a
2172 944 2399 1003 senatu
2444 937 2755 1003 admoniti

373 1041 738 1107 abdicarent
781 1062 849 1107 se
895 1043 1327 1127 auspiciorum
1373 1042 1883 1108 renovandorum
1929 1063 2116 1108 causa
2163 1048 2329 1129 (sup.
2366 1062 2515 1131 pag.
2558 1042 2752 1124 416),

371 1147 440 1212 id
477 1149 706 1212 nititur
744 1147 862 1213 hac
898 1147 1122 1214 eadem
1157 1146 1385 1234 regula
1403 1197 1419 1225 ,
1463 1168 1569 1213 eos
1609 1148 1895 1216 abdicare
1936 1170 2004 1214 se
2041 1155 2327 1236 oportere
2359 1171 2517 1235 quos
2540 1156 2755 1215 contra

375 1254 636 1320 deorum
704 1253 1108 1320 voluntatem
1153 1256 1542 1341 magistratu
1590 1254 1779 1342 fungi
1826 1258 2228 1341 apparuerit,
2276 1278 2481 1341 neque
2528 1255 2756 1321 clarius

372 1366 540 1426 certe
602 1360 670 1424 id
726 1380 1026 1447 apparere
1087 1363 1303 1446 potuit
1364 1380 1558 1445 quam
1618 1344 1770 1426 cum
1831 1359 1938 1426 lex
2008 1363 2252 1426 curiata
2317 1360 2563 1449 perlata
2628 1382 2755 1426 non

373 1474 575 1544 esset;
643 1466 947 1531 stimulus
1009 1486 1136 1552 quo
1199 1488 1264 1531 se
1326 1467 1615 1532 abdicare
1676 1467 2071 1555 cogebantur
2132 1471 2551 1555 magistratus
2613 1476 2755 1533 tum

375 1576 572 1639 etiam
617 1572 790 1638 idem
837 1594 972 1639 esse
1020 1572 1242 1638 debuit
1261 1622 1277 1651 ,
1325 1580 1540 1638 metus
1585 1594 1665 1638 ne
1712 1573 1932 1662 po'stea
1978 1596 2128 1640 cum
2162 1578 2621 1663 magistratum
2658 1574 2759 1640 de·

370 1682 731 1767 posuissent
777 1686 1221 1746 accusarentur
1269 1679 1437 1765 quod
1483 1685 1709 1745 contra
1754 1684 2037 1767 auspicia
2084 1702 2183 1746 res
2221 1684 2586 1769 gessissent.
2651 1680 2757 1747 Sic

371 1808 556 1875 reges
618 1806 868 1873 quoque
931 1807 997 1851 se
1060 1785 1348 1851 abdicare
1411 1786 1739 1871 oportebat
1804 1790 1858 1851 si
1926 1786 2255 1853 deficiebat
2323 1787 2748 1865 confirmatio;

375 1893 545 1980 quod
583 1895 802 1979 ipsum
819 1941 835 1972 ‚
887 1894 1140 1958 etiamsi
1186 1892 1448 1958 fortasse
1499 1912 1858 1978 numquam
1903 1892 2147 1958 factum
2188 1898 2319 1972 est,
2362 1900 2579 1960 tamen
2618 1894 2754 1959 fieri

373 2002 729 2086 oportuisse
767 2006 934 2064 recte
971 1999 1276 2063 indicavit
1316 1996 1665 2085 Dionysius
1682 2046 1699 2075 ,
1744 2019 1893 2063 cum
1936 2001 2237 2065 scriberet
2265 2020 2509 2065 novum
2531 2021 2753 2089 regem

376 2105 720 2172 creandum
784 2106 979 2169 fuisse
1042 2107 1096 2169 si
1155 2111 1269 2169 aut
1315 2105 1562 2170 civibus
1613 2112 1727 2169 aut
1773 2104 1905 2169 deis
1954 2112 2067 2171 aut
2113 2107 2413 2171 Patribus
2462 2112 2755 2191 acceptus

375 2235 502 2278 non
543 2219 709 2279 esset
753 2215 809 2277 is
859 2232 1052 2297 quem
1093 2218 1364 2276 creasset
1409 2214 1690 2277 interrex
1710 2260 1726 2289 ,
1776 2232 1901 2297 qua
1944 2213 2011 2275 in
2060 2233 2127 2278 re
2175 2211 2503 2278 vocabulis
2540 2214 2751 2297 magis

373 2339 567 2405 quam
613 2340 679 2383 re
722 2320 864 2403 ipsa
907 2320 1196 2403 peccavit
1242 2316 1591 2404 Dionysius
1641 2324 1815 2403 (pag.
1858 2315 1991 2381 444
2042 2317 2186 2382 adn.
2212 2318 2301 2403 2).
2372 2316 2497 2383 Sed
2543 2320 2613 2381 in
2660 2338 2751 2381 re-

374 2426 567 2513 gibus
628 2445 900 2512 quorum
963 2429 1242 2509 potestas
1305 2428 1613 2510 perpetua
1666 2430 1802 2489 erat
1846 2444 1971 2488 non
2017 2423 2269 2490 valebat-
2314 2429 2528 2490 metus
2575 2444 2751 2489 accu-

373 2533 669 2609 sationis;
733 2531 834 2595 his
889 2532 1097 2617 igitur
1143 2532 1316 2614 optio
1363 2529 1528 2594 facta
1577 2534 1713 2593 erat
1760 2535 1985 2594 utrum
2032 2530 2277 2595 vellent
2294 2578 2311 2607 ,
2359 2550 2625 2617 regnare
2670 2548 2749 2593 an

373 2659 571 2725 regno
633 2657 698 2701 se
760 2636 1065 2701 abdicare.
1138 2634 1360 2719 Itaque
1424 2637 1478 2699 si
1542 2638 1656 2720 qui
1717 2656 1842 2700 non
1906 2635 2116 2720 adepti
2177 2634 2393 2721 legem
2439 2638 2751 2701 curiatam

372 2764 647 2831 regnum
699 2744 966 2808 retinere
1013 2740 1372 2818 malebant,
1422 2744 1476 2804 si
1523 2747 1637 2806 aut
1688 2745 1821 2807 suis
1870 2741 2095 2825 opibus
2144 2746 2257 2805 aut
2298 2741 2517 2807 favore
2554 2744 2752 2827 partis

371 2849 595 2938 populi
658 2847 878 2914 confisi
937 2867 1201 2935 regnare
1265 2868 1330 2912 se
1392 2867 1577 2933 posse
1641 2847 2009 2932 sperabant,
2073 2846 2174 2909 his
2218 2845 2567 2911 videndum
2615 2851 2749 2911 erat

371 2954 686 3041 numquid
749 2956 1040 3039 imperiis
1101 2958 1167 3019 et
1225 2954 1421 3017 minis
1487 2958 1603 3018 aut
1664 2952 1978 3018 beneficiis
2026 2952 2369 3037 impetrare
2414 2957 2669 3038 possent
2714 2971 2752 3016 a

371 3062 618 3128 civibus
635 3110 652 3139 ,
718 3062 830 3146 qui
890 3080 1094 3144 neque
1156 3067 1336 3125 metu
1403 3058 1672 3125 deorum
1732 3058 1935 3145 neque
1995 3057 2142 3145 lege
2188 3078 2226 3123 a
2270 3080 2339 3125 se
2384 3064 2638 3145 accepta
2680 3062 2749 3123 in

374 3169 673 3253 obsequio
735 3166 1187 3232 retinebantur.
1260 3165 1413 3231 Tale
1477 3167 1671 3232 fuisse
1734 3165 2011 3231 traditur
2074 3172 2176 3244 (ut
2237 3170 2537 3231 omittam
2592 3186 2753 3253 quae

377 3274 452 3340 de
515 3272 741 3339 Servio
807 3294 930 3336 non
992 3273 1069 3338 ab
1125 3272 1420 3338 omnibus
1467 3272 1831 3338 auctoribus
1877 3278 2241 3352 narrantur)
2288 3292 2563 3359 regnum
2608 3270 2756 3337 'I'ar-

375 3382 580 3466 quinii
627 3377 902 3464 Superbi
948 3384 1121 3465 (pag.
1165 3378 1295 3443 446
1344 3378 1486 3443 adn.
1519 3378 1604 3459 1),
1657 3377 1823 3465 quod
1870 3380 2021 3465 quia
2069 3382 2205 3444 sine
2250 3377 2396 3466 lege
2442 3384 2508 3444 et
2546 3381 2751 3464 auspi-

375 3489 488 3553 ciis
553 3493 618 3551 et
664 3484 938 3551 Patrum
982 3485 1379 3551 Auctoritate
1429 3490 1797 3572 susceptum
1847 3487 2045 3550 etiam
2092 3491 2312 3550 contra
2353 3483 2754 3551 voluntatem

371 3590 598 3679 populi
649 3592 990 3678 gerebatur
1007 3640 1023 3667 ‚
1088 3590 1444 3656 dominatui
1506 3612 1700 3676 quam
1760 3594 1931 3656 iusto
1987 3612 2185 3678 regno
2233 3590 2512 3656 similius
2559 3590 2751 3656 fuisse

376 3704 442 3765 et
487 3698 567 3763 ad
610 3695 922 3762 ultimum
971 3698 1278 3763 seditione
1324 3699 1569 3763 civium
1617 3696 1945 3762 sublatum
1990 3718 2126 3762 esse
2162 3699 2539 3783 accepimus.
2582 3696 2753 3761 Huic

374 3826 573 3892 regno
636 3809 855 3869 autem
873 3852 890 3881 ,
953 3806 1008 3868 si
1067 3825 1204 3869 rem
1264 3823 1526 3889 parvam
1599 3823 1748 3867 cum
1814 3822 2051 3888 magna
2120 3823 2495 3889 componere
2563 3801 2715 3867 licet
2732 3850 2749 3879 ,

373 3911 600 3978 multis
661 3911 945 3975 numeris
1006 3912 1302 3976 convenit
1361 3908 1724 3975 consulatus
1788 3930 1980 3995 quem
2052 3916 2271 3975 contra
2338 3911 2620 3996 auspicia
2688 3915 2753 3974 et

376 4018 502 4084 Sen
547 4014 747 4084 Otum
789 4018 1057 4081 retinuit
1106 4013 1176 4083 G.
1225 4014 1584 4081 Flaminius
1632 4014 1853 4081 consul
1901 4034 1959 4079 a.
2008 4013 2141 4080 223
2162 4012 2237 4095 1).
2574 4014 2591 4031 ’

387 4190 441 4200 ...-
478 4184 715 4195 -.—-—.0-

451 4275 504 4339 l)
537 4273 640 4322 Liv.
676 4274 840 4323 21.oe
877 4274 935 4332 ’ἲς
973 4274 1100 4323 Plut.
1141 4274 1359 4324 Marcell.
1394 4276 1456 4330 42
1491 4274 1605 4323 zon.
1642 4275 1691 4327 8.
1710 4275 1789 4323 20.
