3192 5009
561 216 649 282 42
1592 235 1896 284 rmums,

832 400 894 466 N
896 407 1191 488 octesque
1240 400 1498 486 diesque
1545 401 1797 466 assiduo
1842 403 1997 467 satis
2046 422 2358 488 superque
2405 407 2503 467 est

829 507 966 588 Quo
1011 508 1176 573 facto
1226 513 1338 572 aut
1386 506 1596 572 dictod
1643 514 1741 573 est
1786 529 1944 594 opus
1991 510 2247 593 quietus
2293 529 2373 574 ne
2420 510 2507 574 sis
2524 556 2540 587 ,

827 613 971 700 Ipse
1018 614 1314 679 dominus
1361 614 1540 679 dives
1589 616 1796 699 operis
1844 619 1911 679 et
1954 613 2187 679 laboris
2234 636 2459 702 expers

829 718 1256 805 Quodcunque
1303 720 1550 784 homini
1597 720 1827 785 accidit
1869 720 2065 786 libere
2113 742 2292 805 posse
2339 727 2536 797 retur,

829 826 1119 911 Aequom
1165 848 1298 893 esse
1345 832 1533 912 putat
1582 847 1709 890 non
1757 832 2013 912 reputat
2059 825 2293 892 laboris
2343 826 2499 912 quid
2546 828 2662 904 sit3

559 932 671 997 ubi
735 953 1126 1018 quamquam
1185 934 1338 997 satis
1399 937 1765 997 reverenter
1826 932 2141 997 librorum
2202 931 2395 997 fidem
2442 932 2802 998 observavit
2847 969 2934 980 -

559 1059 687 1103 uno
725 1044 980 1104 tantum
1015 1038 1152 1103 loco
1191 1040 1624 1103 coniecturam
1655 1040 1892 1123 recepit
1938 1075 2024 1086 —
2065 1020 2282 1104 tame'n
2326 1038 2681 1105 identidem
2721 1044 2939 1103 contra

560 1143 735 1231 leges
781 1145 1177 1231 rhythmicas
1225 1150 1290 1210 et
1333 1145 1735 1230 prosodiacas
1780 1148 2086 1230 peccavit.

649 1250 704 1315 E
772 1251 1222 1316 recentioribus
1289 1271 1439 1316 vero
1508 1250 1983 1329 Fleckeisenus,
2068 1251 2425 1317 Hermanni
2492 1253 2939 1316 auctoritatem

559 1362 814 1421 secutus
860 1359 930 1420 in
975 1357 1249 1421 editione
1297 1377 1413 1422 sua
1457 1357 1894 1423 Teubneriana
1913 1406 1929 1436 ,
1980 1378 2140 1443 quae
2186 1378 2348 1423 anno
2403 1356 2576 1423 1850
2600 1357 2855 1443 prodiit,
2887 1355 2938 1438 ¹)

557 1462 919 1527 bacchiacos
965 1468 1370 1527 tetrametros
1419 1484 1554 1528 esse
1600 1466 1792 1529 iussit
1838 1464 1958 1530 hoc
2005 1463 2332 1550 exemplo:

828 1566 990 1647 Quoi
1016 1566 1040 1607 ¹
1089 1569 1291 1634 noctis
1317 1566 1342 1608 ⁸
1393 1569 1651 1655 diesque
1700 1570 1963 1635 adsiduo
2010 1573 2163 1635 satis
2212 1570 2587 1656 superquest

827 1672 1018 1738 Facto
1047 1670 1071 1707 ³
1117 1674 1228 1738 aut
1275 1675 1442 1741 dicto
1490 1675 1669 1741 adest
1715 1698 1873 1762 opus
1890 1726 1907 1754 ,
1958 1677 2279 1762 quietatus
2305 1676 2331 1714 ⁴
2382 1676 2461 1741 ne
2510 1678 2618 1741 sis.

831 1778 1143 1844 Dominus
1169 1782 1193 1819 ⁵
1245 1781 1422 1847 dives
1470 1782 1677 1867 operis
1726 1788 1790 1848 te
1816 1782 1841 1819 ⁸
1892 1788 1957 1848 et
2002 1783 2223 1868 expers
2269 1781 2499 1848 laboris
2528 1780 2553 1817 ⁷

832 1884 1332 1974 Quodquomque
1379 1890 1438 1952 ei
1462 1887 1486 1926 ⁸
1537 1887 1758 1954 lubere
1804 1889 2032 1954 accidit
2054 1890 2079 1927 ⁰
2128 1909 2309 1974 posse
2356 1888 2565 1953 retur:

731 1984 736 1989 ’
831 1994 1122 2080 Aequom
1169 1994 1304 2059 esse
1348 1994 1418 2059 id
1447 1996 1497 2033 ¹⁰
1545 1994 1767 2080 putat,
1816 2016 1941 2059 non
1988 1994 2243 2080 reputat
2291 1994 2446 2080 quid
2487 1990 2844 2059 laboristss.

561 2098 654 2163 Hi
713 2106 880 2164 certe
923 2099 1244 2165 bacchiaci
1291 2107 1441 2164 sunt
1485 2103 1843 2166 tetrametri
1858 2149 1875 2178 ,
1926 2106 1991 2166 at
2034 2104 2103 2165 in
2148 2099 2381 2166 Plauto
2424 2104 2639 2164 nostro
2683 2120 2809 2164 non
2854 2097 2941 2164 le—

559 2210 824 2291 guntur.
888 2205 1056 2270 Nam
1117 2211 1193 2270 ut
1253 2208 1305 2270 ii
1349 2208 1602 2271 numeri
1646 2212 2021 2291 apparerent
2066 2243 2152 2254 —
2200 2226 2402 2292 neque
2448 2204 2573 2269 alia
2616 2224 2805 2270 causa
2848 2206 2943 2269 vi-

559 2310 745 2377 detur
789 2309 926 2376 ulla
974 2349 1058 2359 —
1109 2314 1178 2375 in
1226 2314 1504 2397 quinque
1551 2312 1840 2377 versibus
1886 2311 2163 2376 undecies
2207 2311 2311 2377 vel
2358 2313 2443 2391 (si
2494 2308 2704 2396 „quo”
2750 2312 2939 2375 initio

557 2438 652 2482 vs,
709 2414 836 2482 169
907 2416 1242 2503 demptum
1261 2465 1277 2495 ‚
1347 2416 1582 2503 „quoi”
1646 2420 1831 2488 initio
1893 2439 1987 2483 vs.
2058 2416 2185 2482 168
2249 2412 2572 2482 adiectum
2634 2438 2747 2502 pro
2808 2436 2939 2481 una

559 2525 915 2587 mutatione
961 2527 1253 2608 putatur)
1301 2521 1530 2587 saltem
1577 2522 1770 2586 decies
1818 2544 1855 2587 a
1899 2522 2043 2589 libr.
2094 2525 2677 2608 manuscriptorum
2724 2527 2939 2588 aucto·

559 2631 747 2693 ritate
796 2665 882 2676 —-
933 2636 998 2693 et
1045 2634 1359 2713 quantum
1407 2666 1494 2677 —-
1541 2650 1863 2695 recessum
1909 2627 2039 2694 est!

647 2732 950 2800 Goetzius
1021 2756 1271 2820 quoque
1341 2740 1406 2811 et
1473 2734 1769 2800 Loewius
1788 2784 1805 2813 ,
1880 2737 1992 2821 qui
2060 2756 2221 2800 anno
2296 2733 2468 2800 1882
2538 2737 2609 2799 in
2676 2755 2940 2820 corpore

559 2839 992 2905 Bitscheliano
1053 2841 1592 2927 Amphitryonem
1654 2841 1986 2907 ediderunt
2032 2841 2109 2906 de
2154 2844 2542 2907 tetrametris
2589 2842 2937 2907 bacchiacis

558 2946 929 3012 Hermanno
977 2952 1042 3013 et
1087 2946 1516 3012 Fleckeisenio
1565 2949 2015 3024 assentiuntur,
2057 2968 2285 3013 verum
2322 2954 2397 3011 ut
2453 2946 2751 3012 tralaticii
2804 2954 2939 3013 tex-

559 3058 665 3117 tus
721 3038 1188 3118 contumaciam
1235 3053 1601 3118 edomarent
1646 3052 1841 3117 aliam
1885 3055 2159 3141 ingressi
2204 3059 2353 3118 sunt
2398 3056 2572 3118 viam
2590 3102 2605 3131 ,
2658 3056 2938 3138 superio-

559 3179 706 3221 rum
753 3162 1182 3223 temeritatem
1231 3158 1470 3223 scilicet
1515 3159 1962 3244 improbantes.
2012 3159 2111 3223 Ex
2159 3161 2436 3246 quinque
2483 3160 2771 3225 versibus
2814 3165 2937 3224 ter-

559 3265 727 3327 tium
789 3268 856 3327 et
902 3266 1203 3349 quintum
1251 3271 1474 3350 utpote
1520 3265 1839 3330 bacchiaci
1884 3268 2078 3331 metri
2124 3265 2377 3353 legibus
2424 3268 2703 3331 nimium
2747 3266 2937 3331 refra-

556 3374 783 3455 gantes
821 3372 1200 3435 uncinorum
1237 3370 1511 3437 vinculis
1549 3378 1838 3436 oneratos
1878 3370 2370 3451 damnaverunt;
2412 3370 2689 3457 reliquos
2712 3378 2938 3458 quater

557 3472 936 3560 interpolare
985 3478 1139 3540 satis
1187 3476 1580 3553 habuerunt,
1628 3479 1697 3541 in
1742 3477 1911 3543 hunc
1958 3478 2225 3542 modum

828 3578 996 3665 quod
1027 3578 1046 3615 ¹
1095 3581 1432 3666 noctesque
1477 3581 1735 3667 diesque
1782 3582 2043 3648 adsiduo
2092 3587 2246 3648 satis
2293 3584 2669 3669 superquest

827 3706 950 3771 quo
997 3685 1162 3751 facto
1211 3694 1324 3753 aut
1371 3688 1536 3754 dicto
1587 3687 1805 3754 adeost
1830 3686 1855 3723 ²
1903 3689 2081 3774 opus,
2131 3692 2384 3775 quietus
2430 3689 2510 3755 ne
2562 3692 2667 3755 sis.

629 3946 682 4009 1)
733 3944 812 3993 .Ί“.
851 3943 1006 3993 Macci
1041 3944 1205 3993 Plauti
1239 3945 1506 3994 comoediae
1541 3960 1596 3993 ex
1631 3922 1954 4009 redognitione
1987 3946 2177 3997 Alfredi
2216 3946 2555 3997 Fleckeiseni.”
2604 3948 2673 3997 Ea
2720 3948 2933 3999 recensio

559 4042 818 4090 numquam
859 4027 918 4075 ad
965 4028 1106 4075 finem
1152 4028 1380 4091 perducta
1424 4032 1518 4085 eet;
1557 4028 1653 4077 duo
1684 4033 1873 4077 tantum
1905 4030 2026 4077 tomi
2060 4030 2367 4094 prodierunt.
2404 4030 2435 4079 i.
2456 4048 2495 4081 e.
2532 4031 2691 4080 decem
2726 4030 2934 4083 fabulae.

561 4110 713 4159 Verus
744 4124 898 4158 annue
930 4109 1154 4158 editionis
1186 4126 1338 4173 neque
1371 4110 1422 4159 in
1458 4110 1773 4161 exterioribus
1806 4111 1966 4161 titulis
1996 4112 2337 4177 exemplarium
2374 4112 2552 4176 legitur
2584 4128 2737 4176 neque
2771 4114 2823 4163 in
2857 4114 2931 4163 in-

555 4190 832 4249 terioribue;
864 4206 971 4239 cum
1001 4191 1130 4241 enim
1153 4192 1512 4242 honestissimus
1539 4191 1799 4257 bibliopola
1830 4209 1916 4259 per
1945 4194 2031 4243 hos
2050 4195 2365 4258 qnadraginta
2383 4210 2529 4245 ennon
2546 4210 2605 4245 σε
2622 4195 2785 4246 iisdem
2804 4197 2933 4261 typis

559 4274 817 4323 identidem
850 4289 996 4321 noves
1027 4272 1370 4336 exemplarium
1401 4274 1546 4323 series
1575 4278 1788 4339 repetere
1805 4275 1979 4333 soleat,
1998 4292 2234 4325 annornm
2253 4276 2440 4327 numeri
2458 4292 2576 4342 quoe
2590 4278 2781 4343 quidem
2798 4278 2935 4329 invo-

557 4356 689 4409 lucra
715 4361 765 4404 et
795 4354 976 4426 primae
1005 4354 1204 4425 paginae
1232 4354 1394 4413 ferunt
1421 4356 1653 4428 repetitae
1682 4356 2007 4434 impressionis
2024 4362 2269 4433 tempore,
2293 4373 2388 4409 non
2404 4358 2628 4411 editionis
2644 4360 2930 4431 significant.
