<?xml version="1.0" encoding="UTF-8"?>
<!DOCTYPE html PUBLIC "-//W3C//DTD XHTML 1.0 Transitional//EN"
    "http://www.w3.org/TR/xhtml1/DTD/xhtml1-transitional.dtd">
<html xmlns="http://www.w3.org/1999/xhtml" xml:lang="en" lang="en">
 <head>
  <title>
</title>
<meta http-equiv="Content-Type" content="text/html;charset=utf-8" />
  <meta name='ocr-system' content='tesseract 3.04.00' />
  <meta name='ocr-capabilities' content='ocr_page ocr_carea ocr_par ocr_line ocrx_word'/>
</head>
<body>
  <div class='ocr_page' id='page_1' title='image "./mnemosyne07servgoog_0335.png"; bbox 0 0 3192 5009; ppageno 0'>
   <div class='ocr_carea' id='block_1_1' title="bbox 1302 243 2611 348">
    <p class='ocr_par' dir='ltr' id='par_1_1' title="bbox 1302 243 2611 348">
     <span class='ocr_line' id='line_1_1' title="bbox 1302 243 2611 348; baseline -0.003 -30"><span class='ocrx_word' id='word_1_1' title='bbox 1302 269 1525 320; x_wconf 65' lang='lat' dir='ltr'><strong>Puro,</strong></span> <span class='ocrx_word' id='word_1_2' title='bbox 2319 341 2328 348; x_wconf 83' lang='lat'><strong>.</strong></span> <span class='ocrx_word' id='word_1_3' title='bbox 2482 243 2611 314; x_wconf 79' lang='lat'><strong>327</strong></span> 
     </span>
    </p>
   </div>
   <div class='ocr_carea' id='block_1_2' title="bbox 264 435 2650 4448">
    <p class='ocr_par' dir='ltr' id='par_1_2' title="bbox 264 435 2632 2113">
     <span class='ocr_line' id='line_1_2' title="bbox 264 435 2614 522; baseline -0 -21"><span class='ocrx_word' id='word_1_4' title='bbox 264 435 385 502; x_wconf 86' lang='lat' dir='ltr'><strong>lum</strong></span> <span class='ocrx_word' id='word_1_5' title='bbox 448 435 819 502; x_wconf 74' lang='lat' dir='ltr'><strong>reddidisset</strong></span> <span class='ocrx_word' id='word_1_6' title='bbox 886 439 1174 502; x_wconf 79' lang='lat' dir='ltr'><strong>vicinum</strong></span> <span class='ocrx_word' id='word_1_7' title='bbox 1247 438 1558 514; x_wconf 80' lang='grc' dir='ltr'><strong><em>συβωτῶν.</em></strong></span> <span class='ocrx_word' id='word_1_8' title='bbox 1611 475 1697 486; x_wconf 89' lang='grc'>-</span> <span class='ocrx_word' id='word_1_9' title='bbox 1743 437 1845 503; x_wconf 88' lang='lat' dir='ltr'><strong>Ad</strong></span> <span class='ocrx_word' id='word_1_10' title='bbox 1909 458 2046 502; x_wconf 90' lang='lat' dir='ltr'><strong>rem</strong></span> <span class='ocrx_word' id='word_1_11' title='bbox 2111 435 2280 522; x_wconf 89' lang='lat' dir='ltr'><strong>quod</strong></span> <span class='ocrx_word' id='word_1_12' title='bbox 2347 438 2578 500; x_wconf 76' lang='lat' dir='ltr'>attinet</span> <span class='ocrx_word' id='word_1_13' title='bbox 2598 484 2614 513; x_wconf 91' lang='lat'>‚</span> 
     </span>
     <span class='ocr_line' id='line_1_3' title="bbox 264 541 2618 629; baseline -0 -21"><span class='ocrx_word' id='word_1_14' title='bbox 264 543 395 608; x_wconf 83' lang='lat' dir='ltr'><strong>licet</strong></span> <span class='ocrx_word' id='word_1_15' title='bbox 450 546 655 628; x_wconf 90' lang='lat' dir='ltr'><strong>prima</strong></span> <span class='ocrx_word' id='word_1_16' title='bbox 711 543 871 608; x_wconf 85' lang='lat' dir='ltr'><strong>facie</strong></span> <span class='ocrx_word' id='word_1_17' title='bbox 929 543 1153 609; x_wconf 86' lang='lat' dir='ltr'><strong>subeat</strong></span> <span class='ocrx_word' id='word_1_18' title='bbox 1198 547 1421 609; x_wconf 82' lang='lat' dir='ltr'><strong>mirari</strong></span> <span class='ocrx_word' id='word_1_19' title='bbox 1468 563 1614 609; x_wconf 87' lang='lat' dir='ltr'><strong>sues</strong></span> <span class='ocrx_word' id='word_1_20' title='bbox 1629 593 1645 622; x_wconf 90' lang='lat'><em>,</em></span> <span class='ocrx_word' id='word_1_21' title='bbox 1698 565 1973 629; x_wconf 87' lang='lat' dir='ltr'><strong>quarum</strong></span> <span class='ocrx_word' id='word_1_22' title='bbox 2021 549 2227 608; x_wconf 87' lang='lat' dir='ltr'><strong>aetate</strong></span> <span class='ocrx_word' id='word_1_23' title='bbox 2271 541 2618 609; x_wconf 88' lang='lat' dir='ltr'><strong>Homerica</strong></span> 
     </span>
     <span class='ocr_line' id='line_1_4' title="bbox 265 635 2619 736; baseline -0 -22"><span class='ocrx_word' id='word_1_24' title='bbox 265 643 694 714; x_wconf 81' lang='lat' dir='ltr'><strong>creberrimum</strong></span> <span class='ocrx_word' id='word_1_25' title='bbox 756 635 955 713; x_wconf 83' lang='lat' dir='ltr'><strong>usum</strong></span> <span class='ocrx_word' id='word_1_26' title='bbox 1014 650 1211 714; x_wconf 88' lang='lat' dir='ltr'><strong>fuisse</strong></span> <span class='ocrx_word' id='word_1_27' title='bbox 1270 653 1572 715; x_wconf 83' lang='lat' dir='ltr'><strong>novimus</strong></span> <span class='ocrx_word' id='word_1_28' title='bbox 1590 698 1608 727; x_wconf 91' lang='lat'><em>,</em></span> <span class='ocrx_word' id='word_1_29' title='bbox 1661 649 2175 736; x_wconf 77' lang='lat' dir='ltr'><strong>simplicissimae</strong></span> <span class='ocrx_word' id='word_1_30' title='bbox 2219 649 2320 714; x_wconf 89' lang='lat' dir='ltr'><strong>illi</strong></span> <span class='ocrx_word' id='word_1_31' title='bbox 2368 651 2619 716; x_wconf 84' lang='lat' dir='ltr'><strong>civitati</strong></span> 
     </span>
     <span class='ocr_line' id='line_1_5' title="bbox 266 750 2617 841; baseline -0 -22"><span class='ocrx_word' id='word_1_32' title='bbox 266 777 441 839; x_wconf 86' lang='lat' dir='ltr'><strong>quam</strong></span> <span class='ocrx_word' id='word_1_33' title='bbox 494 758 563 819; x_wconf 91' lang='lat' dir='ltr'><strong>in</strong></span> <span class='ocrx_word' id='word_1_34' title='bbox 605 757 993 841; x_wconf 79' lang='lat' dir='ltr'><strong>praegressis</strong></span> <span class='ocrx_word' id='word_1_35' title='bbox 1042 755 1455 841; x_wconf 90' lang='lat' dir='ltr'><strong>philosophus</strong></span> <span class='ocrx_word' id='word_1_36' title='bbox 1501 756 1804 823; x_wconf 79' lang='lat' dir='ltr'><strong>describit</strong></span> <span class='ocrx_word' id='word_1_37' title='bbox 1850 755 2126 820; x_wconf 77' lang='lat' dir='ltr'><strong>defuisse</strong></span> <span class='ocrx_word' id='word_1_38' title='bbox 2173 761 2238 821; x_wconf 87' lang='lat' dir='ltr'><strong>et</strong></span> <span class='ocrx_word' id='word_1_39' title='bbox 2277 750 2424 820; x_wconf 77' lang='lat' dir='ltr'><strong>mic</strong></span> <span class='ocrx_word' id='word_1_40' title='bbox 2468 775 2617 840; x_wconf 74' lang='lat' dir='ltr'><strong>pag.</strong></span> 
     </span>
     <span class='ocr_line' id='line_1_6' title="bbox 266 857 2618 948; baseline -0 -23"><span class='ocrx_word' id='word_1_41' title='bbox 266 857 459 926; x_wconf 81' lang='grc'>3701)</span> <span class='ocrx_word' id='word_1_42' title='bbox 517 860 806 948; x_wconf 81' lang='lat' dir='ltr'><strong>legamus</strong></span> <span class='ocrx_word' id='word_1_43' title='bbox 869 863 1019 926; x_wconf 67' lang='grc' dir='ltr'><strong><em>ἀλλ’</em></strong></span> <span class='ocrx_word' id='word_1_44' title='bbox 1065 863 1174 946; x_wconf 80' lang='grc' dir='ltr'><strong>οὑκ</strong></span> <span class='ocrx_word' id='word_1_45' title='bbox 1221 861 1297 927; x_wconf 68' lang='grc' dir='ltr'><strong><em>ἂν</em></strong></span> <span class='ocrx_word' id='word_1_46' title='bbox 1345 864 1509 927; x_wconf 74' lang='grc' dir='ltr'><strong><em>πάνυ</em></strong></span> <span class='ocrx_word' id='word_1_47' title='bbox 1558 886 1640 938; x_wconf 93' lang='grc' dir='ltr'><strong>γε</strong></span> <span class='ocrx_word' id='word_1_48' title='bbox 1687 861 1868 940; x_wconf 83' lang='grc' dir='ltr'><strong><em>μέγα</em></strong></span> <span class='ocrx_word' id='word_1_49' title='bbox 1916 884 1976 926; x_wconf 90' lang='grc' dir='ltr'><strong>τι</strong></span> <span class='ocrx_word' id='word_1_50' title='bbox 2024 859 2114 935; x_wconf 77' lang='grc' dir='ltr'><strong><em>εἴη</em></strong></span> <span class='ocrx_word' id='word_1_51' title='bbox 2163 867 2274 942; x_wconf 87' lang='lat' dir='ltr'><strong>(sc.</strong></span> <span class='ocrx_word' id='word_1_52' title='bbox 2325 861 2395 925; x_wconf 81' lang='grc' dir='ltr'><strong><em>τὸ</em></strong></span> <span class='ocrx_word' id='word_1_53' title='bbox 2445 861 2618 926; x_wconf 86' lang='grc' dir='ltr'><strong><em>πολί-</em></strong></span> 
     </span>
     <span class='ocr_line' id='line_1_7' title="bbox 266 965 2622 1046; baseline 0.001 -18"><span class='ocrx_word' id='word_1_54' title='bbox 266 972 443 1046; x_wconf 84' lang='grc' dir='ltr'><strong><em>χνιον)</em></strong></span> <span class='ocrx_word' id='word_1_55' title='bbox 502 969 553 1032; x_wconf 78' lang='grc' dir='ltr'><strong>εἰ</strong></span> <span class='ocrx_word' id='word_1_56' title='bbox 610 969 823 1037; x_wconf 80' lang='grc' dir='ltr'><strong><em>αὑτοῖς</em></strong></span> <span class='ocrx_word' id='word_1_57' title='bbox 884 966 1219 1045; x_wconf 77' lang='grc' dir='ltr'><strong><em>βουκόλους</em></strong></span> <span class='ocrx_word' id='word_1_58' title='bbox 1283 991 1353 1032; x_wconf 90' lang='grc' dir='ltr'><strong>τε</strong></span> <span class='ocrx_word' id='word_1_59' title='bbox 1418 967 1520 1031; x_wconf 78' lang='grc' dir='ltr'><strong>καὶ</strong></span> <span class='ocrx_word' id='word_1_60' title='bbox 1584 965 1883 1043; x_wconf 87' lang='grc' dir='ltr'><strong><em>ποιμένας</em></strong></span> <span class='ocrx_word' id='word_1_61' title='bbox 1944 966 2127 1039; x_wconf 79' lang='grc' dir='ltr'><strong><em>τούς</em></strong></span> <span class='ocrx_word' id='word_1_62' title='bbox 2177 989 2262 1031; x_wconf 89' lang='grc' dir='ltr'><strong>τε</strong></span> <span class='ocrx_word' id='word_1_63' title='bbox 2311 965 2622 1037; x_wconf 73' lang='grc' dir='ltr'><strong><em>ἄλλους</em></strong></span> 
     </span>
     <span class='ocr_line' id='line_1_8' title="bbox 268 1073 2623 1152; baseline 0.001 -17"><span class='ocrx_word' id='word_1_64' title='bbox 268 1075 539 1148; x_wconf 78' lang='grc' dir='ltr'><strong><em>νομέας</em></strong></span> <span class='ocrx_word' id='word_1_65' title='bbox 588 1075 947 1152; x_wconf 76' lang='grc' dir='ltr'><strong><em>προσθεῖμεν</em></strong></span> <span class='ocrx_word' id='word_1_66' title='bbox 995 1074 1147 1152; x_wconf 80' lang='grc' dir='ltr'><strong><em>κτὲ.,</em></strong></span> <span class='ocrx_word' id='word_1_67' title='bbox 1198 1073 1620 1139; x_wconf 88' lang='lat' dir='ltr'><strong>nihilominus</strong></span> <span class='ocrx_word' id='word_1_68' title='bbox 1657 1094 1876 1139; x_wconf 84' lang='lat' dir='ltr'><strong>revera</strong></span> <span class='ocrx_word' id='word_1_69' title='bbox 1913 1095 2040 1138; x_wconf 89' lang='lat' dir='ltr'><strong>non</strong></span> <span class='ocrx_word' id='word_1_70' title='bbox 2079 1073 2388 1138; x_wconf 89' lang='lat' dir='ltr'><strong>admissos</strong></span> <span class='ocrx_word' id='word_1_71' title='bbox 2427 1073 2623 1137; x_wconf 82' lang='lat' dir='ltr'><strong>fuisse</strong></span> 
     </span>
     <span class='ocr_line' id='line_1_9' title="bbox 268 1177 2622 1266; baseline 0 -24"><span class='ocrx_word' id='word_1_72' title='bbox 268 1177 539 1244; x_wconf 81' lang='lat' dir='ltr'><strong>subulcos</strong></span> <span class='ocrx_word' id='word_1_73' title='bbox 584 1201 857 1266; x_wconf 88' lang='lat' dir='ltr'><strong>suesque</strong></span> <span class='ocrx_word' id='word_1_74' title='bbox 900 1179 1261 1246; x_wconf 79' lang='lat' dir='ltr'><strong>luculenter</strong></span> <span class='ocrx_word' id='word_1_75' title='bbox 1305 1180 1533 1246; x_wconf 89' lang='lat' dir='ltr'><strong>docent</strong></span> <span class='ocrx_word' id='word_1_76' title='bbox 1570 1200 1734 1265; x_wconf 90' lang='lat' dir='ltr'><strong>quae</strong></span> <span class='ocrx_word' id='word_1_77' title='bbox 1770 1179 2012 1245; x_wconf 87' lang='lat' dir='ltr'><strong>ibidem</strong></span> <span class='ocrx_word' id='word_1_78' title='bbox 2055 1185 2358 1246; x_wconf 90' lang='lat' dir='ltr'><strong>secuntur</strong></span> <span class='ocrx_word' id='word_1_79' title='bbox 2394 1181 2622 1245; x_wconf 75' lang='lat' dir='ltr'><strong>verba:</strong></span> 
     </span>
     <span class='ocr_line' id='line_1_10' title="bbox 268 1281 2621 1368; baseline 0.002 -22"><span class='ocrx_word' id='word_1_80' title='bbox 268 1281 353 1347; x_wconf 78' lang='grc' dir='ltr'><strong><em>ἵνα</em></strong></span> <span class='ocrx_word' id='word_1_81' title='bbox 408 1281 469 1349; x_wconf 78' lang='grc' dir='ltr'><strong>οἵ</strong></span> <span class='ocrx_word' id='word_1_82' title='bbox 512 1309 581 1350; x_wconf 83' lang='grc' dir='ltr'><strong>τε</strong></span> <span class='ocrx_word' id='word_1_83' title='bbox 626 1287 887 1364; x_wconf 74' lang='grc' dir='ltr'><strong><em>γεωργοὶ</em></strong></span> <span class='ocrx_word' id='word_1_84' title='bbox 938 1286 1038 1350; x_wconf 75' lang='grc' dir='ltr'><strong>ἐπὶ</strong></span> <span class='ocrx_word' id='word_1_85' title='bbox 1088 1285 1157 1350; x_wconf 81' lang='grc' dir='ltr'><strong><em>τὸ</em></strong></span> <span class='ocrx_word' id='word_1_86' title='bbox 1205 1288 1380 1367; x_wconf 69' lang='grc' dir='ltr'><strong><em>ἀροῦν</em></strong></span> <span class='ocrx_word' id='word_1_87' title='bbox 1430 1285 1631 1365; x_wconf 78' lang='grc' dir='ltr'><strong><em>ἔχοιεν</em></strong></span> <span class='ocrx_word' id='word_1_88' title='bbox 1676 1285 1864 1364; x_wconf 82' lang='grc' dir='ltr'><strong><em>βοῦς,</em></strong></span> <span class='ocrx_word' id='word_1_89' title='bbox 1916 1284 1978 1350; x_wconf 72' lang='grc' dir='ltr'><strong>οἵ</strong></span> <span class='ocrx_word' id='word_1_90' title='bbox 2013 1311 2084 1350; x_wconf 86' lang='grc' dir='ltr'><strong>τε</strong></span> <span class='ocrx_word' id='word_1_91' title='bbox 2132 1285 2429 1362; x_wconf 75' lang='grc' dir='ltr'><strong><em>οἰκοδόμοι</em></strong></span> <span class='ocrx_word' id='word_1_92' title='bbox 2479 1285 2621 1368; x_wconf 81' lang='grc' dir='ltr'><strong><em>πρὸς</em></strong></span> 
     </span>
     <span class='ocr_line' id='line_1_11' title="bbox 268 1391 2625 1473; baseline 0.001 -21"><span class='ocrx_word' id='word_1_93' title='bbox 268 1391 369 1462; x_wconf 71' lang='grc' dir='ltr'><strong><em>τὰς</em></strong></span> <span class='ocrx_word' id='word_1_94' title='bbox 432 1393 696 1468; x_wconf 67' lang='grc' dir='ltr'><strong><em>ἀγωγὰς</em></strong></span> <span class='ocrx_word' id='word_1_95' title='bbox 758 1393 929 1467; x_wconf 72' lang='grc' dir='ltr'><strong><em>μετὰ</em></strong></span> <span class='ocrx_word' id='word_1_96' title='bbox 987 1399 1103 1456; x_wconf 83' lang='grc' dir='ltr'><strong>τῶν</strong></span> <span class='ocrx_word' id='word_1_97' title='bbox 1151 1398 1439 1472; x_wconf 78' lang='grc' dir='ltr'><strong><em>γεωργῶν</em></strong></span> <span class='ocrx_word' id='word_1_98' title='bbox 1485 1393 1748 1472; x_wconf 75' lang='grc' dir='ltr'><strong><em>χρῆσθαι</em></strong></span> <span class='ocrx_word' id='word_1_99' title='bbox 1799 1391 2179 1472; x_wconf 73' lang='grc' dir='ltr'><strong><em>ὑποζυγίοις,</em></strong></span> <span class='ocrx_word' id='word_1_100' title='bbox 2231 1392 2508 1473; x_wconf 72' lang='grc' dir='ltr'><strong><em>ὑφάνται</em></strong></span> <span class='ocrx_word' id='word_1_101' title='bbox 2563 1391 2625 1456; x_wconf 74' lang='grc' dir='ltr'><strong>δὲ</strong></span> 
     </span>
     <span class='ocr_line' id='line_1_12' title="bbox 272 1497 2628 1584; baseline 0.002 -26"><span class='ocrx_word' id='word_1_102' title='bbox 272 1497 361 1559; x_wconf 73' lang='grc' dir='ltr'><strong>καὶ</strong></span> <span class='ocrx_word' id='word_1_103' title='bbox 405 1497 762 1573; x_wconf 76' lang='grc' dir='ltr'><strong><em>σκυτοτόμοι</em></strong></span> <span class='ocrx_word' id='word_1_104' title='bbox 807 1497 1069 1574; x_wconf 75' lang='grc' dir='ltr'><strong><em>δέρμασί</em></strong></span> <span class='ocrx_word' id='word_1_105' title='bbox 1114 1523 1186 1562; x_wconf 90' lang='grc' dir='ltr'><strong>τε</strong></span> <span class='ocrx_word' id='word_1_106' title='bbox 1235 1498 1338 1562; x_wconf 81' lang='grc' dir='ltr'><strong>καὶ</strong></span> <span class='ocrx_word' id='word_1_107' title='bbox 1390 1499 1558 1576; x_wconf 75' lang='grc' dir='ltr'><strong><em>ἐρίοις</em></strong></span> <span class='ocrx_word' id='word_1_108' title='bbox 1582 1549 1599 1575; x_wconf 91' lang='grc'><strong><em>,</em></strong></span> <span class='ocrx_word' id='word_1_109' title='bbox 1647 1519 1854 1584; x_wconf 90' lang='lat' dir='ltr'><strong>neque</strong></span> <span class='ocrx_word' id='word_1_110' title='bbox 1900 1499 2142 1576; x_wconf 85' lang='lat' dir='ltr'><strong>adhuc,</strong></span> <span class='ocrx_word' id='word_1_111' title='bbox 2183 1505 2258 1563; x_wconf 80' lang='lat' dir='ltr'><strong>ut</strong></span> <span class='ocrx_word' id='word_1_112' title='bbox 2298 1500 2628 1584; x_wconf 88' lang='lat' dir='ltr'><strong>sequentia</strong></span> 
     </span>
     <span class='ocr_line' id='line_1_13' title="bbox 272 1600 2623 1688; baseline 0.001 -23"><span class='ocrx_word' id='word_1_113' title='bbox 272 1600 478 1666; x_wconf 82' lang='lat' dir='ltr'><strong>docent</strong></span> <span class='ocrx_word' id='word_1_114' title='bbox 494 1651 509 1680; x_wconf 87' lang='lat'><strong><em>,</em></strong></span> <span class='ocrx_word' id='word_1_115' title='bbox 576 1605 881 1688; x_wconf 80' lang='lat' dir='ltr'><strong>pristinae</strong></span> <span class='ocrx_word' id='word_1_116' title='bbox 952 1603 1134 1668; x_wconf 81' lang='lat' dir='ltr'><strong>illius</strong></span> <span class='ocrx_word' id='word_1_117' title='bbox 1203 1605 1485 1669; x_wconf 82' lang='lat' dir='ltr'><strong>civitatis</strong></span> <span class='ocrx_word' id='word_1_118' title='bbox 1554 1603 1798 1669; x_wconf 80' lang='lat' dir='ltr'><strong>incolae</strong></span> <span class='ocrx_word' id='word_1_119' title='bbox 1847 1604 2138 1669; x_wconf 87' lang='lat' dir='ltr'><strong>carnibus</strong></span> <span class='ocrx_word' id='word_1_120' title='bbox 2186 1605 2623 1671; x_wconf 85' lang='lat' dir='ltr'><strong>vescebantur.</strong></span> 
     </span>
     <span class='ocr_line' id='line_1_14' title="bbox 272 1706 2628 1797; baseline 0.001 -25"><span class='ocrx_word' id='word_1_121' title='bbox 272 1706 542 1772; x_wconf 85' lang='lat' dir='ltr'><strong>Solarum</strong></span> <span class='ocrx_word' id='word_1_122' title='bbox 600 1711 808 1795; x_wconf 80' lang='lat' dir='ltr'><strong>igitur</strong></span> <span class='ocrx_word' id='word_1_123' title='bbox 868 1711 1158 1774; x_wconf 88' lang='lat' dir='ltr'><strong>carnium</strong></span> <span class='ocrx_word' id='word_1_124' title='bbox 1203 1730 1393 1774; x_wconf 88' lang='lat' dir='ltr'><strong>causa</strong></span> <span class='ocrx_word' id='word_1_125' title='bbox 1439 1731 1585 1774; x_wconf 90' lang='lat' dir='ltr'><strong>sues</strong></span> <span class='ocrx_word' id='word_1_126' title='bbox 1634 1709 1866 1775; x_wconf 86' lang='lat' dir='ltr'><strong>aluisse</strong></span> <span class='ocrx_word' id='word_1_127' title='bbox 1916 1707 2189 1776; x_wconf 82' lang='lat' dir='ltr'><strong>Graecos</strong></span> <span class='ocrx_word' id='word_1_128' title='bbox 2237 1713 2628 1797; x_wconf 79' lang='lat' dir='ltr'><strong>antiquiores</strong></span> 
     </span>
     <span class='ocr_line' id='line_1_15' title="bbox 274 1813 2632 1894; baseline 0.002 -18"><span class='ocrx_word' id='word_1_129' title='bbox 274 1819 331 1876; x_wconf 83' lang='lat' dir='ltr'><strong>et</strong></span> <span class='ocrx_word' id='word_1_130' title='bbox 368 1816 639 1879; x_wconf 86' lang='lat' dir='ltr'><strong>carmina</strong></span> <span class='ocrx_word' id='word_1_131' title='bbox 683 1813 1025 1880; x_wconf 88' lang='lat' dir='ltr'><strong>Homerica</strong></span> <span class='ocrx_word' id='word_1_132' title='bbox 1074 1821 1139 1880; x_wconf 89' lang='lat' dir='ltr'><strong>et</strong></span> <span class='ocrx_word' id='word_1_133' title='bbox 1182 1815 1287 1879; x_wconf 86' lang='lat' dir='ltr'><strong>hic</strong></span> <span class='ocrx_word' id='word_1_134' title='bbox 1335 1813 1622 1880; x_wconf 87' lang='lat' dir='ltr'><strong>Platonis</strong></span> <span class='ocrx_word' id='word_1_135' title='bbox 1666 1814 1844 1881; x_wconf 89' lang='lat' dir='ltr'><strong>locus</strong></span> <span class='ocrx_word' id='word_1_136' title='bbox 1891 1815 2149 1894; x_wconf 90' lang='lat' dir='ltr'><strong>docent,</strong></span> <span class='ocrx_word' id='word_1_137' title='bbox 2191 1838 2306 1881; x_wconf 91' lang='lat' dir='ltr'><strong>nec</strong></span> <span class='ocrx_word' id='word_1_138' title='bbox 2346 1823 2632 1882; x_wconf 88' lang='lat' dir='ltr'><strong>setarum</strong></span> 
     </span>
     <span class='ocr_line' id='line_1_16' title="bbox 274 1917 2627 2008; baseline 0.002 -26"><span class='ocrx_word' id='word_1_139' title='bbox 274 1917 459 1985; x_wconf 85' lang='lat' dir='ltr'><strong>alium</strong></span> <span class='ocrx_word' id='word_1_140' title='bbox 500 1943 690 1986; x_wconf 88' lang='lat' dir='ltr'><strong>usum</strong></span> <span class='ocrx_word' id='word_1_141' title='bbox 736 1924 890 1988; x_wconf 84' lang='lat' dir='ltr'><strong>novi</strong></span> <span class='ocrx_word' id='word_1_142' title='bbox 937 1941 1130 2007; x_wconf 88' lang='lat' dir='ltr'><strong>quam</strong></span> <span class='ocrx_word' id='word_1_143' title='bbox 1178 1923 1291 2007; x_wconf 89' lang='lat' dir='ltr'><strong>qui</strong></span> <span class='ocrx_word' id='word_1_144' title='bbox 1336 1924 1405 1986; x_wconf 89' lang='lat' dir='ltr'><strong>in</strong></span> <span class='ocrx_word' id='word_1_145' title='bbox 1452 1921 1708 2008; x_wconf 81' lang='lat' dir='ltr'><strong>flag-ello</strong></span> <span class='ocrx_word' id='word_1_146' title='bbox 1755 1922 2034 2007; x_wconf 88' lang='lat' dir='ltr'><strong>quodam</strong></span> <span class='ocrx_word' id='word_1_147' title='bbox 2085 1922 2388 2002; x_wconf 75' lang='grc' dir='ltr'><strong><em>ὑστριχίδι</em></strong></span> <span class='ocrx_word' id='word_1_148' title='bbox 2439 1922 2627 2000; x_wconf 68' lang='lat' dir='ltr'><strong>dioto,</strong></span> 
     </span>
     <span class='ocr_line' id='line_1_17' title="bbox 278 2027 1533 2113; baseline 0.002 -23"><span class='ocrx_word' id='word_1_149' title='bbox 278 2047 385 2110; x_wconf 89' lang='lat' dir='ltr'><strong>quo</strong></span> <span class='ocrx_word' id='word_1_150' title='bbox 428 2031 595 2094; x_wconf 86' lang='lat' dir='ltr'><strong>servi</strong></span> <span class='ocrx_word' id='word_1_151' title='bbox 639 2027 1078 2106; x_wconf 86' lang='lat' dir='ltr'><strong>caedebantur,</strong></span> <span class='ocrx_word' id='word_1_152' title='bbox 1126 2030 1533 2113; x_wconf 87' lang='lat' dir='ltr'><strong>conspicitur.</strong></span> 
     </span>
    </p>

    <p class='ocr_par' dir='ltr' id='par_1_3' title="bbox 280 2127 2638 2748">
     <span class='ocr_line' id='line_1_18' title="bbox 354 2127 2626 2214; baseline 0.001 -18"><span class='ocrx_word' id='word_1_153' title='bbox 354 2133 425 2197; x_wconf 89' lang='lat' dir='ltr'><strong>P.</strong></span> <span class='ocrx_word' id='word_1_154' title='bbox 470 2131 701 2200; x_wconf 69' lang='lat'><strong>376132.</strong></span> <span class='ocrx_word' id='word_1_155' title='bbox 764 2136 881 2204; x_wconf 87' lang='grc' dir='ltr'><strong><em>Τίς</em></strong></span> <span class='ocrx_word' id='word_1_156' title='bbox 943 2127 1040 2198; x_wconf 83' lang='grc' dir='ltr'><strong><em>οὑν</em></strong></span> <span class='ocrx_word' id='word_1_157' title='bbox 1106 2135 1141 2208; x_wconf 76' lang='grc' dir='ltr'><em>ἦ</em></span> <span class='ocrx_word' id='word_1_158' title='bbox 1206 2133 1499 2211; x_wconf 68' lang='grc' dir='ltr'><strong><em>παιδείας</em></strong></span> <span class='ocrx_word' id='word_1_159' title='bbox 1564 2134 1600 2208; x_wconf 75' lang='grc' dir='ltr'>ἢ</span> <span class='ocrx_word' id='word_1_160' title='bbox 1650 2133 1942 2214; x_wconf 81' lang='grc' dir='ltr'><strong><em>χαλεπὸν</em></strong></span> <span class='ocrx_word' id='word_1_161' title='bbox 1990 2135 2180 2214; x_wconf 79' lang='grc' dir='ltr'><strong><em>εὑρεῖν</em></strong></span> <span class='ocrx_word' id='word_1_162' title='bbox 2223 2132 2464 2211; x_wconf 89' lang='grc' dir='ltr'><strong><em>βελτίω</em></strong></span> <span class='ocrx_word' id='word_1_163' title='bbox 2516 2141 2626 2207; x_wconf 75' lang='grc' dir='ltr'><strong><em>τῆς</em></strong></span> 
     </span>
     <span class='ocr_line' id='line_1_19' title="bbox 280 2237 2632 2320; baseline 0.003 -21"><span class='ocrx_word' id='word_1_164' title='bbox 280 2237 390 2302; x_wconf 71' lang='grc' dir='ltr'><strong>ἀπὸ</strong></span> <span class='ocrx_word' id='word_1_165' title='bbox 448 2245 550 2304; x_wconf 80' lang='grc' dir='ltr'><strong><em>τοῦ</em></strong></span> <span class='ocrx_word' id='word_1_166' title='bbox 612 2245 847 2304; x_wconf 83' lang='grc' dir='ltr'><strong><em>πολλοῦ</em></strong></span> <span class='ocrx_word' id='word_1_167' title='bbox 912 2241 1126 2319; x_wconf 85' lang='grc' dir='ltr'><strong><em>χρόνου</em></strong></span> <span class='ocrx_word' id='word_1_168' title='bbox 1187 2240 1515 2317; x_wconf 75' lang='grc' dir='ltr'><strong><em>εὑρημένης</em></strong></span> <span class='ocrx_word' id='word_1_169' title='bbox 1579 2239 1651 2319; x_wconf 91' lang='lat' dir='ltr'><strong>(l.</strong></span> <span class='ocrx_word' id='word_1_170' title='bbox 1701 2241 1891 2320; x_wconf 75' lang='grc' dir='ltr'><strong><em>ηὑρ.);</em></strong></span> <span class='ocrx_word' id='word_1_171' title='bbox 1956 2237 2086 2305; x_wconf 78' lang='grc' dir='ltr'><strong><em>ἔστι</em></strong></span> <span class='ocrx_word' id='word_1_172' title='bbox 2155 2238 2219 2304; x_wconf 76' lang='grc' dir='ltr'><strong>δέ</strong></span> <span class='ocrx_word' id='word_1_173' title='bbox 2268 2263 2384 2304; x_wconf 91' lang='grc' dir='ltr'><strong>που</strong></span> <span class='ocrx_word' id='word_1_174' title='bbox 2436 2243 2472 2316; x_wconf 73' lang='grc' dir='ltr'><strong><em>ἡ</em></strong></span> <span class='ocrx_word' id='word_1_175' title='bbox 2517 2264 2632 2318; x_wconf 86' lang='grc' dir='ltr'><strong>μεν</strong></span> 
     </span>
     <span class='ocr_line' id='line_1_20' title="bbox 282 2343 2634 2425; baseline 0.003 -21"><span class='ocrx_word' id='word_1_176' title='bbox 282 2343 369 2406; x_wconf 71' lang='grc' dir='ltr'><strong>ἐπὶ</strong></span> <span class='ocrx_word' id='word_1_177' title='bbox 412 2345 667 2424; x_wconf 62' lang='lat' dir='ltr'><strong>adunci</strong></span> <span class='ocrx_word' id='word_1_178' title='bbox 716 2347 1153 2424; x_wconf 74' lang='grc' dir='ltr'><strong><em>γυμναστική,</em></strong></span> <span class='ocrx_word' id='word_1_179' title='bbox 1205 2348 1238 2421; x_wconf 80' lang='grc' dir='ltr'><strong><em>ἦ</em></strong></span> <span class='ocrx_word' id='word_1_180' title='bbox 1290 2344 1343 2408; x_wconf 77' lang='grc' dir='ltr'><strong>δ’</strong></span> <span class='ocrx_word' id='word_1_181' title='bbox 1396 2345 1495 2408; x_wconf 77' lang='grc' dir='ltr'><strong>ἐπὶ</strong></span> <span class='ocrx_word' id='word_1_182' title='bbox 1545 2348 1779 2425; x_wconf 82' lang='grc' dir='ltr'><strong><em>ψυχΗΙ</em></strong></span> <span class='ocrx_word' id='word_1_183' title='bbox 1827 2348 2108 2422; x_wconf 71' lang='grc' dir='ltr'><strong><em>μουσική.</em></strong></span> <span class='ocrx_word' id='word_1_184' title='bbox 2157 2345 2301 2410; x_wconf 90' lang='lat' dir='ltr'><strong>Non</strong></span> <span class='ocrx_word' id='word_1_185' title='bbox 2349 2346 2520 2410; x_wconf 82' lang='lat' dir='ltr'><strong>cadit</strong></span> <span class='ocrx_word' id='word_1_186' title='bbox 2564 2349 2634 2410; x_wconf 89' lang='lat' dir='ltr'><strong>in</strong></span> 
     </span>
     <span class='ocr_line' id='line_1_21' title="bbox 282 2445 2638 2538; baseline 0.002 -27"><span class='ocrx_word' id='word_1_187' title='bbox 282 2468 613 2516; x_wconf 84' lang='lat' dir='ltr'><strong>sermonem</strong></span> <span class='ocrx_word' id='word_1_188' title='bbox 678 2450 1087 2516; x_wconf 89' lang='lat' dir='ltr'><strong>Platonicum</strong></span> <span class='ocrx_word' id='word_1_189' title='bbox 1155 2457 1335 2516; x_wconf 89' lang='lat' dir='ltr'><strong>tanta</strong></span> <span class='ocrx_word' id='word_1_190' title='bbox 1402 2453 1858 2515; x_wconf 84' lang='lat' dir='ltr'><strong>inconcinnitas</strong></span> <span class='ocrx_word' id='word_1_191' title='bbox 1875 2500 1892 2529; x_wconf 90' lang='lat'><em>,</em></span> <span class='ocrx_word' id='word_1_192' title='bbox 1978 2445 2452 2538; x_wconf 77' lang='lat' dir='ltr'><strong>requin‘turque</strong></span> <span class='ocrx_word' id='word_1_193' title='bbox 2524 2457 2638 2516; x_wconf 89' lang='lat' dir='ltr'><strong>aut</strong></span> 
     </span>
     <span class='ocr_line' id='line_1_22' title="bbox 283 2555 2638 2640; baseline 0.003 -25"><span class='ocrx_word' id='word_1_194' title='bbox 283 2555 535 2640; x_wconf 77' lang='grc' dir='ltr'><strong><em>σώματι,</em></strong></span> <span class='ocrx_word' id='word_1_195' title='bbox 582 2562 697 2622; x_wconf 86' lang='lat' dir='ltr'><strong>aut</strong></span> <span class='ocrx_word' id='word_1_196' title='bbox 741 2565 989 2638; x_wconf 83' lang='grc' dir='ltr'><strong><em>ψυχαῖς</em></strong></span> <span class='ocrx_word' id='word_1_197' title='bbox 1010 2605 1027 2636; x_wconf 87' lang='grc'><em>,</em></span> <span class='ocrx_word' id='word_1_198' title='bbox 1077 2558 1187 2623; x_wconf 90' lang='lat' dir='ltr'><strong>sed</strong></span> <span class='ocrx_word' id='word_1_199' title='bbox 1232 2563 1459 2624; x_wconf 85' lang='lat' dir='ltr'><strong>utrum</strong></span> <span class='ocrx_word' id='word_1_200' title='bbox 1504 2556 1749 2622; x_wconf 87' lang='lat' dir='ltr'><strong>dederit</strong></span> <span class='ocrx_word' id='word_1_201' title='bbox 1794 2555 2048 2622; x_wconf 85' lang='lat' dir='ltr'><strong>difficile</strong></span> <span class='ocrx_word' id='word_1_202' title='bbox 2096 2558 2272 2623; x_wconf 88' lang='lat' dir='ltr'><strong>dictu</strong></span> <span class='ocrx_word' id='word_1_203' title='bbox 2319 2565 2435 2624; x_wconf 88' lang='lat' dir='ltr'><strong>est.</strong></span> <span class='ocrx_word' id='word_1_204' title='bbox 2486 2557 2638 2624; x_wconf 91' lang='lat' dir='ltr'><strong>Plu-</strong></span> 
     </span>
     <span class='ocr_line' id='line_1_23' title="bbox 280 2659 937 2748; baseline 0.006 -23"><span class='ocrx_word' id='word_1_205' title='bbox 280 2659 415 2724; x_wconf 82' lang='lat' dir='ltr'><strong>ralis</strong></span> <span class='ocrx_word' id='word_1_206' title='bbox 455 2667 549 2728; x_wconf 85' lang='lat' dir='ltr'><strong>est</strong></span> <span class='ocrx_word' id='word_1_207' title='bbox 594 2685 657 2748; x_wconf 93' lang='lat' dir='ltr'><strong>p.</strong></span> <span class='ocrx_word' id='word_1_208' title='bbox 708 2661 839 2729; x_wconf 83' lang='lat'><strong>377</strong></span> <span class='ocrx_word' id='word_1_209' title='bbox 866 2661 937 2729; x_wconf 85' lang='lat' dir='ltr'><strong>O.</strong></span> 
     </span>
    </p>

    <p class='ocr_par' dir='ltr' id='par_1_4' title="bbox 284 2766 2650 4448">
     <span class='ocr_line' id='line_1_24' title="bbox 358 2766 2640 2851; baseline 0.002 -19"><span class='ocrx_word' id='word_1_210' title='bbox 358 2767 427 2832; x_wconf 91' lang='lat' dir='ltr'><strong>P.</strong></span> <span class='ocrx_word' id='word_1_211' title='bbox 475 2767 603 2834; x_wconf 85' lang='lat'><strong>378</strong></span> <span class='ocrx_word' id='word_1_212' title='bbox 628 2769 702 2833; x_wconf 94' lang='grc' dir='ltr'><strong>Β.</strong></span> <span class='ocrx_word' id='word_1_213' title='bbox 772 2768 932 2834; x_wconf 78' lang='grc' dir='ltr'><strong><em>Οὑδέ</em></strong></span> <span class='ocrx_word' id='word_1_214' title='bbox 998 2793 1111 2847; x_wconf 90' lang='grc' dir='ltr'><strong>γε,</strong></span> <span class='ocrx_word' id='word_1_215' title='bbox 1176 2766 1245 2843; x_wconf 74' lang='grc' dir='ltr'><strong><em>ἦν</em></strong></span> <span class='ocrx_word' id='word_1_216' title='bbox 1307 2769 1361 2833; x_wconf 78' lang='grc' dir='ltr'><strong>δ’</strong></span> <span class='ocrx_word' id='word_1_217' title='bbox 1409 2769 1567 2847; x_wconf 77' lang='grc' dir='ltr'><strong><em>ἐγώ,</em></strong></span> <span class='ocrx_word' id='word_1_218' title='bbox 1631 2769 1701 2834; x_wconf 83' lang='grc' dir='ltr'><strong><em>τὸ</em></strong></span> <span class='ocrx_word' id='word_1_219' title='bbox 1766 2768 2072 2850; x_wconf 73' lang='grc' dir='ltr'><strong><em>παράπαν</em></strong></span> <span class='ocrx_word' id='word_1_220' title='bbox 2135 2770 2640 2851; x_wconf 67' lang='grc' dir='ltr'><strong><em>(θα-ἐπιτήδειον</em></strong></span> 
     </span>
     <span class='ocr_line' id='line_1_25' title="bbox 285 2870 2640 2956; baseline 0.003 -20"><span class='ocrx_word' id='word_1_221' title='bbox 285 2870 510 2956; x_wconf 89' lang='grc' dir='ltr'><strong><em>λέγειν),</em></strong></span> <span class='ocrx_word' id='word_1_222' title='bbox 574 2877 651 2948; x_wconf 78' lang='grc' dir='ltr'><strong>ὡς</strong></span> <span class='ocrx_word' id='word_1_223' title='bbox 700 2875 867 2941; x_wconf 73' lang='grc' dir='ltr'><strong><em>θεοὶ</em></strong></span> <span class='ocrx_word' id='word_1_224' title='bbox 917 2877 1127 2947; x_wconf 80' lang='grc' dir='ltr'><strong><em>θεοῖς</em></strong></span> <span class='ocrx_word' id='word_1_225' title='bbox 1178 2877 1521 2951; x_wconf 81' lang='grc' dir='ltr'><strong><em>πολεμοῦσί</em></strong></span> <span class='ocrx_word' id='word_1_226' title='bbox 1562 2898 1635 2939; x_wconf 85' lang='grc' dir='ltr'><strong>τε</strong></span> <span class='ocrx_word' id='word_1_227' title='bbox 1681 2875 1788 2940; x_wconf 73' lang='grc' dir='ltr'><strong>καὶ</strong></span> <span class='ocrx_word' id='word_1_228' title='bbox 1836 2875 2306 2954; x_wconf 72' lang='grc' dir='ltr'><strong><em>ἐπιβουλεύουσι</em></strong></span> <span class='ocrx_word' id='word_1_229' title='bbox 2360 2877 2464 2942; x_wconf 78' lang='grc' dir='ltr'><strong>καὶ</strong></span> <span class='ocrx_word' id='word_1_230' title='bbox 2515 2877 2640 2953; x_wconf 85' lang='grc' dir='ltr'><strong><em>μα’-</em></strong></span> 
     </span>
     <span class='ocr_line' id='line_1_26' title="bbox 284 2981 2639 3068; baseline 0.002 -25"><span class='ocrx_word' id='word_1_231' title='bbox 284 3001 477 3058; x_wconf 83' lang='grc' dir='ltr'><strong><em>χονται</em></strong></span> <span class='ocrx_word' id='word_1_232' title='bbox 527 3021 613 3033; x_wconf 94' lang='grc'>-</span> <span class='ocrx_word' id='word_1_233' title='bbox 661 2983 795 3049; x_wconf 71' lang='grc' dir='ltr'><strong><em>οὑδὲ</em></strong></span> <span class='ocrx_word' id='word_1_234' title='bbox 863 2983 990 3063; x_wconf 71' lang='grc' dir='ltr'><strong>γὰρ</strong></span> <span class='ocrx_word' id='word_1_235' title='bbox 1062 2985 1260 3058; x_wconf 68' lang='grc' dir='ltr'><strong><em>ἀληθῆ</em></strong></span> <span class='ocrx_word' id='word_1_236' title='bbox 1311 3019 1416 3068; x_wconf 87' lang='lat'><strong>-,</strong></span> <span class='ocrx_word' id='word_1_237' title='bbox 1466 2981 1526 3047; x_wconf 79' lang='grc' dir='ltr'><strong>εἴ</strong></span> <span class='ocrx_word' id='word_1_238' title='bbox 1584 3006 1664 3060; x_wconf 92' lang='grc' dir='ltr'><strong>γε</strong></span> <span class='ocrx_word' id='word_1_239' title='bbox 1729 2983 1827 3048; x_wconf 77' lang='grc' dir='ltr'><strong>δεῖ</strong></span> <span class='ocrx_word' id='word_1_240' title='bbox 1886 2985 2032 3058; x_wconf 73' lang='grc' dir='ltr'><strong><em>ἡμῖν</em></strong></span> <span class='ocrx_word' id='word_1_241' title='bbox 2094 2985 2234 3055; x_wconf 81' lang='grc' dir='ltr'><strong><em>τοὺς</em></strong></span> <span class='ocrx_word' id='word_1_242' title='bbox 2283 2984 2639 3060; x_wconf 86' lang='grc' dir='ltr'><strong><em>μέλλοντας</em></strong></span> 
     </span>
     <span class='ocr_line' id='line_1_27' title="bbox 286 3085 2644 3172; baseline 0.003 -23"><span class='ocrx_word' id='word_1_243' title='bbox 286 3090 378 3160; x_wconf 66' lang='grc' dir='ltr'><strong><em>τὴν</em></strong></span> <span class='ocrx_word' id='word_1_244' title='bbox 414 3091 589 3154; x_wconf 81' lang='grc' dir='ltr'><strong><em>πόλιν</em></strong></span> <span class='ocrx_word' id='word_1_245' title='bbox 626 3087 935 3168; x_wconf 67' lang='grc' dir='ltr'><strong><em>Φυλάξειν</em></strong></span> <span class='ocrx_word' id='word_1_246' title='bbox 974 3089 1303 3169; x_wconf 74' lang='grc' dir='ltr'><strong><em>αἴσχιστον</em></strong></span> <span class='ocrx_word' id='word_1_247' title='bbox 1344 3085 1604 3166; x_wconf 86' lang='grc' dir='ltr'><strong><em>νομίζειν</em></strong></span> <span class='ocrx_word' id='word_1_248' title='bbox 1643 3088 1715 3152; x_wconf 84' lang='grc' dir='ltr'><strong><em>τὸ</em></strong></span> <span class='ocrx_word' id='word_1_249' title='bbox 1756 3090 1968 3171; x_wconf 71' lang='grc' dir='ltr'><strong><em>ῥᾳδίως</em></strong></span> <span class='ocrx_word' id='word_1_250' title='bbox 2011 3090 2309 3165; x_wconf 68' lang='grc' dir='ltr'><strong><em>ἀλλήλοις</em></strong></span> <span class='ocrx_word' id='word_1_251' title='bbox 2354 3090 2644 3172; x_wconf 69' lang='grc' dir='ltr'><strong><em>ἀπεχθά-</em></strong></span> 
     </span>
     <span class='ocr_line' id='line_1_28' title="bbox 286 3194 2638 3273; baseline 0.003 -20"><span class='ocrx_word' id='word_1_252' title='bbox 286 3195 483 3261; x_wconf 77' lang='grc' dir='ltr'><strong><em>νεσθαι.</em></strong></span> <span class='ocrx_word' id='word_1_253' title='bbox 542 3199 775 3260; x_wconf 85' lang='grc' dir='ltr'><strong><em>πολλοῦ</em></strong></span> <span class='ocrx_word' id='word_1_254' title='bbox 821 3219 901 3272; x_wconf 90' lang='grc' dir='ltr'><strong>γε</strong></span> <span class='ocrx_word' id='word_1_255' title='bbox 948 3195 1045 3261; x_wconf 73' lang='grc' dir='ltr'><strong>δεῖ</strong></span> <span class='ocrx_word' id='word_1_256' title='bbox 1084 3195 1614 3273; x_wconf 70' lang='grc' dir='ltr'><strong><em>γιγαντομαχίας</em></strong></span> <span class='ocrx_word' id='word_1_257' title='bbox 1659 3219 1729 3259; x_wconf 90' lang='grc' dir='ltr'><strong>τε</strong></span> <span class='ocrx_word' id='word_1_258' title='bbox 1778 3194 2232 3272; x_wconf 77' lang='grc' dir='ltr'><strong><em>μυθολογητέον</em></strong></span> <span class='ocrx_word' id='word_1_259' title='bbox 2276 3198 2485 3269; x_wconf 83' lang='grc' dir='ltr'><strong><em>αὐτοῖς</em></strong></span> <span class='ocrx_word' id='word_1_260' title='bbox 2536 3197 2638 3261; x_wconf 71' lang='grc' dir='ltr'><strong>καὶ</strong></span> 
     </span>
     <span class='ocr_line' id='line_1_29' title="bbox 287 3298 2639 3381; baseline 0.003 -21"><span class='ocrx_word' id='word_1_261' title='bbox 287 3301 620 3380; x_wconf 78' lang='grc' dir='ltr'><strong><em>ποικιλτέον,</em></strong></span> <span class='ocrx_word' id='word_1_262' title='bbox 685 3301 789 3365; x_wconf 75' lang='grc' dir='ltr'><strong>καὶ</strong></span> <span class='ocrx_word' id='word_1_263' title='bbox 852 3298 1060 3373; x_wconf 73' lang='grc' dir='ltr'><strong><em>ἄλλως</em></strong></span> <span class='ocrx_word' id='word_1_264' title='bbox 1128 3298 1355 3381; x_wconf 79' lang='grc' dir='ltr'><strong><em>ἔχθρας</em></strong></span> <span class='ocrx_word' id='word_1_265' title='bbox 1411 3301 1658 3370; x_wconf 75' lang='grc' dir='ltr'><strong><em>πολλὰς</em></strong></span> <span class='ocrx_word' id='word_1_266' title='bbox 1708 3300 1813 3363; x_wconf 80' lang='grc' dir='ltr'><strong>καὶ</strong></span> <span class='ocrx_word' id='word_1_267' title='bbox 1862 3299 2274 3374; x_wconf 73' lang='grc' dir='ltr'><strong><em>παντοδαπὰς</em></strong></span> <span class='ocrx_word' id='word_1_268' title='bbox 2325 3304 2509 3366; x_wconf 76' lang='grc' dir='ltr'><strong><em>θεῶν</em></strong></span> <span class='ocrx_word' id='word_1_269' title='bbox 2555 3325 2639 3367; x_wconf 90' lang='grc' dir='ltr'><strong>τε</strong></span> 
     </span>
     <span class='ocr_line' id='line_1_30' title="bbox 291 3406 2641 3488; baseline 0.002 -20"><span class='ocrx_word' id='word_1_270' title='bbox 291 3409 407 3470; x_wconf 77' lang='grc' dir='ltr'><strong>καὶ</strong></span> <span class='ocrx_word' id='word_1_271' title='bbox 468 3409 712 3488; x_wconf 70' lang='grc' dir='ltr'><strong><em>ἡρώων</em></strong></span> <span class='ocrx_word' id='word_1_272' title='bbox 780 3407 925 3487; x_wconf 78' lang='grc' dir='ltr'><strong><em>πρὸς</em></strong></span> <span class='ocrx_word' id='word_1_273' title='bbox 988 3415 1316 3484; x_wconf 82' lang='grc' dir='ltr'><strong><em>συγγενεῖς</em></strong></span> <span class='ocrx_word' id='word_1_274' title='bbox 1380 3430 1449 3471; x_wconf 85' lang='grc' dir='ltr'><strong>τε</strong></span> <span class='ocrx_word' id='word_1_275' title='bbox 1499 3406 1607 3471; x_wconf 72' lang='grc' dir='ltr'><strong>καὶ</strong></span> <span class='ocrx_word' id='word_1_276' title='bbox 1654 3406 1903 3477; x_wconf 75' lang='grc' dir='ltr'><strong><em>οἰκείους</em></strong></span> <span class='ocrx_word' id='word_1_277' title='bbox 1949 3409 2171 3486; x_wconf 80' lang='grc' dir='ltr'><strong><em>αὐτῶν,</em></strong></span> <span class='ocrx_word' id='word_1_278' title='bbox 2221 3409 2370 3472; x_wconf 69' lang='grc' dir='ltr'><strong><em>ἀλλ’</em></strong></span> <span class='ocrx_word' id='word_1_279' title='bbox 2413 3407 2473 3473; x_wconf 69' lang='grc' dir='ltr'><strong>εἴ</strong></span> <span class='ocrx_word' id='word_1_280' title='bbox 2515 3431 2641 3479; x_wconf 89' lang='grc' dir='ltr'><strong>πως</strong></span> 
     </span>
     <span class='ocr_line' id='line_1_31' title="bbox 292 3508 2640 3594; baseline 0 -16"><span class='ocrx_word' id='word_1_281' title='bbox 292 3515 576 3590; x_wconf 77' lang='grc' dir='ltr'><strong><em>μέλλομεν</em></strong></span> <span class='ocrx_word' id='word_1_282' title='bbox 614 3514 845 3578; x_wconf 85' lang='grc' dir='ltr'><strong><em>πείσειν</em></strong></span> <span class='ocrx_word' id='word_1_283' title='bbox 885 3515 959 3585; x_wconf 80' lang='grc' dir='ltr'><strong>ὥς</strong></span> <span class='ocrx_word' id='word_1_284' title='bbox 1004 3511 1192 3583; x_wconf 72' lang='grc' dir='ltr'><strong><em>οὐδεὶς</em></strong></span> <span class='ocrx_word' id='word_1_285' title='bbox 1218 3510 1465 3577; x_wconf 79' lang='grc' dir='ltr'><strong><em>πώποτε</em></strong></span> <span class='ocrx_word' id='word_1_286' title='bbox 1505 3514 1849 3585; x_wconf 79' lang='grc' dir='ltr'><strong><em>πολίτης</em></strong></span> <span class='ocrx_word' id='word_1_287' title='bbox 1893 3508 2086 3590; x_wconf 76' lang='grc' dir='ltr'><strong><em>ἕτερος</em></strong></span> <span class='ocrx_word' id='word_1_288' title='bbox 2115 3512 2292 3593; x_wconf 74' lang='grc' dir='ltr'><strong><em>ἑτέρω</em></strong></span> <span class='ocrx_word' id='word_1_289' title='bbox 2317 3513 2640 3594; x_wconf 69' lang='grc' dir='ltr'><strong><em>ἀπήχθετο</em></strong></span> 
     </span>
     <span class='ocr_line' id='line_1_32' title="bbox 292 3616 2640 3698; baseline 0 -16"><span class='ocrx_word' id='word_1_290' title='bbox 292 3619 393 3683; x_wconf 73' lang='grc' dir='ltr'><strong>οὐδ’</strong></span> <span class='ocrx_word' id='word_1_291' title='bbox 455 3618 580 3686; x_wconf 76' lang='grc' dir='ltr'><strong><em>ἔστι</em></strong></span> <span class='ocrx_word' id='word_1_292' title='bbox 652 3625 833 3684; x_wconf 83' lang='grc' dir='ltr'><strong><em>τοῦτο</em></strong></span> <span class='ocrx_word' id='word_1_293' title='bbox 893 3616 1067 3697; x_wconf 74' lang='grc' dir='ltr'><strong><em>ὅσιον,</em></strong></span> <span class='ocrx_word' id='word_1_294' title='bbox 1132 3624 1397 3684; x_wconf 81' lang='grc' dir='ltr'><strong><em>τοιαῦτα</em></strong></span> <span class='ocrx_word' id='word_1_295' title='bbox 1461 3617 1695 3684; x_wconf 86' lang='grc' dir='ltr'><strong><em>λεκτέα</em></strong></span> <span class='ocrx_word' id='word_1_296' title='bbox 1758 3621 2006 3694; x_wconf 73' lang='grc' dir='ltr'><strong><em>μᾶλλον</em></strong></span> <span class='ocrx_word' id='word_1_297' title='bbox 2068 3621 2213 3698; x_wconf 81' lang='grc' dir='ltr'><strong><em>πρὸς</em></strong></span> <span class='ocrx_word' id='word_1_298' title='bbox 2273 3619 2358 3684; x_wconf 75' lang='grc' dir='ltr'><strong><em>τοὶ</em></strong></span> <span class='ocrx_word' id='word_1_299' title='bbox 2420 3619 2640 3686; x_wconf 76' lang='grc' dir='ltr'><strong><em>παιδία</em></strong></span> 
     </span>
     <span class='ocr_line' id='line_1_33' title="bbox 293 3724 2646 3807; baseline 0.002 -22"><span class='ocrx_word' id='word_1_300' title='bbox 293 3725 439 3799; x_wconf 73' lang='grc' dir='ltr'><strong><em>εὐθὺς</em></strong></span> <span class='ocrx_word' id='word_1_301' title='bbox 500 3727 601 3793; x_wconf 71' lang='grc' dir='ltr'><strong>καὶ</strong></span> <span class='ocrx_word' id='word_1_302' title='bbox 669 3726 914 3807; x_wconf 86' lang='grc' dir='ltr'><strong><em>γέρουσι</em></strong></span> <span class='ocrx_word' id='word_1_303' title='bbox 983 3726 1089 3790; x_wconf 77' lang='grc' dir='ltr'><strong>καὶ</strong></span> <span class='ocrx_word' id='word_1_304' title='bbox 1148 3725 1373 3807; x_wconf 76' lang='grc' dir='ltr'><strong><em>γραυσὶ</em></strong></span> <span class='ocrx_word' id='word_1_305' title='bbox 1425 3726 1557 3789; x_wconf 80' lang='grc' dir='ltr'><strong>καὶ</strong></span> <span class='ocrx_word' id='word_1_306' title='bbox 1609 3725 2207 3805; x_wconf 73' lang='grc' dir='ltr'><strong><em>πρεσβυτέροις</em></strong></span> <span class='ocrx_word' id='word_1_307' title='bbox 2255 3724 2646 3803; x_wconf 82' lang='grc' dir='ltr'><strong><em>γιγνομέ-</em></strong></span> 
     </span>
     <span class='ocr_line' id='line_1_34' title="bbox 295 3827 2642 3910; baseline 0 -16"><span class='ocrx_word' id='word_1_308' title='bbox 295 3851 431 3905; x_wconf 77' lang='grc' dir='ltr'><strong><em>νοις</em></strong></span> <span class='ocrx_word' id='word_1_309' title='bbox 497 3834 603 3899; x_wconf 79' lang='grc' dir='ltr'><strong>καὶ</strong></span> <span class='ocrx_word' id='word_1_310' title='bbox 675 3833 815 3904; x_wconf 84' lang='grc' dir='ltr'><strong><em>τοὺς</em></strong></span> <span class='ocrx_word' id='word_1_311' title='bbox 885 3833 1147 3905; x_wconf 72' lang='grc' dir='ltr'><strong><em>ποιητὰς</em></strong></span> <span class='ocrx_word' id='word_1_312' title='bbox 1220 3831 1417 3910; x_wconf 78' lang='grc' dir='ltr'><strong><em>ἐγγὺς</em></strong></span> <span class='ocrx_word' id='word_1_313' title='bbox 1488 3832 1718 3896; x_wconf 82' lang='grc' dir='ltr'><strong><em>τούτων</em></strong></span> <span class='ocrx_word' id='word_1_314' title='bbox 1780 3827 2214 3908; x_wconf 66' lang='grc' dir='ltr'><strong><em>ἀναγκαστέον</em></strong></span> <span class='ocrx_word' id='word_1_315' title='bbox 2276 3837 2642 3908; x_wconf 76' lang='grc' dir='ltr'><strong><em>λογοποιεῖν.</em></strong></span> 
     </span>
     <span class='ocr_line' id='line_1_35' title="bbox 294 3934 2646 4014; baseline -0.001 -12"><span class='ocrx_word' id='word_1_316' title='bbox 294 3934 601 4006; x_wconf 78' lang='lat' dir='ltr'><strong>Manifeete</strong></span> <span class='ocrx_word' id='word_1_317' title='bbox 649 3938 836 4003; x_wconf 89' lang='lat' dir='ltr'><strong>Plato</strong></span> <span class='ocrx_word' id='word_1_318' title='bbox 880 3957 1003 4003; x_wconf 90' lang='lat' dir='ltr'><strong>non</strong></span> <span class='ocrx_word' id='word_1_319' title='bbox 1050 3943 1272 4003; x_wconf 88' lang='lat' dir='ltr'><strong>auctor</strong></span> <span class='ocrx_word' id='word_1_320' title='bbox 1316 3943 1414 4002; x_wconf 90' lang='lat' dir='ltr'><strong>est</strong></span> <span class='ocrx_word' id='word_1_321' title='bbox 1456 3957 1608 4002; x_wconf 88' lang='lat' dir='ltr'><strong>suae</strong></span> <span class='ocrx_word' id='word_1_322' title='bbox 1650 3938 1932 4002; x_wconf 85' lang='lat' dir='ltr'><strong>civitatis</strong></span> <span class='ocrx_word' id='word_1_323' title='bbox 1975 3937 2243 4014; x_wconf 82' lang='lat' dir='ltr'><strong>civibus,</strong></span> <span class='ocrx_word' id='word_1_324' title='bbox 2284 3940 2361 4000; x_wconf 91' lang='lat' dir='ltr'><strong>ut</strong></span> <span class='ocrx_word' id='word_1_325' title='bbox 2386 3937 2646 4001; x_wconf 88' lang='lat' dir='ltr'><strong>credant</strong></span> 
     </span>
     <span class='ocr_line' id='line_1_36' title="bbox 296 4042 2646 4131; baseline 0.002 -27"><span class='ocrx_word' id='word_1_326' title='bbox 296 4047 585 4112; x_wconf 85' lang='lat' dir='ltr'><strong>neminem</strong></span> <span class='ocrx_word' id='word_1_327' title='bbox 634 4065 919 4131; x_wconf 89' lang='lat' dir='ltr'><strong>unquam</strong></span> <span class='ocrx_word' id='word_1_328' title='bbox 967 4044 1149 4112; x_wconf 79' lang='lat' dir='ltr'><strong>civem</strong></span> <span class='ocrx_word' id='word_1_329' title='bbox 1194 4043 1381 4108; x_wconf 84' lang='lat' dir='ltr'><strong>alteri</strong></span> <span class='ocrx_word' id='word_1_330' title='bbox 1418 4047 1761 4108; x_wconf 89' lang='lat' dir='ltr'><strong>inimicum</strong></span> <span class='ocrx_word' id='word_1_331' title='bbox 1797 4043 1992 4106; x_wconf 87' lang='lat' dir='ltr'><strong>fuisse</strong></span> <span class='ocrx_word' id='word_1_332' title='bbox 2033 4042 2231 4127; x_wconf 88' lang='lat' dir='ltr'><strong>(quod</strong></span> <span class='ocrx_word' id='word_1_333' title='bbox 2271 4045 2376 4107; x_wconf 90' lang='lat' dir='ltr'><strong>cui</strong></span> <span class='ocrx_word' id='word_1_334' title='bbox 2416 4063 2646 4128; x_wconf 88' lang='lat' dir='ltr'><strong>quaeso</strong></span> 
     </span>
     <span class='ocr_line' id='line_1_37' title="bbox 298 4149 2650 4234; baseline -0 -20"><span class='ocrx_word' id='word_1_335' title='bbox 298 4155 679 4230; x_wconf 85' lang='lat' dir='ltr'><strong>persuasisset</strong></span> <span class='ocrx_word' id='word_1_336' title='bbox 695 4149 769 4232; x_wconf 61' lang='grc' dir='ltr'><strong>ἵ),</strong></span> <span class='ocrx_word' id='word_1_337' title='bbox 829 4151 939 4216; x_wconf 91' lang='lat' dir='ltr'><strong>sed</strong></span> <span class='ocrx_word' id='word_1_338' title='bbox 988 4154 1311 4215; x_wconf 88' lang='lat' dir='ltr'><strong>neminem</strong></span> <span class='ocrx_word' id='word_1_339' title='bbox 1371 4150 1565 4215; x_wconf 88' lang='lat' dir='ltr'><strong>deum</strong></span> <span class='ocrx_word' id='word_1_340' title='bbox 1627 4155 1738 4213; x_wconf 89' lang='lat' dir='ltr'><strong>aut</strong></span> <span class='ocrx_word' id='word_1_341' title='bbox 1797 4149 2060 4213; x_wconf 89' lang='lat' dir='ltr'><strong>heroem</strong></span> <span class='ocrx_word' id='word_1_342' title='bbox 2107 4167 2392 4234; x_wconf 87' lang='lat' dir='ltr'><strong>unquam</strong></span> <span class='ocrx_word' id='word_1_343' title='bbox 2437 4151 2650 4214; x_wconf 84' lang='lat' dir='ltr'><strong>inimi-</strong></span> 
     </span>
     <span class='ocr_line' id='line_1_38' title="bbox 297 4253 2644 4344; baseline 0.001 -28"><span class='ocrx_word' id='word_1_344' title='bbox 297 4255 453 4320; x_wconf 85' lang='lat' dir='ltr'><strong>citias</strong></span> <span class='ocrx_word' id='word_1_345' title='bbox 516 4259 869 4322; x_wconf 83' lang='lat' dir='ltr'><strong>exercuisse</strong></span> <span class='ocrx_word' id='word_1_346' title='bbox 939 4277 1089 4321; x_wconf 87' lang='lat' dir='ltr'><strong>cum</strong></span> <span class='ocrx_word' id='word_1_347' title='bbox 1159 4255 1285 4320; x_wconf 88' lang='lat' dir='ltr'><strong>alio</strong></span> <span class='ocrx_word' id='word_1_348' title='bbox 1354 4255 1471 4322; x_wconf 91' lang='lat' dir='ltr'><strong>deo</strong></span> <span class='ocrx_word' id='word_1_349' title='bbox 1540 4259 1656 4319; x_wconf 90' lang='lat' dir='ltr'><strong>aut</strong></span> <span class='ocrx_word' id='word_1_350' title='bbox 1724 4254 1916 4320; x_wconf 89' lang='lat' dir='ltr'><strong>heroe</strong></span> <span class='ocrx_word' id='word_1_351' title='bbox 1935 4303 1950 4332; x_wconf 90' lang='lat'><em>,</em></span> <span class='ocrx_word' id='word_1_352' title='bbox 2015 4257 2232 4340; x_wconf 88' lang='lat' dir='ltr'><strong>itaque</strong></span> <span class='ocrx_word' id='word_1_353' title='bbox 2263 4253 2644 4344; x_wconf 34' lang='lat' dir='ltr'><strong>„absurdum</strong></span> 
     </span>
     <span class='ocr_line' id='line_1_39' title="bbox 299 4360 2650 4448; baseline 0.001 -25"><span class='ocrx_word' id='word_1_354' title='bbox 299 4361 585 4430; x_wconf 84' lang='lat' dir='ltr'><strong>emblema</strong></span> <span class='ocrx_word' id='word_1_355' title='bbox 630 4364 887 4439; x_wconf 78' lang='grc' dir='ltr'><strong><em>πολίτης</em></strong></span> <span class='ocrx_word' id='word_1_356' title='bbox 934 4366 1307 4448; x_wconf 68' lang='lat' dir='ltr'><strong>quantocius</strong></span> <span class='ocrx_word' id='word_1_357' title='bbox 1347 4361 1692 4429; x_wconf 89' lang='lat' dir='ltr'><strong>delendum</strong></span> <span class='ocrx_word' id='word_1_358' title='bbox 1725 4367 1841 4434; x_wconf 80' lang='lat' dir='ltr'><strong>est.</strong></span> <span class='ocrx_word' id='word_1_359' title='bbox 1892 4360 2135 4426; x_wconf 90' lang='lat' dir='ltr'><strong>Deinde</strong></span> <span class='ocrx_word' id='word_1_360' title='bbox 2174 4362 2367 4428; x_wconf 83' lang='lat' dir='ltr'><strong>verba</strong></span> <span class='ocrx_word' id='word_1_361' title='bbox 2405 4361 2650 4427; x_wconf 89' lang='lat' dir='ltr'><strong>soloeca</strong></span> 
     </span>
    </p>
   </div>
  </div>
 </body>
</html>
