3192 5009
1362 366 1585 415 rmro.
2492 342 2620 410 155

341 534 518 615 Quod
562 536 752 602 modo
800 536 1085 601 dicebam
1132 534 1209 600 de
1256 533 1511 600 Socrate
1556 535 1673 599 hac
1719 531 1961 618 dialogi
2005 536 2184 618 parte
2243 529 2494 595 lenibus
2557 535 2622 594 et

250 641 665 708 clementibus
726 647 945 708 utente
1008 640 1335 707 vocabulis
1354 689 1371 718 ‚
1436 640 1513 705 de
1572 640 1692 706 hac
1734 660 1802 704 re
1848 659 2015 703 nunc
2059 637 2227 701 mihi
2269 636 2476 727 fusius
2523 640 2622 701 est

248 747 722 833 disputandum.
786 747 1023 813 Statim
1070 750 1243 813 enim
1289 754 1431 834 post
1479 746 1673 812 verba
1716 766 1877 832 quae
1923 744 2157 810 ultima
2203 764 2236 809 6
2282 742 2619 809 Phaedone

248 854 440 920 attuli
486 855 640 920 haec
685 858 753 919 in
800 855 1118 920 codicibus
1164 860 1550 941 sequuntur:

339 964 535 1027 καίτοι
575 962 792 1042 φαμέν
829 985 910 1038 γε
950 985 1063 1027 που
1104 961 1403 1027 ἀδύνατον
1442 956 1619 1026 εἶναι.
1661 961 1809 1025 ἀλλ’
1849 957 2006 1036 ὅμως
2051 959 2259 1030 αὐτοῖς
2283 955 2618 1035 ξυμβαίνει

245 1068 439 1149 τούτῳ
502 1063 699 1144 ὅμοιον
757 1063 911 1131 εἶναι
973 1066 1041 1132 τὸ
1106 1067 1295 1138 πάθος
1346 1068 1415 1132 τὸ
1463 1066 1594 1145 περὶ
1645 1069 1754 1141 σὺν
1802 1066 1978 1141 εὐήθη
2031 1063 2438 1145 σωφροσύνην.
2504 1062 2619 1128 Sin

244 1193 492 1261 papyro
536 1172 1115 1259 obtemperabimus
1162 1176 1250 1239 sic
1294 1172 1624 1260 legemus:

337 1282 485 1345 ἀλλ’
545 1274 704 1357 ὅμως
753 1282 959 1352 αὐτοῖς
1013 1281 1346 1357 συμβαίνει
1396 1285 1575 1345 τοῦτο
1623 1276 1820 1357 ὅμοιον
1868 1278 1938 1343 τὸ
1990 1276 2180 1347 πάθος
2229 1278 2312 1359 τῷ
2364 1276 2464 1340 ἐπ’
2512 1276 2620 1340 αὖ·

240 1388 355 1461 την
400 1389 510 1461 τὴν
556 1386 979 1466 ἀνδραποδώδη
1030 1385 1435 1467 σωφροσύνην.

336 1492 411 1557 In
456 1494 687 1580 quibus
734 1494 905 1560 haud
951 1493 1141 1560 dubie
1188 1498 1367 1560 τοῦτο
1417 1542 1608 1560 .....
1658 1494 1741 1573 τῷ
1787 1495 2004 1578 inepta
2049 1512 2317 1557 casuum
2367 1510 2619 1575 permu-

243 1600 485 1664 tatione
546 1606 773 1665 natum
834 1606 931 1665 est
992 1622 1025 1665 e
1073 1601 1265 1679 τούτῳ
1318 1648 1514 1667 .....
1564 1598 1638 1663 τό
1654 1648 1671 1677 ,
1721 1620 1924 1685 neque
1968 1600 2184 1663 minus
2227 1602 2474 1662 certum
2521 1601 2618 1661 est

236 1705 375 1783 περὶ
447 1708 681 1778 ταύτην
751 1726 883 1771 6666
942 1705 1325 1794 legendum,
1390 1726 1517 1771 non
1578 1706 1676 1769 ἐπ’
1741 1706 1932 1778 αὐτήν
1951 1725 1968 1783 ;
2032 1702 2248 1768 nullus
2297 1704 2469 1769 enim
2513 1702 2620 1767 hio

234 1814 696 1897 praepositioni
755 1811 862 1876 ἐπί
918 1811 1097 1877 166116
1115 1861 1131 1890 ,
1196 1833 1402 1898 neque
1464 1813 1826 1897 pronomini
1873 1811 2088 1884 αὐτήν.
2158 1808 2299 1874 Hoc
2347 1807 2617 1873 dubium

235 1917 447 1983 videri
490 1921 691 2003 possit
738 1920 901 1983 sitne
947 1924 1091 2004 post
1138 1914 1333 1994 ὅμοιον
1380 1918 1649 1983 verbum
1689 1912 1844 1981 εἶναι
1882 1915 2229 2004 legendum
2283 1935 2361 1979 an
2379 1963 2395 1991 ,
2451 1913 2622 1999 quod

234 2028 373 2090 iam
433 2030 618 2089 antea
676 2046 808 2091 v.v.
873 2024 997 2089 d.d.
1063 2027 1497 2109 coniecerunt,
1563 2023 2009 2089 omittendum.
2081 2021 2397 2107 Equidem
2456 2019 2622 2085 fflud

236 2130 645 2196 retinendum
692 2151 910 2197 censeo
928 2151 945 2209 ;
996 2153 1125 2196 non
1172 2134 1345 2197 enim
1384 2151 1421 2196 a
1460 2130 1831 2208 ξυμβαίνει,
1873 2129 1982 2195 sed
2018 2129 2095 2194 ab
2133 2132 2272 2215 ipso
2309 2128 2422 2193 fflo
2467 2122 2620 2193 εἶναι

237 2236 476 2324 pendet
539 2238 794 2303 dativus
841 2241 1049 2306 αὐτοῖς
1099 2244 1165 2303 et
1209 2236 1545 2315 ξυμβαίνει
1595 2237 1733 2316 hic,
1784 2242 1860 2301 ut
1905 2238 2192 2322 saepius,
2241 2238 2500 2321 ponitur
2543 2234 2620 2299 de

238 2365 317 2410 ea
384 2364 451 2409 re
517 2365 677 2430 quae
752 2351 1041 2410 accurata
1112 2345 1610 2410 consideratione
1679 2348 1742 2409 et
1814 2342 2262 2408 deliberatione
2332 2341 2618 2407 efficitur.

238 2449 521 2515 Afferam
572 2450 789 2516 locum
836 2473 870 2516 6
916 2450 1080 2517 libro
1128 2450 1159 2515 I
1206 2451 1281 2516 de
1328 2450 1508 2537 Rep.,
1556 2456 1633 2515 ut
1679 2448 1875 2515 simu]
1919 2470 2071 2514 eum
2114 2450 2276 2514 vitio
2323 2469 2618 2535 purgem.
2665 2501 2676 2515 .

245 2556 524 2643 Legitur
567 2579 631 2642 p.
685 2554 930 2622 339E:

338 2661 765 2739 „Persuasum
788 2663 907 2728 tibi
931 2663 1205 2729 habeto''
1224 2661 1525 2752 (Socratis
1550 2663 1744 2728 verba
1767 2666 1917 2729 sunt
1940 2662 2018 2727 ad
2041 2661 2618 2749 Thrasymachum)

236 2775 445 2834 temet
503 2772 720 2855 ipsum
782 2773 1156 2835 concessisse
1216 2770 1435 2833 iustum
1496 2790 1630 2835 esse
1677 2770 1877 2835 facere
1921 2768 1992 2833 id
2039 2768 2208 2854 quod
2251 2768 2620 2853 potentibus

234 2882 478 2940 noceat:
542 2878 599 2940 si
662 2878 833 2941 enim
887 2876 990 2942 illi
1032 2878 1257 2943 iubent
1306 2876 1548 2963 aliquid
1595 2876 1758 2961 quod
1810 2876 1930 2941 sibi
1977 2878 2061 2940 sit
2108 2874 2337 2940 damno
2355 2923 2370 2951 ,
2419 2880 2620 2959 tuque

236 2982 567 3047 contendis
628 2989 773 3046 tum
834 2990 958 3053 τοῖς
1007 2983 1363 3063 ἀρχομένοις
1416 2982 1712 3067 expedire
1755 2981 1824 3046 id
1869 2982 2104 3059 facere,
2154 2975 2273 3058 ἄρα
2324 2982 2464 3044 τότε
2511 2983 2618 3045 οὐκ

234 3090 583 3165 ἀναγκαῖον
643 3088 1010 3166 ξυμβαίνειν
1070 3089 1225 3155 αὐτὸ
1273 3089 1485 3154 οὑτωσὶ
1538 3088 1766 3152 δίκαιον
1814 3084 1967 3153 εἶναι
2019 3095 2228 3165 ποιεῖν,
2279 3088 2619 3152 τούναντίον

238 3196 275 3269 ἢ
328 3188 355 3257 ὃ
404 3192 479 3257 σὺ
527 3193 781 3271 λέγηθ’
801 3214 819 3271 ;
870 3192 1074 3259 Sensu
1118 3215 1292 3260 cassa
1337 3194 1641 3260 videntur
1686 3192 1926 3261 Graeca
1961 3194 2157 3259 verba
2195 3214 2354 3278 quae
2392 3196 2586 3258 citavi
2595 3214 2613 3271 ;

234 3302 529 3387 primum
589 3302 803 3387 inepte
863 3304 1149 3386 positum
1195 3308 1290 3367 est
1337 3302 1491 3365 αὐτό
1510 3322 1526 3380 ;
1579 3304 1820 3366 etenim
1865 3301 2018 3365 αὐτὸ
2071 3306 2262 3363 ποιεῖν
2309 3299 2404 3380 (id
2452 3300 2620 3384 quod

234 3410 563 3472 iusserunt
623 3414 913 3491 potentes
974 3408 1199 3488 facere)
1264 3411 1515 3473 iustum
1573 3429 1708 3473 6666
1770 3429 1895 3472 non
1955 3406 2290 3484 ξυμβαίνει
2310 3456 2324 3479 ,
2385 3406 2493 3471 66ᾶ
2540 3407 2617 3471 ab

234 3517 381 3597 ipso
448 3511 922 3600 Thrasymacho
993 3518 1255 3600 ponitur
1271 3536 1287 3594 3
1362 3514 1584 3580 deinde
1655 3514 1732 3580 de
1802 3521 1971 3581 certa
2043 3513 2317 3599 quadam
2379 3516 2622 3578 ratione

235 3618 511 3683 faciendi
557 3619 795 3698 (οὑτωσὶ
846 3626 1063 3701 ποιεῖν)
1110 3621 1213 3684 hic
1264 3641 1471 3685 sermo
1520 3642 1655 3685 esse
1696 3642 1821 3684 non
1861 3624 2088 3706 potest.
2137 3618 2251 3683 Sin
2287 3621 2619 3683 eiiciamus

236 3724 551 3790 vocabula
588 3723 743 3789 αὐτό
782 3732 845 3791 et
884 3736 1092 3805 ποιεῖν,
1135 3732 1373 3792 cetera:
1418 3721 1537 3803 ἄρα
1581 3728 1724 3791 τότε
1758 3729 1862 3791 οὐκ
1887 3728 2231 3803 ἀναγκαῖον
2253 3724 2618 3803 ξυμβαίνειν

240 3830 458 3894 οὑτωσὶ
524 3830 749 3895 δίκαιον
798 3826 949 3895 εἶναι
992 3837 1331 3897 τουναντίον
1379 3832 1413 3906 ἢ
1462 3829 1489 3895 ὃ
1540 3833 1614 3896 σὺ
1665 3831 1904 3910 λέγεις
1955 3834 2215 3919 egregie
2262 3831 2616 3897 decurrant.

238 3934 507 4002 Dixerat
554 3935 1067 4026 Thrasymachus
1112 3938 1178 4003 1⁰
1219 3944 1507 4025 potentes
1545 3938 1872 4003 interdum
1908 3939 2126 4003 iubere
2165 3937 2234 4002 id
2274 3937 2441 4024 quod
2463 3940 2621 4024 ipsis

240 4048 499 4120 noceat,
564 4042 635 4106 2⁰
686 4050 828 4108 tum
887 4043 1051 4109 fflud
1110 4046 1189 4109 iis
1254 4048 1363 4130 qui
1410 4050 1760 4130 regnantur
1805 4066 1938 4109 6666
1983 4043 2360 4109 faciendum.
2409 4043 2621 4131 Rogat

240 4170 410 4214 nunc
468 4148 791 4215 Socrates:
862 4171 1107 4227 „nonne
1172 4172 1205 4215 e
1254 4150 1498 4215 duabus
1543 4153 1686 4214 istis
1733 4151 1919 4215 rebus
1968 4152 2256 4236 sequitur
2298 4153 2618 4216 iustitiam

242 4276 379 4321 esse
439 4258 829 4321 contrarium
876 4258 1012 4321 eius
1061 4257 1227 4342 quod
1274 4262 1349 4321 tu
1397 4256 1616 4321 dixisti
1632 4253 1700 4319 ?'’
1744 4256 2004 4321 Etenim
2051 4258 2213 4323 hanc
2259 4278 2394 4323 esse
2438 4260 2622 4323 iusti-

249 4365 411 4427 tiam
457 4363 861 4428 contenderat
908 4362 1454 4449 Thrasymachus:
1507 4362 1575 4426 τό
1625 4368 1741 4426 τῶν
1790 4365 2136 4440 κρειττόνων
2183 4362 2512 4445 ξυμφέρον.

338 4466 503 4534 Utut
540 4477 670 4547 est,
720 4469 898 4535 verbi
943 4468 1306 4548 ξυμβαίνειν
1356 4472 1515 4536 hanc
1560 4491 1696 4536 6666
1743 4473 1882 4535 vim
1927 4471 2107 4537 vides
2152 4480 2228 4536 ut
2272 4472 2337 4536 id
2383 4474 2623 4559 signifi-
