3192 5009
568 246 701 313 234
1374 265 1459 311 nn
1502 264 1655 311 mnu
1700 264 2154 312 onnuumnm.

565 432 773 497 batur.
822 430 1091 497 Tribuni
1137 431 1341 517 plebis
1388 453 1548 496 num
1594 434 1724 517 ipsi
1771 452 2024 517 quoque
2073 430 2265 495 edicto
2311 436 2530 496 vetare
2570 430 2940 505 consuerint,

564 560 796 624 parum
840 543 1128 619 constat3
1175 539 1284 604 sed
1333 544 1549 604 tamen
1599 539 1872 604 dubium
1910 560 2037 604 non
2075 544 2174 603 est
2212 541 2367 624 quin
2407 558 2632 603 eorum
2670 536 2942 603 edictum

565 645 888 711 comitiale
951 649 1178 711 vicerit
1240 649 1456 711 omnia
1518 646 1726 712 edicta
1789 646 2024 732 quibus
2087 646 2263 710 diem
2323 632 2553 711 vitiare
2602 647 2944 730 coepissent
3003 724 3008 729 .

566 752 679 818 alii
719 755 1141 840 magistratus
1160 803 1176 831 ,
1224 759 1290 819 et
1338 755 1451 839 qui
1493 757 1565 817 in
1612 752 1857 839 templo
1905 754 1998 817 eis
2047 753 2426 818 obnuntiare
2473 758 2808 817 conaretur
2853 750 2946 815 ob-

564 863 838 926 noxium
884 882 949 926 se
998 862 1218 927 fecerit
1264 882 1487 927 eorum
1534 864 1840 947 potestati
1885 859 2213 925 coercendi
2257 864 2322 925 et
2368 862 2588 945 poenis
2633 860 2847 924 variis.

657 966 838 1048 Quod
898 970 1117 1053 posui,
1184 968 1471 1033 tribunos
1533 966 1740 1053 plebis
1801 972 1948 1033 ante
2011 988 2067 1031 a.
2122 965 2249 1031 154
2311 965 2530 1053 legem
2575 966 2848 1030 ferentes
2889 970 2948 1027 et

562 1074 803 1139 iudicia
872 1079 1233 1139 exercentes
1302 1080 1479 1154 (nam
1541 1072 1620 1139 de
1682 1073 2108 1139 creationibus
2170 1077 2679 1161 magistratuum
2743 1078 2946 1157 postea

566 1202 759 1270 agam
820 1201 955 1267 cap.
1005 1179 1087 1262 V)
1148 1202 1273 1246 non
1337 1183 1624 1267 potuisse
1685 1179 1988 1267 impediri
2052 1201 2090 1245 a
2136 1180 2628 1267 magistratibus
2675 1180 2946 1265 patriciis

566 1288 643 1353 de
713 1287 883 1353 caelo
955 1288 1359 1353 servantibus
1379 1337 1395 1365 ,
1469 1288 1539 1352 id
1607 1287 2020 1353 confirmatur
2081 1286 2310 1352 multis
2371 1288 2563 1352 rebus
2610 1288 2944 1350 memoriae

566 1395 838 1460 traditis.
911 1393 1127 1459 Multa
1200 1401 1265 1459 et
1332 1397 1509 1460 varia
1578 1393 1741 1459 olim
1807 1394 2274 1479 impedimenta
2335 1394 2534 1459 fuisse
2597 1394 2944 1477 accepimus

566 1522 727 1589 quae
788 1500 1063 1565 tribunis
1128 1500 1330 1586 plebis
1378 1501 1624 1566 obicere
1673 1500 1947 1565 solerent
1995 1500 2283 1566 consules
2301 1550 2317 1578 ,
2367 1506 2626 1565 senatus
2645 1548 2660 1576 ,
2709 1499 2947 1584 patricii

564 1610 877 1686 iuniores,
930 1610 986 1671 si
1032 1608 1108 1672 de
1151 1606 1367 1693 aliqua
1403 1610 1738 1695 rogatione
1778 1610 1912 1672 sine
1952 1608 2141 1673 Auct.
2191 1606 2463 1673 Senatus
2498 1608 2664 1672 facta
2704 1606 2942 1691 plebem

566 1718 634 1780 in
696 1714 1074 1801 suffragium
1136 1716 1350 1779 vocari
1416 1736 1543 1780 non
1588 1720 1964 1801 paterentur
1980 1734 1996 1792 ;
2047 1715 2156 1780 sed
2205 1714 2384 1779 nulla
2429 1717 2675 1780 mentio
2725 1712 2798 1777 fit
2839 1716 2946 1775 im-

565 1821 922 1907 pedimenti
968 1841 1005 1885 a
1050 1821 1339 1906 patriciis
1387 1842 1465 1887 ex
1513 1823 1814 1906 auspiciis
1868 1823 2173 1907 quaesitis
2219 1822 2410 1905 petiti
2430 1842 2446 1898 ;
2499 1820 2575 1885 de
2625 1818 2797 1885 caelo
2836 1839 2947 1882 ser-

566 1935 799 1993 vatum
866 1948 1222 2013 numquam
1296 1934 1394 1991 est
1464 1948 1501 1992 a
1571 1930 1856 2013 patriciis
1925 1948 2076 1991 cum
2139 1928 2383 1992 tribuni
2445 1926 2692 2012 aliquid
2750 1927 2945 1990 invito

566 2040 792 2100 senatu
840 2034 919 2099 ad
965 2034 1221 2119 plebem
1268 2034 1539 2112 ferrent,
1588 2055 1668 2098 ne
1716 2039 1859 2097 tum
1908 2034 2168 2120 quidem
2217 2055 2369 2098 cum
2411 2033 2770 2099 Flaminius
2811 2031 2942 2095 trib.

566 2140 653 2227 pl.
704 2142 897 2207 ferret
942 2140 1160 2226 legem
1209 2140 1329 2217 „de
1378 2160 1534 2226 agro
1583 2140 1818 2205 Piceno
1865 2146 1930 2205 et
1976 2137 2225 2206 Gallico
2265 2142 2519 2204 viritim
2555 2136 2944 2211 dividendo”,

572 2269 629 2313 a.
680 2246 812 2312 233
876 2246 949 2326 Q.
974 2246 1194 2323 ‚Fabio
1259 2252 1324 2312 et
1382 2246 1502 2311 Μ’.
1565 2246 1922 2333 Pomponio
1984 2245 2356 2311 consulibus
2383 2244 2456 2328 ¹),
2507 2266 2698 2331 quam
2746 2245 2946 2330 legem

568 2360 645 2419 ut
690 2355 1079 2440 impedirent
1126 2352 1291 2418 nihil
1338 2376 1464 2419 non
1510 2353 1725 2419 moliti
1772 2360 1923 2419 sunt-
1971 2356 2319 2439 optimates
2343 2350 2416 2433 ²).
2466 2352 2640 2417 Huic
2684 2354 2779 2417 rei
2823 2372 2948 2415 con-

569 2465 751 2527 venit
812 2462 984 2548 quod
1045 2482 1196 2526 cum
1258 2467 1403 2526 ante
1467 2482 1522 2526 a.
1575 2458 1708 2527 287
1757 2462 2010 2547 patricii
2057 2481 2244 2545 saepe
2295 2466 2601 2548 negarent
2648 2481 2713 2524 se
2761 2458 2948 2523 teneri

568 2568 701 2635 illis
762 2568 1119 2653 plebiscitis
1182 2589 1342 2653 quae
1406 2570 1541 2633 sine
1604 2569 1792 2633 Auct.
1859 2566 2133 2633 Senatus
2179 2568 2346 2633 facta
2393 2573 2602 2633 essent
2620 2616 2637 2645 ‚
2687 2584 2946 2649 cumque

568 2697 753 2761 saepe
791 2678 988 2741 etiam
1023 2674 1278 2761 legibus
1318 2677 1690 2740 centuriatis
1734 2696 1894 2761 opus
1935 2680 2102 2740 esset
2125 2673 2406 2755 (Valeria
2427 2674 2701 2739 Horatia
2724 2694 2778 2738 a.
2807 2668 2945 2745 449,

568 2782 856 2847 Publilia
918 2802 973 2846 a.
1030 2780 1183 2860 339,
1245 2781 1593 2847 Hortensia
1656 2802 1710 2847 a.
1764 2779 1922 2862 287)
1985 2781 2220 2867 quibus
2279 2782 2533 2867 patricii
2594 2781 2947 2845 iuberentur

570 2908 820 2954 servare
881 2888 949 2952 id
1012 2890 1114 2952 ius
1178 2888 1347 2975 quod
1412 2887 1589 2975 plebs
1641 2889 1941 2953 tributim
1988 2890 2461 2973 constituisset,
2515 2894 2726 2952 tamen
2777 2906 2944 2950 num-

568 3017 766 3082 quam
834 3014 869 3059 a
939 2998 1225 3080 patriciis
1285 2994 1678 3059 affirmatum
1739 3015 1874 3060 esse
1936 2994 2214 3072 videtur,
2281 3014 2356 3059 ea
2416 2992 2750 3079 plebiscita
2793 2994 2942 3057 facta

567 3123 701 3168 esse
742 3108 948 3165 contra
985 3100 1261 3183 auspicia
1298 3101 1871 3187 (quemadmodum
1909 3108 2129 3188 postea
2163 3099 2320 3168 Cato
2361 3101 2514 3167 fecit
2533 3150 2550 3179 ‚
2592 3122 2739 3166 cum
2778 3100 2942 3186 leges

565 3207 765 3272 Iulias
826 3228 953 3272 non
1018 3213 1300 3272 servaret
1364 3208 1534 3292 quod
1595 3229 1700 3272 eas
1751 3209 1948 3274 factas
1995 3229 2131 3275 esse
2181 3208 2419 3273 diceret
2467 3229 2618 3272 cum
2667 3207 2740 3271 de
2786 3202 2940 3271 caelo

568 3318 900 3379 servatum
946 3319 1141 3391 esset,
1195 3335 1368 3398 supr.
1418 3334 1566 3401 pag.
1616 3313 1806 3396 101);
1848 3316 1968 3380 hoc
2005 3335 2258 3401 quoque
2297 3312 2562 3399 probat,
2604 3316 2697 3379 eis
2735 3312 2940 3379 diebus

567 3421 800 3508 quibus
836 3441 963 3485 non
1005 3419 1283 3505 amplius
1322 3422 1657 3505 prohibere
1696 3424 2054 3509 potuissent
2091 3423 2347 3507 patricii
2387 3442 2466 3485 ne
2490 3423 2556 3485 in
2581 3420 2940 3505 suffragium

566 3530 863 3593 venirent
908 3530 1272 3614 rogationes
1320 3528 1605 3614 plebeiae
1623 3578 1639 3606 ,
1693 3529 1768 3594 de
1815 3527 1985 3594 caelo
2034 3527 2112 3593 ab
2160 3530 2252 3593 eis
2292 3549 2418 3592 non
2458 3548 2594 3592 esse
2632 3532 2940 3591 servatum

567 3655 773 3720 neque
818 3632 1069 3697 vitiatae
1117 3654 1252 3699 esse
1300 3637 1665 3720 rogationes
1685 3682 1700 3710 ,
1753 3633 1923 3719 quod
1971 3641 2139 3699 certe
2187 3634 2418 3699 facturi
2467 3632 2741 3697 fuissent
2782 3629 2834 3693 ei
2876 3626 2943 3689 li-

568 3740 803 3805 cuisset.
850 3737 1079 3825 Itaque
1128 3760 1207 3825 qu
1218 3738 1297 3805 od
1345 3736 1565 3806 Cicero
1616 3740 1770 3804 dicit
1823 3745 2009 3827 „post
2057 3740 2284 3805 urbem
2331 3737 2658 3803 conditam
2703 3734 2938 3802 nullum

568 3848 906 3913 tribunum
974 3868 1124 3912 cum
1184 3846 1369 3932 plebe
1434 3849 1644 3931 egisse
1709 3867 1858 3910 cum
1924 3851 2244 3911 constaret
2308 3837 2638 3910 servatum
2698 3864 2827 3910 esse
2871 3839 2939 3903 de

644 4162 695 4221 l)
741 4157 841 4206 Cic.
888 4159 1072 4210 Senect.
1106 4160 1155 4206 4.
1176 4156 1254 4205 11.
1301 4158 1397 4205 Iae1
1442 4156 1635 4205 videtur
1679 4157 1776 4205 lata
1823 4172 1922 4205 esse
1967 4172 2075 4205 cum
2119 4154 2458 4219 magistratum
2489 4155 2584 4204 iam
2620 4155 2832 4204 iniissent
2863 4150 2940 4200 tri-

568 4238 685 4289 buni
731 4238 845 4289 anui
889 4238 1005 4297 232,
1052 4239 1251 4288 necdum
1296 4239 1521 4289 abiissent
1564 4240 1788 4289 consules
1832 4239 1946 4289 anni
1979 4240 2106 4298 2383
2143 4238 2312 4287 Cicero
2349 4254 2376 4287 a
2411 4239 2568 4303 primo
2601 4238 2850 4287 consulatu
2880 4234 2938 4297 Q-

573 4321 707 4371 Fabii
761 4318 1003 4370 aberravit
1053 4321 1110 4369 ad
1161 4321 1371 4371 eiusdem
1415 4321 1675 4371 secundum
1719 4322 2044 4381 consulatum,
2090 4336 2132 4370 a.
2167 4320 2282 4370 228.
2321 4346 2389 4359 —
2423 4320 2480 4386 2)
2517 4320 2613 4372 oie.
2653 4321 2685 4370 1.
2707 4319 2738 4369 1.
2771 4322 2818 4367 et
2849 4318 2944 4366 inv·

574 4403 835 4463 a.17.52;
872 4402 988 4453 Val.
1026 4404 1159 4453 Max.
1196 4406 1310 4454 5.4.
1332 4408 1385 4464 ὃς
1428 4404 1625 4469 Dionys.
1662 4406 1709 4454 2.
1731 4404 1795 4453 26
1831 4422 1877 4470 p.
1916 4404 2029 4453 293.
