3192 5009
1010 267 1093 314 1111
1137 267 1291 313 mnu
1338 265 1791 314 onnunmmm.
2507 241 2589 310 91

266 435 437 500 hibere
488 441 691 520 potest
753 441 818 499 et
876 433 1062 499 debet
1079 483 1095 511 ,
1144 437 1363 520 itaque
1409 435 1565 496 hanc
1609 454 1733 499 non
1783 453 1918 499 esse
1963 433 2352 517 spectionem
2400 449 2596 515 quam

264 546 583 624 acceperunt
629 541 873 605 tribuni
922 539 1266 605 ostendunt
1311 539 1505 605 verba
1550 537 1862 617 Zonaras,
1905 558 2127 603 revera
2168 557 2355 602 nemo
2396 537 2598 601 nescit

262 646 483 710 tribunis
550 649 749 711 etiam
815 653 1035 732 postea
1095 646 1269 712 haud
1314 648 1540 732 'magis
1600 645 1859 710 licuisse
1920 646 2205 729 auspicia
2265 643 2596 727 impetrire

260 757 470 836 propter
520 751 787 817 001101118
834 751 1039 837 plebis
1089 752 1321 838 quibus
1366 757 1729 837 praeessent
1776 771 1970 836 quam
2017 756 2276 835 propter
2319 748 2597 833 reliquas

260 862 495 944 ipsorum
540 861 839 925 actiones.
890 857 1015 925 Sed
1062 863 1303 945 spectio
1323 907 1339 936 ,
1390 879 1551 943 quae
1600 857 1679 923 ad
1726 860 1988 922 comitia
2032 863 2096 921 et
2143 853 2406 921 concilia
2459 853 2597 918 sola

260 967 587 1049 pertinuisse
651 964 918 1042 dicatur,
984 968 1223 1051 spectio
1285 985 1435 1029 cum
1497 966 1900 1028 nuntiatione
1962 963 2156 1028 fuerit
2201 981 2452 1027 necesse
2499 965 2597 1024 est

260 1075 383 1148 (sive
421 1073 733 1136 nuntiatio
780 1093 858 1136 ex
908 1075 1275 1157 spectione),
1326 1078 1392 1138 et
1440 1069 1515 1135 (10
1563 1069 1737 1135 08010
1784 1068 2043 1155 quidem
2062 1117 2078 1146 ,
2127 1089 2279 1134 nam
2314 1069 2598 1152 auspicia

260 1176 501 1242 caelestia
545 1176 681 1243 sola
696 1226 713 1255 ,
764 1181 819 1242 si
867 1180 1156 1263 quaesita
1202 1185 1267 1243 et
1317 1179 1616 1242 nuntiata
1661 1182 1843 1241 erant
1863 1225 1880 1253 ,
1928 1176 2244 1240 habebant
2292 1177 2432 1239 vim
2477 1177 2598 1238 sin-

258 1283 497 1370 gularem
542 1288 611 1348 in
656 1287 921 1350 comitia
966 1291 1031 1350 et
1078 1283 1345 1349 concilia
1362 1332 1377 1362 ,
1432 1303 1626 1368 quam
1673 1303 1799 1347 non
1843 1281 2149 1347 haberent
2195 1284 2264 1345 in
2318 1279 2596 1365 reliquas

258 1410 359 1464 res,
400 1395 459 1454 et
502 1410 699 1476 quam
742 1411 871 1455 non
916 1389 1223 1455 haberent
1269 1389 1515 1475 reliqua
1556 1390 1842 1472 auspicia
1855 1408 1872 1466 3
1917 1389 2098 1472 atqui
2128 1390 2231 1451 ius
2255 1386 2596 1452 adhibendi

256 1497 485 1580 auspicia
520 1494 815 1570 caelestia
854 1499 1141 1580 quaesita
1178 1502 1244 1560 01
1291 1497 1589 1559 1101111818
1640 1493 1718 1559 8(1
1766 1496 2028 1558 comitia
2073 1498 2138 1558 et
2185 1491 2451 1558 concilia
2498 1497 2596 1557 est

256 1603 362 1686 ipsa
398 1603 627 1686 spectio
677 1600 754 1666 de
798 1601 968 1667 caelo
1019 1622 1173 1666 cum
1216 1603 1642 1666 nuntiatione.
1693 1599 2029 1665 Praeterea
2079 1597 2352 1664 Zonaras
2397 1601 2596 1663 etiam

258 1706 347 1771 hoc
399 1707 735 1793 diligenter
791 1707 1001 1784 addit,
1071 1727 1464 1793 quamquam
1510 1727 1584 1770 00
1634 1726 1712 1770 110
1762 1727 1922 1791 opus
1969 1705 2231 1790 quidem
2275 1704 2454 1770 nobis
2503 1712 2598 1770 001

256 1812 314 1876 ad
362 1820 515 1879 recte
574 1815 1031 1899 assequendam
1079 1817 1466 1880 sententiam
1512 1815 1652 1878 eius
1672 1861 1687 1889 ,
1736 1813 1856 1876 hoc
1901 1815 2004 1876 ius
2053 1813 2326 1877 tribunis
2375 1811 2600 1876 datum

256 1919 409 1984 fuisse
466 1925 541 1984 ut
602 1919 1069 2007 impedimento
1118 1927 1285 1986 esset
1334 1917 1517 2001 (ἔργῳ
1563 1919 1626 1983 δὲ
1673 1918 1933 1993 κώλυμα
1985 1914 2116 1999 ἤηε
2169 1921 2409 2004 spectio
2459 1921 2596 1984 sine

258 2028 607 2092 nuntiatione
646 2033 867 2092 autem
904 2029 1150 2091 nemini
1188 2033 1399 2112 potest
1436 2025 1902 2112 impedimento
1929 2044 2065 2090 esse
2096 2023 2143 2104 ¹)
2157 2045 2172 2104 ;
2201 2023 2336 2090 sola
2359 2027 2599 2111 spectio

258 2151 372 2196 cum
434 2135 830 2199 nuntiatione
900 2134 980 2198 ad
1046 2133 1529 2219 impediendum
1592 2139 1804 2218 potest
1867 2131 2188 2208 adhiberi,
2255 2136 2320 2195 01
2338 2180 2354 2208 ,
2419 2133 2475 2194 01
2519 2129 2600 2198 8(1

257 2240 470 2302 comitia
514 2246 579 2303 01
626 2238 893 2304 00001118
938 2238 1075 2304 0018
1120 2238 1529 2324 1111Ροὤοοᾶ8
1574 2238 1861 2303 adhiberi
1909 2242 2120 2321 potest
2139 2285 2154 2314 ,
2205 2257 2456 2302 necesse
2503 2242 2601 2301 est

254 2363 356 2407 enm
401 2344 473 2410 de
520 2343 695 2409 08010
744 2365 899 2411 0000.
964 2343 1105 2409 Hoc
1150 2348 1372 2431 ipsum
1419 2351 1640 2409 autem
1688 2343 1857 2428 quod
1905 2342 2100 2407 tradit
2144 2340 2414 2408 Zonaras
2461 2363 2600 2428 pro-

254 2447 333 2512 bat
369 2470 586 2514 verum
626 2471 765 2516 esse
805 2449 974 2535 quod
1015 2449 1205 2516 modo
1247 2450 1560 2515 affirmavi
1578 2499 1595 2526 ,
1639 2452 1781 2514 vim
1819 2449 2265 2534 prohibentem
2306 2447 2598 2513 fulminis

252 2559 477 2638 quaesiti
536 2558 671 2620 iam
737 2556 850 2620 diu
912 2563 1059 2621 ante
1104 2577 1160 2622 a.
1213 2554 1344 2620 449
1397 2555 1674 2621 valuisse
1721 2558 1790 2620 in
1837 2557 2102 2621 comitia
2167 2554 2424 2640 populi,
2474 2575 2598 2619 non

250 2659 417 2725 solum
461 2665 611 2748 quia
660 2661 934 2726 Zonaras
980 2663 1135 2727 dicit
1180 2664 1481 2747 patricios
1524 2663 1590 2724 ἐκ
1631 2665 1736 2726 τοῦ
1781 2661 1944 2725 πάνυ
1995 2663 2259 2740 ἀρχαίου
2300 2660 2598 2725 habuisse

248 2765 323 2828 ius
361 2767 769 2832 obnuntiandi
818 2771 1097 2833 comitiis
1116 2817 1133 2845 ‚
1184 2769 1295 2833 sed
1342 2771 1539 2833 etiam
1583 2771 1734 2853 quia
1773 2788 2026 2833 necesse
2067 2774 2165 2832 est
2203 2770 2597 2852 spectionem

250 2869 307 2934 de
357 2873 517 2940 caelo
581 2895 735 2939 cum
789 2877 1191 2939 nuntiatione
1238 2882 1419 2938 antea
1469 2887 1679 2939 ortam
1725 2875 1924 2939 fuisse
1971 2895 2049 2940 ex
2097 2876 2415 2959 spectione
2463 2877 2598 2940 sine

250 2982 603 3044 nuntiatione
650 2983 987 3046 coniuncta
1034 3002 1184 3046 cum
1230 2983 1299 3045 vi
1346 2980 1657 3046 comitiali
1705 2979 1998 3044 fulminis
2017 3030 2033 3058 ,
2081 3000 2276 3066 quam
2313 2983 2600 3065 potuerit

250 3102 336 3165 per
368 3083 574 3170 legem
620 3085 965 3171 specialem
1011 3086 1260 3151 traduci
1306 3086 1386 3151 ad
1433 3087 1722 3152 tribunos
1763 3086 1851 3172 pl.
1893 3087 2230 3151 Praeterea
2246 3135 2262 3164 ,
2305 3089 2361 3151 si
2389 3086 2560 3152 forte
2579 3135 2595 3164 ,

252 3189 385 3272 quod
438 3212 627 3276 supra
684 3194 752 3256 in
815 3192 1029 3258 medio
1092 3192 1472 3278 reliquimus
1488 3241 1505 3270 ,
1572 3195 1674 3258 vis
1721 3192 2015 3258 fulminis
2060 3193 2404 3279 prohibens
2451 3198 2598 3258 ante

252 3313 294 3356 a.
334 3293 451 3360 449
494 3299 755 3362 nondum
798 3297 1107 3363 translata
1152 3299 1281 3363 fuit
1326 3299 1407 3364 ad
1445 3297 1710 3364 concilia
1749 3297 1950 3384 plebis
1973 3347 1987 3374 ,
2026 3319 2278 3364 necesse
2318 3305 2416 3363 est
2453 3319 2598 3364 eam

250 3417 309 3460 οι
358 3400 465 3466 hac
522 3405 665 3488 ipsa
721 3401 869 3489 lege
886 3453 903 3482 ,
978 3425 1173 3489 quam
1234 3403 1503 3469 Zonaras
1566 3406 1849 3469 servavit
1865 3453 1882 3482 ,
1948 3407 2017 3468 in
2077 3396 2342 3470 concilia
2385 3405 2597 3471 valere

250 3509 487 3590 coepisse
502 3530 519 3585 ;
584 3529 979 3595 quamquam
1027 3509 1380 3576 verisimile
1427 3517 1525 3575 est
1568 3509 1787 3595 legem
1836 3509 1957 3574 hoc
2001 3531 2130 3575 non
2177 3510 2410 3575 diserte
2456 3532 2599 3604 con-

250 3612 491 3677 stituisse
506 3661 525 3690 ,
590 3614 702 3679 sed
760 3617 953 3680 tacite
1000 3615 1070 3680 id
1116 3601 1467 3700 sumpsisse
1514 3618 1651 3680 sine
1699 3637 1824 3700 quo
1871 3618 2010 3701 ipsa
2054 3614 2234 3681 nulla
2279 3637 2414 3681 esse
2459 3637 2598 3702 pos—

250 3721 341 3778 set.
380 3755 459 3764 —
504 3717 698 3783 Hunc
757 3719 976 3786 locum
1036 3721 1347 3798 Zonaras,
1414 3743 1541 3806 quo
1590 3744 1748 3784 unus
1795 3727 2052 3786 tantum
2096 3724 2356 3808 gravior
2403 3730 2467 3788 et
2515 3722 2594 3788 ad

248 3821 752 3890 obnuntiationem
820 3826 1177 3892 Romanam
1239 3827 1743 3914 cognoscendam
1792 3827 2016 3892 utilior
2061 3830 2339 3893 inveniri
2383 3834 2597 3913 potest

248 3927 297 3990 in
328 3927 543 3995 litteris
583 3934 865 4018 antiquis
891 3930 965 4013 ⁸),
1017 3933 1305 4020 plerique
1352 3935 1479 3998 viri
1526 3933 1697 3998 docti
1745 3953 1888 3998 eam
1936 3933 2014 3998 ob
2065 3953 2325 3998 causam
2372 3936 2597 4001 reiece-

306 4213 343 4274 1)
372 4215 485 4264 rm.
519 4232 563 4282 p.
602 4215 724 4264 aas:
768 4213 999 4276 ‚privatis
1030 4215 1211 4278 metio
1246 4214 1350 4263 sim
1384 4213 1692 4263 nuntiatione
1720 4181 1842 4262 sata
1875 4219 1974 4271 m.
2011 4220 2071 4264 ut
2095 4214 2191 4277 ipsi
2219 4216 2470 4278 auspicato
2497 4232 2595 4266 m·

240 4302 445 4356 qam.
478 4314 571 4348 non
605 4303 663 4347 nc
694 4299 819 4347 alio»
848 4298 1133 4360 inpedirent
1165 4295 1481 4346 nassau-dd&
1522 4325 1587 4334 —
1622 4298 1679 4362 8)
1717 4297 1850 4346 Unus
1889 4296 2018 4346 locus
2051 4313 2194 4360 quem
2229 4298 2335 4347 dico
2369 4302 2440 4347 est
2471 4299 2591 4348 eine·

250 4377 335 4426 de·
374 4379 555 4444 Dionis,
605 4381 685 4431 88.
709 4381 785 4430 18.
809 4381 839 4430 8
873 4395 961 4445 eq..
1006 4395 1149 4444 quem
1192 4395 1337 4445 supra
1380 4379 1542 4430 attuli.
1590 4381 1704 4430 Iure
1752 4379 1944 4430 mireris
1975 4379 2345 4431 inconstantiam
2377 4381 2593 4431 virorum
