3192 5009
514 212 602 279 28
1547 228 1857 279 memus.

503 399 761 463 veniam
807 416 1058 481 sperare
1095 394 1312 461 licet.”
1363 393 1488 459 Vos
1529 397 1797 480 speratis
1836 396 2123 471 veniam,
2167 393 2336 479 quod
2378 394 2681 480 pugnatis
2704 440 2719 469 ,
2763 411 2890 455 non

507 504 677 591 quod
737 503 1139 590 pugnabitis,
1191 522 1341 566 nam
1386 503 1522 566 iam
1568 500 1817 565 dudum
1862 503 2260 567 accinxerant
2304 520 2503 565 arma.
2568 497 2628 563 N
2631 520 2712 563 on
2755 502 2893 562 tam

508 608 802 695 expedita
853 607 1099 694 reliqua
1147 614 1318 672 sunt.
1367 605 1698 672 Sententia
1743 613 1873 673 est:
1923 629 2042 674 vos
2086 609 2462 694 Pompeiani
2506 627 2620 692 pro
2668 609 2894 670 senatu

507 717 884 803 legibusqus
922 717 1229 801 pugnatis
1249 763 1264 791 ,
1307 734 1494 779 nemo
1535 717 1593 778 si
1633 716 1792 779 victi
1833 717 2011 779 eritis
2051 715 2232 779 vobis
2258 733 2621 778 succensere
2644 716 2856 797 potest
2872 731 2889 787 ;

509 828 577 889 at
632 820 996 888 Caesariani
1037 822 1196 886 bene
1245 827 1480 885 norunt
1499 870 1538 897 ,.
1567 824 1623 885 si
1670 842 1899 885 manus
1945 821 2267 897 dederint,
2318 840 2590 907 poenam
2634 818 2756 883 sibi
2799 818 2895 879 in·

512 936 679 995 stare
727 936 802 993 ut
849 928 1280 1013 proditoribus
1328 927 1714 1013 reipublicae
1728 949 1745 1005 ;
1797 930 2004 1014 igitur
2046 949 2159 994 vos
2199 927 2382 992 facile
2416 948 2594 991 arma
2631 927 2890 1010 ponitis,

504 1036 606 1101 il]i
648 1035 728 1100 ad
767 1040 1044 1099 mortem
1083 1055 1284 1120 usque
1323 1040 1628 1119 perstant.
1670 1034 1907 1099 Sceleri
1942 1038 2153 1099 iurata
2192 1033 2459 1099 nefando
2500 1036 2891 1097 sacramenta

506 1168 588 1194 =
609 1141 1060 1206 iusiurandum
1110 1162 1235 1226 quo
1285 1162 1350 1205 se
1397 1161 1549 1226 erga
1595 1140 1935 1206 scelestum
1981 1138 2371 1221 (Gaesarem)
2424 1139 2889 1225 obligaverunt.

597 1359 672 1424 V.
723 1358 877 1425 811.
941 1360 1036 1426 De
1101 1356 1394 1427 Cornelia
1454 1365 1600 1445 post
1661 1360 2010 1425 discessum
2060 1360 2358 1447 Pompeii
2402 1363 2539 1437 sui,
2588 1380 2780 1445 quem
2821 1360 2891 1422 in

506 1466 705 1532 cubili
777 1488 996 1532 somno
1069 1471 1338 1553 gravata
1402 1466 1641 1531 frustra
1702 1468 1982 1551 quaerit:
2051 1486 2244 1543 „nam
2292 1470 2587 1552 quamvis
2632 1466 2893 1531 flamma

508 1578 708 1637 tectas
781 1579 1005 1638 urente
1072 1571 1388 1638 medullas
1443 1573 1455 1658 Ι
1511 1611 1596 1621 -
1663 1578 1953 1637 servatur
2014 1592 2159 1658 pars
2222 1572 2334 1637 illa
2395 1573 2564 1638 tori”
2628 1576 2723 1653 (in
2769 1592 2895 1659 qua

509 1678 856 1764 Pompeius
905 1679 1281 1744 decumbere
1330 1677 1622 1758 solebat).
1672 1679 1870 1743 Ashb.
1924 1686 2107 1742 tectas
2154 1684 2218 1743 et
2266 1682 2356 1743 sic
2404 1678 2459 1742 V
2482 1678 2542 1743 U
2566 1678 2644 1743 M
2688 1700 2775 1743 m.
2826 1677 2888 1756 2,

507 1783 917 1850 Taurinensis
958 1784 1256 1850 d'Orvilii
1270 1806 1286 1863 ;
1331 1791 1522 1847 tactas
1556 1784 1652 1848 M.
1680 1784 1758 1849 R.
1802 1787 1894 1864 (in
1933 1806 2057 1870 quo
2098 1793 2263 1849 taeta
2300 1792 2634 1867 eurqenle);
2678 1786 2895 1849 tacitae

507 1890 587 1955 U.
633 1913 722 1955 m.
759 1890 800 1956 2
840 1897 905 1957 et
943 1892 1206 1956 fortasse
1245 1890 1338 1955 M.
1379 1912 1648 1956 manum
1688 1894 1998 1976 primam,
2024 1912 2221 1977 paene
2246 1892 2581 1958 evanidam
2603 1942 2619 1970 ,
2650 1895 2740 1957 sic
2764 1914 2897 1957 cor-

509 1999 696 2061 rexit.
739 1996 930 2082 Optio
969 2004 1226 2062 tantum
1266 2018 1399 2062 esse
1438 2004 1651 2082 potest
1678 2000 1848 2062 inter
1870 2005 2053 2062 tectae
2076 2006 2139 2063 et
2163 2006 2371 2076 tactae,
2400 1999 2617 2062 tacitae
2640 2001 2896 2063 etiamsi

510 2109 736 2189 aptum
784 2110 948 2169 esset
967 2154 983 2181 ,
1033 2103 1238 2189 quod,
1289 2125 1437 2168 cum
1483 2126 1610 2168 non
1658 2104 2055 2191 significetur
2100 2104 2267 2170 clam
2313 2112 2426 2171 aut
2472 2108 2709 2171 sensim
2754 2127 2895 2191 pro-

508 2231 732 2295 repens
805 2232 1003 2287 amor,
1075 2210 1444 2297 negandum
1511 2217 1610 2275 est
1678 2210 1881 2291 (tabes
1953 2214 2164 2275 tacitis
2230 2218 2531 2297 concepta
2589 2210 2895 2277 medullis

505 2316 762 2381 Petron.
819 2315 968 2384 119.
997 2316 1130 2399 54),
1181 2324 1397 2381 tamen
1443 2320 1821 2383 auctoritate
1867 2318 2132 2384 cederet.
2180 2318 2474 2383 Praestat
2518 2322 2651 2384 sine
2699 2319 2892 2383 dubio

508 2427 726 2487 contra
787 2424 902 2487 A.:
968 2430 1159 2487 taeta-9
1183 2450 1263 2473 =
1289 2426 1584 2508 quamvis
1647 2429 1847 2489 tactas
1902 2424 2218 2490 medullas
2238 2474 2254 2502 ,
2304 2446 2457 2489 nam
2502 2426 2767 2510 quamvis
2814 2424 2896 2489 ad

509 2534 725 2593 totum
779 2550 1030 2595 comma
1075 2532 1370 2614 pertinet.
1421 2528 1655 2594 Multis
1702 2537 1950 2616 pugnat
1998 2530 2250 2597 (lortius
2296 2554 2411 2616 pro
2456 2539 2703 2612 umente
2720 2580 2735 2608 ‚
2786 2531 2897 2596 sed

505 2637 672 2699 ratio
744 2635 916 2699 favet
977 2634 1204 2699 urendi
1263 2635 1571 2701 vocabulo
1637 2641 1728 2715 (et
1775 2639 1866 2700 sic
1912 2635 1967 2699 V
1990 2636 2113 2717 M),
2182 2640 2305 2701 nisi
2368 2638 2531 2702 forte
2576 2636 2894 2703 medullae

505 2744 682 2826 ipsae
733 2740 975 2825 aliquid
1022 2744 1378 2826 patiuntur.

597 2943 702 3007 VI.
761 2943 909 3008 144.
985 2944 1223 3011 Scaeva
1294 2952 1695 3023 „castrorum
1763 2949 1835 3010 in
1904 2946 2086 3031 plebe
2157 2947 2442 3013 merebat
2484 2948 2494 3035 Ι
2535 2953 2681 3014 ante
2729 2951 2894 3015 feras

505 3050 800 3115 Rhodani
847 3052 1116 3137 gentes''
1167 3055 1237 3133 (i.
1266 3074 1320 3117 e.
1363 3060 1508 3117 ante
1548 3052 1793 3118 bellum
1831 3074 1982 3117 cum
2020 3053 2171 3117 feris
2210 3052 2287 3117 R.
2327 3055 2649 3141 gentibue,
2676 3060 2894 3141 quasi:

509 3162 655 3219 ante
695 3161 918 3221 notam
958 3159 1300 3237 feritatem,
1343 3159 1422 3223 cf.
1448 3158 1530 3222 Π.
1561 3157 1693 3223 498
1731 3165 1877 3245 post
1912 3158 2257 3224 Rubiconis
2282 3166 2522 3245 aquas).
2566 3160 2896 3241 Quomodo

505 3284 586 3327 ex
633 3264 700 3325 in
735 3264 916 3345 plebe
962 3268 1245 3350 potuerit
1289 3268 1357 3329 in
1404 3266 1479 3329 A.
1531 3268 1804 3331 existere
1851 3266 2117 3347 inplere,
2168 3266 2449 3347 implere,
2494 3267 2776 3346 dictum,
2818 3291 2897 3333 ex

505 3370 751 3449 implere
791 3372 932 3449 (sic)
974 3376 1120 3435 tum
1169 3372 1476 3455 impellere
1521 3372 1767 3436 factum
1814 3378 1927 3449 (m.
1978 3372 2066 3451 2),
2110 3372 2219 3437 sed
2265 3393 2344 3437 an
2390 3394 2468 3437 ex
2511 3375 2632 3440 hoc
2678 3397 2900 3462 propa-

509 3482 664 3561 gata
712 3477 799 3539 sit
844 3474 1033 3540 lectio
1053 3525 1070 3553 ,
1113 3496 1308 3561 quam
1346 3498 1434 3541 m.
1487 3476 1527 3540 3
1569 3483 1669 3556 (ea
1716 3498 1876 3562 quae
1924 3476 2127 3564 vulgo
2173 3478 2606 3545 interlinearia
2651 3483 2898 3564 scribit)

506 3603 699 3668 supra
745 3584 1031 3667 scripsit:
1074 3582 1381 3664 impellere
1421 3591 1629 3646 metam
1668 3584 1912 3649 dubito.
1940 3583 2339 3650 Sententiam
2362 3590 2535 3652 enim
2558 3588 2748 3653 habet
2771 3612 2898 3655 non

499 3687 760 3753 malam.
821 3686 1001 3752 Meta
1047 3693 1144 3752 est
1189 3689 1450 3753 inferior
1495 3711 1643 3775 pars
1693 3691 2015 3755 molarum
2065 3692 2479 3757 trusatilium.
2531 3694 2776 3760 Paulus
2821 3699 2892 3760 in

499 3796 652 3881 Dig.
701 3794 1012 3859 XXXIII.
1066 3792 1125 3861 7.
1159 3794 1262 3859 18.
1295 3796 1332 3860 5
1385 3796 1655 3861 totidem
1701 3799 1949 3864 verbis:
1996 3804 2137 3874 „est
2176 3804 2397 3863 autem
2439 3806 2613 3865 meta
2636 3802 2898 3867 inferior

505 3922 652 3988 pars
720 3900 928 3966 molae
948 3950 964 3978 ,
1038 3901 1293 3966 catillus
1362 3904 1715 3988 superior.’'
1791 3903 2013 3990 Itaque
2076 3906 2360 3969 truditur
2423 3910 2559 3972 sive
2604 3914 2901 3973 versatur

503 4010 757 4094 proprie
806 4006 1060 4072 catillus
1080 4056 1095 4084 ,
1147 4015 1363 4073 tamen
1413 4011 1626 4073 Amm.
1678 4010 1877 4075 Marc.
1930 4009 2133 4075 XVII.
2187 4011 2247 4075 4.
2284 4010 2365 4075 15
2406 4013 2897 4081 molendinarias

505 4119 716 4178 rotare
788 4118 994 4176 metas
1064 4113 1246 4178 dixit.
1323 4114 1564 4179 Scaeva
1634 4117 1841 4201 igitur
1912 4116 2265 4182 secundum
2329 4118 2489 4183 hanc
2555 4118 2899 4188 lectionem

508 4219 714 4287 molas
778 4219 1104 4284 trusatiles
1164 4222 1233 4284 in
1296 4224 1518 4285 castris
1579 4228 1913 4289 versasset.
1980 4222 2225 4310 Magna
2268 4246 2415 4290 sane
2466 4230 2779 4311 sagacitas
2824 4228 2901 4293 li-

506 4330 724 4406 brarii,
776 4328 888 4413 qui
923 4324 1222 4391 lacunam
1270 4333 1415 4413 post
1462 4328 1733 4394 verbum
1774 4330 2099 4413 impellere,
2144 4333 2233 4396 sic
2276 4330 2735 4418 supplevisset,
2784 4356 2900 4420 pro
