3192 5009
1034 903 1181 1000 ΑΙ)
1236 899 1953 990 TERTULLIANI

347 1103 506 1192 DE
557 1102 713 1192 PU
747 1101 1243 1192 DICITIA
1297 1099 1442 1189 ET
1491 1099 1653 1188 DE
1706 1094 2611 1188 PAENITENTIA.

1341 1320 1588 1362 SGRIPSIT

1066 1489 1126 1556 J.
1173 1487 1350 1554 VAN
1395 1487 1570 1554 DER
1614 1487 1887 1554 VLIET.

1274 1764 1669 1802 w·-

1365 1987 1661 2041 Tertulliani
1690 2005 1843 2054 opera.
1878 1991 1952 2040 ed.
1990 1989 2175 2040 omn.
2208 1989 2279 2038 ed.
2316 1986 2481 2036 maior.
2517 1985 2601 2034 ool.
2621 1985 2669 2035 1.

1412 2089 1462 2137 p.
1497 2072 1778 2126 ‘Iol-848.
1816 2101 1871 2110 —
1912 2072 2193 2122 648-666.

1367 2145 1664 2206 Tertulliani
1694 2171 1855 2223 opera.
1884 2157 1956 2206 ed.
1985 2152 2337 2220 Reifferscheid
2356 2157 2407 2202 et
2433 2151 2667 2200 Wissowa.

1414 2255 1530 2304 pan
1565 2241 1606 2289 Ῑ.
1637 2255 1683 2303 ρ.
1720 2238 2002 2292 elo-878.

1364 2318 1663 2372 Tertulliani
1686 2323 1746 2372 do
1766 2320 2081 2385 paenitentia,
2104 2321 2164 2370 do
2174 2318 2430 2385 pudicitia.
2460 2317 2671 2368 Heroas-

1419 2405 1619 2470 9eqeben
1650 2421 1736 2455 oon
1770 2405 1868 2455 zio.
1904 2404 2061 2455 Emis·
2097 2403 2383 2454 Pramnos.

385 2563 460 2630 B.
511 2563 662 2630 219.
694 2565 754 2629 3.
803 2564 1117 2629 Pudicitia
1133 2615 1150 2643 ,
1174 2568 1300 2650 flos
1337 2589 1586 2644 morum,
1628 2568 1815 2630 honor
1844 2589 2149 2649 corporum
2165 2616 2182 2644 ,
2208 2568 2382 2630 decor
2402 2585 2667 2641 sexuum,

289 2671 612 2753 intem-itas
651 2671 965 2752 sanquinis
982 2719 997 2748 ,
1029 2673 1195 2755 fides
1226 2672 1465 2752 yeneris
1479 2724 1495 2754 ,
1523 2673 1997 2758 fundamentum
2031 2671 2375 2736 sanctitatis
2393 2721 2408 2748 ,
2445 2691 2670 2754 prae-

293 2778 688 2841 iudicium
753 2779 1100 2842 omnibus
1166 2779 1412 2842 bonae
1469 2779 1790 2857 mentis,
1840 2803 2189 2865 quamquam
2234 2801 2379 2842 rara
2424 2777 2670 2862 necfa-

293 2883 412 2947 eite
458 2884 745 2969 perfecta
790 2885 1002 2968 via-que
1037 2891 1336 2967 perpetua
1353 2933 1368 2962 ,
1420 2892 1615 2948 tamen
1661 2886 2045 2970 atiquatenus
2089 2886 2158 2949 in
2201 2884 2435 2948 saeculo
2484 2905 2670 2946 mora-

293 2991 476 3067 bitur,
522 2991 579 3053 si
623 2998 844 3053 natura
875 2991 1355 3074 praestruxerit,
1404 2992 1460 3054 si
1505 2991 1838 3074 diseipbina
1870 2992 2281 3076 persuaserit,
2328 2999 2383 3055 si
2422 3012 2671 3054 censura

297 3097 730 3179 compresserit,
792 3097 849 3161 si
907 3097 1142 3183 quidem
1207 3121 1369 3162 omne
1412 3098 1601 3161 animi
1647 3099 1855 3162 bonum
1901 3107 2009 3162 aut
2056 3099 2343 3180 nascitur,
2394 3104 2502 3161 aut
2544 3119 2673 3160 eru·-

297 3202 468 3268 ditur
501 3210 608 3267 aut
645 3203 894 3285 ooyitur.
942 3203 1068 3268 Pro
1097 3203 1548 3287 praeiudicium
1588 3205 1851 3268 omnibus
1888 3206 2070 3269 bonae
2112 3206 2325 3269 mentis
2340 3253 2357 3283 ,
2406 3202 2675 3269 scriben-

300 3309 456 3374 dum
501 3309 757 3374 videtur
790 3309 1236 3392 praeiudicium
1286 3310 1550 3374 omnibus
1594 3311 1765 3376 bonls
1812 3312 2043 3375 mentis.
2090 3311 2410 3376 Pudicitia
2453 3314 2672 3375 autem

300 3422 398 3482 est
458 3414 696 3480 bonum
758 3417 993 3480 mentis
1050 3416 1155 3496 (cf.
1207 3436 1300 3481 vs.
1351 3413 1392 3480 8
1440 3438 1607 3480 omne
1651 3417 1838 3480 animi
1885 3418 2115 3494 bonum)
2164 3417 2333 3502 quod
2381 3415 2677 3481 omnibus

299 3519 562 3606 reliquis
607 3521 998 3606 praeiudicat
1043 3522 1224 3586 bonis
1262 3524 1514 3587 mentia.
1563 3520 1693 3587 Ubi
1731 3523 2111 3608 pudicitiam
2145 3524 2485 3599 inveneri&
2526 3521 2678 3587 licet

297 3627 393 3692 ibi
430 3647 650 3693 omnes
689 3633 927 3692 ceteras
965 3630 1240 3694 virtutes
1265 3633 1576 3713 expectes,
1620 3627 1697 3693 cf.
1726 3649 1779 3694 c.
1808 3626 1869 3693 9.
1898 3650 1959 3713 p.
1987 3627 2139 3693 236.
2168 3627 2255 3694 30
2281 3635 2489 3692 exutus
2513 3626 2678 3691 bonis

300 3733 512 3797 mentis
529 3782 545 3811 ,
585 3732 698 3797 ubi
737 3739 952 3798 tamen
991 3733 1160 3798 ludit
1197 3736 1464 3820 scriptor
1502 3736 1571 3798 in
1595 3732 1837 3819 duplici
1860 3733 2157 3800 vocabuii
2182 3733 2674 3821 significatione:

300 3841 451 3903 bona
486 3863 565 3889 =
591 3839 1026 3921 patrimonium
1043 3887 1059 3916 ,
1122 3840 1271 3902 bona
1307 3865 1386 3890 =
1422 3839 1693 3926 uirtutes.
1757 3839 2203 3904 Praeiudieium
2252 3861 2401 3905 cum
2446 3839 2680 3905 Dativo

299 3948 593 4010 iunctum
637 3943 998 4031 analogiam
1037 3945 1216 4010 verbi
1253 3947 1563 4030 sequitur,
1605 3944 1684 4010 cf.
1724 3945 1885 4010 Pud.
1936 3944 2037 4010 15.
2086 3945 2164 4010 R.
2208 3944 2362 4011 251.
2390 3945 2497 4011 26.
2538 3947 2683 4010 haee

297 4050 481 4114 sicuti
550 4057 607 4114 et
663 4050 1021 4132 praeteritis
1067 4051 1478 4132 praescribere
1494 4099 1511 4128 ‚
1575 4050 1668 4113 ita
1730 4059 1787 4114 et
1845 4051 2217 4136 sequentibus
2251 4051 2682 4134 praeiudicare

299 4156 602 4220 debebunt.
655 4155 800 4220 adv.
841 4155 1042 4220 Marc.
1085 4155 1134 4220 I.
1179 4177 1230 4220 c.
1278 4153 1339 4220 9.
1383 4154 1615 4220 Oehler
1658 4178 1719 4241 p.
1772 4153 1856 4221 57
1904 4155 2029 4221 vol.
2072 4155 2155 4221 Π.
2202 4178 2296 4221 vs,
2344 4154 2424 4221 19
2472 4156 2569 4220 sin
2607 4159 2683 4222 de

297 4261 478 4326 certis
524 4269 580 4325 et
625 4261 988 4325 indubitatis
1035 4269 1092 4325 et
1139 4263 1428 4326 absolutis
1475 4262 1719 4342 requlae
1748 4263 2035 4345 partibus
2082 4263 2327 4327 incertis
2371 4270 2429 4327 et
2481 4263 2682 4328 dubiis

299 4374 360 4432 et
428 4367 792 4450 inexpeditis
845 4367 1374 4451 praeiudicabunt.
1446 4368 1532 4433 ib.
1597 4389 1651 4433 c.
1704 4365 1765 4434 ’7.
1829 4391 1891 4454 p.
1944 4367 2049 4434 54.
2094 4367 2181 4434 23
2243 4368 2301 4433 si
2360 4371 2679 4436 communio

297 4473 600 4540 nominum
644 4474 1081 4540 conditionibus
1114 4475 1525 4558 praeiudicat.
