3192 5009
501 277 631 344 120
1556 292 1797 341 morso.

493 463 742 551 ligitur,
792 465 846 527 si
890 468 1035 549 post
1081 462 1341 545 exceptis
1384 482 1666 546 reponas.
1723 460 1932 545 Atque
1979 458 2148 523 hunc
2194 456 2481 522 ordinem
2516 455 2879 521 verborum

496 568 791 656 exempla
852 570 1295 635 commendant
1358 567 1537 633 Fam.
1588 566 1665 631 V.
1714 565 1822 644 21,
1870 566 1905 630 1
1971 571 2208 648 excepto
2264 585 2382 627 uno
2437 570 2544 625 aut
2585 582 2880 625 summum

497 677 720 754 altero,
771 676 847 741 de
895 674 1067 741 Orat.
1116 675 1165 740 I.
1219 674 1304 741 38
1353 675 1611 758 εωσερίὶε
1647 673 1809 738 vobis
1846 672 2086 735 duobus.
2128 670 2297 735 Plin.
2341 670 2460 755 Ep.
2495 668 2634 733 VII.
2667 667 2772 745 11,
2799 664 2876 730 5.

494 783 634 870 Ego
678 782 779 847 illi
824 804 901 847 ex
948 782 1221 868 praediis
1260 784 1421 847 meis
1470 788 1554 830 -’-
1605 778 1809 845 obtuli
1847 778 2104 862 exceptis
2141 776 2426 841 maternis
2450 774 2877 860 paternisque.

583 986 660 1051 V.
710 986 818 1064 21,
846 985 906 1051 3.
955 1009 1130 1071 quum
1169 986 1482 1070 Pompeius
1505 1024 1591 1035 -
1617 1008 1903 1072 nusquam
1938 983 2300 1048 dimittatur.
2345 982 2659 1065 Nusquam
2681 998 2882 1065 saepe

496 1115 533 1159 a
578 1096 834 1158 comicis
851 1142 868 1170 ,
917 1114 1057 1157 raro
1106 1114 1143 1157 a
1188 1094 1600 1179 scriptoribus
1646 1094 1906 1178 ponitur
1952 1091 2032 1155 ad
2080 1086 2573 1174 significandum
2611 1092 2880 1151 motum

492 1202 563 1263 in
609 1197 889 1283 aliquem
931 1198 1183 1276 locum,
1223 1204 1299 1263 ut
1336 1199 1399 1261 h.
1424 1197 1470 1262 l.
1498 1205 1562 1263 et
1582 1201 1652 1263 in
1675 1196 1941 1283 epistola
1963 1194 2274 1261 Pollionis
2300 1194 2476 1259 Fam.
2505 1193 2588 1259 X.
2621 1191 2730 1270 32,
2763 1190 2876 1255 12.

499 1303 596 1372 Of.
643 1305 885 1370 Handii
930 1302 1111 1369 Turs.
1158 1302 1265 1368 IV.
1312 1326 1375 1389 p.
1428 1302 1581 1369 348.

586 1492 694 1557 VI.
748 1491 806 1571 1,
836 1490 893 1559 7.
946 1492 1185 1557 Brutus
1232 1494 1318 1556 ad
1359 1515 1447 1557 me
1493 1531 1578 1541 —
1627 1494 2064 1572 contumaciter,
2122 1500 2492 1573 arroyanter,
2556 1487 2879 1560 (ἐκοινωνή-

498 1624 611 1667 τως
660 1600 809 1663 εοίει
850 1600 1102 1663 scribere
1120 1649 1135 1676 ,
1183 1608 1247 1665 et
1296 1598 1357 1677 3,
1387 1596 1424 1665 7
1475 1597 1694 1666 Cicero
1735 1603 2023 1685 queritur
2058 1602 2126 1665 in
2165 1599 2352 1663 Bruti
2385 1597 2621 1662 litteris
2667 1598 2879 1661 inesse

497 1728 785 1787 arroqam
801 1754 818 1783 ,
906 1704 1288 1777 ἀκοινώνητον
1366 1706 1624 1792 aliquid.
1720 1704 2068 1793 Tyrrellus'
2118 1705 2405 1769 iudicans
2473 1701 2619 1768 illas
2686 1721 2884 1767 voces

501 1809 771 1877 Graecas
824 1809 1129 1898 languere
1189 1818 1333 1897 post
1392 1812 1651 1877 Latinas
1669 1861 1685 1890 ,
1747 1833 1905 1897 quae
1950 1811 2370 1898 praecedunt,
2439 1826 2474 1875 e
2523 1809 2690 1874 libro
2739 1807 2881 1873 Me—

500 1918 676 1983 diceo
724 1920 959 2002 recepit
1005 1918 1421 1991 οὶκοινονοήτως
1470 1925 1532 1984 et
1580 1919 2005 1995 ἀκοινονόητον,
2054 1938 2215 2003 quae
2263 1916 2473 2003 magis
2530 1918 2885 1981 sententiae

498 2023 874 2108 respondere
912 2030 1141 2089 censet.
1187 2023 1329 2111 Ego
1368 2025 1590 2089 dubito
1628 2046 1787 2090 num
1828 2022 2046 2091 Cicero
2086 2024 2431 2089 rarioribus
2454 2021 2590 2087 illis
2613 2020 2880 2088 vocibus

501 2150 654 2194 usus
698 2132 783 2193 sit
828 2136 891 2194 et
935 2128 1282 2217 vulgatum
1328 2133 1597 2196 retinere
1643 2130 1836 2196 malo.
1909 2131 2293 2205 ἀκοινώνητος
2345 2135 2441 2196 est
2460 2177 2477 2206 ,
2545 2132 2656 2214 qui
2717 2125 2886 2193 nihil

500 2236 623 2300 sibi
690 2255 838 2299 cum
898 2235 1042 2300 aliis
1098 2256 1437 2302 commune
1501 2258 1635 2303 esse
1695 2236 1842 2303 vult
1858 2286 1874 2315 ,
1922 2236 2296 2313 illiberalis3
2346 2238 2565 2321 itaque
2611 2238 2680 2299 in
2725 2232 2884 2298 Plu-

501 2343 704 2406 tarchi
766 2340 1061 2428 Sympos.
1126 2342 1189 2406 Π
1250 2345 1547 2430 iungitur
1601 2364 1752 2408 cum
1799 2342 2193 2422 ἀνελευθέρῳ.
2243 2342 2640 2407 Adverbium
2687 2337 2879 2425 paulo

500 2447 707 2512 lenius
778 2452 875 2512 est
893 2496 908 2524 ,
972 2469 1165 2533 quam
1212 2470 1429 2534 aspere
1476 2448 1583 2515 vel
1628 2450 1865 2515 acerbe.
1917 2449 2236 2515 Adiectivi
2283 2450 2422 2513 vim
2467 2448 2626 2513 bene
2671 2444 2882 2511 reddit

501 2553 845 2619 Wielandii
888 2555 1449 2619 zurt’c‘cketoezendee.

589 2750 697 2817 VI.
747 2751 809 2828 2,
838 2751 897 2815 5.
938 2752 1069 2815 eine
1111 2752 1244 2815 ulla
1290 2751 1638 2831 iqnominia.
1704 2749 1799 2817 Cf.
1849 2751 2024 2817 Plut.
2071 2754 2140 2817 in
2190 2750 2320 2818 Cic.
2374 2750 2461 2815 36
2524 2750 2662 2820 τοὺς
2721 2750 2882 2813 ἀπο·

500 2856 774 2929 τίνοντας
824 2857 985 2922 οὐδὲν
1034 2856 1217 2922 πλέον
1264 2860 1479 2923 τούτου
1527 2856 1856 2927 παθόντας
1907 2858 2226 2937 ἐπιτίμους
2279 2854 2678 2937 διεφύλαξεν.

591 3046 696 3111 VI.
766 3045 824 3125 7,
867 3048 943 3111 2.·
1003 3048 1279 3110 Rhodam
1344 3045 1475 3109 volo
1522 3068 1850 3129 puerorum
1910 3068 2096 3109 cauea
2114 3095 2130 3124 ,
2192 3046 2334 3109 inde
2393 3070 2566 3132 quam
2617 3046 2884 3129 primum

502 3155 767 3217 Athenas
783 3202 799 3231 ,
865 3154 976 3217 etsi
1027 3154 1244 3216 etesiae
1290 3152 1468 3215 valde
1515 3153 1760 3235 refluant,
1823 3154 1928 3216 ced
1958 3153 2154 3235 plane
2198 3152 2332 3215 volo
2377 3153 2474 3216 his
2518 3152 2888 3234 maqietrau'-

500 3260 625 3323 bus.
672 3258 1082 3325 Lehmannus
1127 3258 1281 3323 haec
1328 3257 1519 3322 verba
1566 3260 1788 3344 attigit
1830 3260 1899 3321 in
1946 3257 2200 3337 Quaest.
2250 3257 2419 3323 Tull.
2468 3281 2531 3345 p.
2585 3257 2689 3326 70.
2737 3259 2886 3323 Par-

500 3368 622 3429 tim
684 3386 832 3430 cum
887 3387 959 3430 eo
1020 3364 1215 3429 verba
1278 3366 1369 3428 sic
1430 3366 1712 3449 corrigo:
1782 3371 1872 3442 et,
1938 3364 2060 3427 nisi
2123 3364 2338 3429 etesiae
2400 3366 2579 3429 valde
2623 3366 2844 3449 reflant
2863 3412 2879 3441 ,

501 3470 701 3549 reddre
732 3472 927 3553 plane
971 3470 1103 3534 volo
1146 3470 1244 3533 hie
1288 3469 1750 3551 maai-stratibus.
1798 3469 1942 3535 Non
1988 3492 2146 3555 opus
2194 3475 2292 3536 est
2339 3468 2485 3537 addi
2533 3473 2618 3534 ad
2664 3471 2877 3547 urbem,

504 3579 735 3641 domum
778 3575 884 3641 vel
931 3578 1015 3639 ad
1054 3598 1173 3640 vos.

594 3778 704 3843 VI.
755 3779 815 3857 9,
843 3778 905 3844 2.
968 3776 1228 3857 ἄτυφον,
1296 3778 1464 3864 quod
1528 3781 1781 3864 proprie
1829 3780 2194 3845 modestum
2239 3780 2592 3868 significat,
2643 3778 2884 3848 Grono-

504 3889 649 3952 vius
717 3885 780 3948 h.
830 3884 873 3949 l.
948 3888 1159 3949 censet
1224 3904 1359 3949 esse
1417 3905 1603 3962 eum,
1676 3906 1867 3970 quem
1937 3882 2155 3952 Cicero
2217 3886 2296 3953 ad
2357 3887 2494 3951 Att.
2555 3885 2639 3951 11.
2694 3883 2798 3965 17,
2841 3885 2880 3951 2

505 3988 870 4075 ἀφιλόδοξον
918 3996 1139 4068 vocat,
1188 3990 1445 4055 honoris
1494 3997 2019 4078 contemptorem.

594 4186 732 4252 VII.
798 4187 862 4264 2,
904 4188 965 4251 4.
1037 4188 1263 4253 animos
1330 4189 1477 4252 mihi
1542 4188 1843 4253 addidisti
1905 4210 1974 4254 o:
2054 4188 2422 4255 alacriorem
2477 4210 2584 4255 me
2644 4190 2880 4270 fecisti,

504 4294 803 4359 fiduciam
848 4296 980 4358 mei
1026 4294 1190 4358 mihi
1237 4293 1487 4359 dedisti.
1537 4295 1766 4359 Livius
1811 4294 2173 4381 frequenter
2221 4295 2375 4360 dicit
2423 4296 2652 4360 animoa
2697 4296 2885 4361 alicui

486 4402 742 4486 facere,
794 4399 871 4466 cf.
920 4399 1242 4488 Madvigii
1287 4400 1555 4467 Emend.
1607 4400 1748 4466 Liv.
1796 4422 1858 4487 p.
1904 4397 2057 4478 371,
2105 4406 2170 4466 et
2211 4402 2437 4467 animos
2477 4404 2624 4467 dare
2661 4401 2778 4467 IX.
2821 4402 2880 4470 5.
