3192 5009
851 862 993 951 DE
1052 861 1512 951 CATULLI
1560 859 2056 950 ‘CARMINE
2113 858 2458 949 XLIIIl.

1527 1068 1776 1109 SGRIPSIT

1328 1222 1414 1287 H.
1464 1221 1537 1287 Τ.
1585 1220 2007 1286 KARSTEN.

1532 1533 1772 1559 -οέξῦὑ-

752 1783 803 1849 O
852 1786 1047 1851 funde
1096 1791 1313 1851 noster
1358 1806 1469 1849 seu
1518 1783 1748 1851 Sabine
1799 1806 1912 1851 seu
1959 1785 2189 1851 Tiburs

752 1890 840 1973 (N
842 1912 948 1955 am
996 1897 1059 1957 te
1112 1914 1250 1957 esse
1298 1890 1634 1955 Tiburtem
1681 1898 2021 1957 autumant
2069 1893 2301 1977 quibus
2349 1914 2476 1957 non
2523 1898 2623 1957 est

753 1994 944 2063 Cordi
994 1996 1331 2065 Catullum
1377 1996 1659 2062 laedere:
1709 2003 1775 2062 at
1821 1999 2056 2083 quibus
2103 1998 2280 2063 cordi
2327 2002 2424 2063 est

749 2102 988 2183 Quovis
1020 2103 1348 2169 Sabinum
1392 2106 1660 2190 pignore
1708 2126 1842 2169 esse
1891 2103 2327 2184 contendunt).

662 2208 701 2273 5
751 2208 875 2274 Sed
924 2232 1038 2275 seu
1086 2209 1319 2276 Sabine
1365 2212 1503 2273 sive
1549 2212 1769 2274 verius
1818 2209 2048 2275 Tiburs
2067 2259 2084 2288 ,

748 2314 873 2379 Fui
917 2314 1193 2380 libenter
1236 2318 1306 2379 in
1352 2322 1467 2380 tua
1514 2316 1875 2381 suburbana

748 2419 918 2485 Villa
962 2420 1329 2506 malamque
1374 2427 1629 2508 pectore
1675 2420 1894 2507 expuli
1938 2424 2174 2487 tussim
2193 2468 2209 2499 ‚

751 2525 813 2589 N
816 2548 897 2591 on
944 2530 1318 2592 immerenti
1363 2547 1557 2612 quam
1606 2528 1770 2592 mihi
1817 2548 2001 2591 meus
2044 2534 2286 2606 venter,

749 2631 925 2697 Dum
971 2640 1384 2719 sumptuosas
1431 2640 1697 2718 appeto,
1747 2633 1956 2711 dedit,
2007 2654 2212 2699 cenas.

574 2723 577 2726 ¹
618 2736 702 2803 10
746 2738 915 2803 Nam
963 2738 1293 2805 Sestianus
1342 2739 1499 2804 dum
1545 2738 1694 2805 volo
1743 2760 1878 2804 esse
1927 2742 2196 2805 conviva
2215 2788 2231 2817 ,

750 2842 1116 2911 Orationem
1162 2848 1230 2909 in
1277 2847 1550 2910 Antium
1599 2848 1946 2930 petitorem

749 2950 1020 3016 Plenam
1065 2954 1296 3016 veneni
1342 2956 1406 3016 et
1452 2950 1858 3049 pestilentiae
1903 2949 2057 3037 legi.

748 3056 877 3121 Hie
923 3077 1027 3121 me
1076 3056 1356 3143 gravedo
1402 3057 1640 3143 frig-ida
1689 3062 1754 3122 et
1802 3057 2095 3142 frequens
2143 3060 2341 3131 tussis

750 3162 1093 3243 Quassavit
1138 3184 1339 3249 usque
1389 3163 1545 3227 dum
1590 3166 1661 3227 in
1706 3169 1900 3227 tuum
1949 3166 2165 3227 sinum
2215 3162 2358 3249 fugi

620 3266 703 3331 15
750 3267 837 3331 Et
879 3290 985 3333 me
1034 3272 1323 3334 recuravi
1371 3271 1632 3354 otioque
1679 3274 1744 3333 et
1793 3271 2023 3333 urtica.

753 3372 959 3453 Quare
1005 3375 1281 3441 refectus
1328 3378 1644 3440 maximas
1692 3375 1812 3439 tibi
1857 3382 2076 3461 grates

750 3481 895 3567 Ago
915 3530 932 3559 ,
980 3504 1202 3547 meum
1252 3482 1421 3567 quod
1468 3503 1593 3546 non
1643 3503 1709 3546 es
1757 3480 1897 3546 ulta
1943 3486 2298 3567 peecatum.

750 3587 882 3652 Nee
930 3588 1230 3673 deprecor
1276 3591 1442 3665 iam,
1494 3590 1549 3651 si
1595 3586 1836 3653 nefaria
1885 3590 2124 3671 scripta

750 3693 919 3759 Sesti
965 3714 1256 3780 reeeps0,
1307 3695 1461 3778 quin
1507 3692 1927 3780 gravedinem
1973 3698 2038 3757 et
2086 3695 2319 3756 tussim

616 3799 704 3865 20
749 3799 896 3864 Non
942 3802 1072 3875 mi,
1124 3799 1235 3864 sed
1282 3800 1409 3883 ipsi
1458 3796 1666 3863 Sestio
1715 3797 1879 3861 ferat
1923 3797 2168 3883 frigus,

622 3944 637 3957 ·
746 3906 870 3984 Qui
914 3910 1067 3969 tunc
1113 3911 1298 3969 vocat
1346 3924 1452 3968 me
1500 3925 1652 3968 eum
1699 3902 1948 3968 malum
1992 3902 2236 3967 librum
2282 3904 2449 3984 leyit.

567 4009 642 4074 In
690 4009 1165 4096 interpretando
1214 4009 1612 4095 lepidissimo
1659 4014 1951 4095 poemate
1999 4011 2243 4073 mirum
2285 4014 2604 4094 quantum
2643 4010 2877 4076 dissen-

480 4121 701 4181 serunt
761 4136 833 4181 ae
901 4116 1287 4182 dissentiunt
1332 4120 1729 4200 interpretes.
1795 4115 1856 4180 N
1858 4137 1927 4181 ee
1975 4121 2192 4180 tamen
2238 4115 2316 4181 de
2361 4114 2635 4181 lectione
2684 4118 2878 4182 ambi·

478 4225 662 4309 gitur
724 4224 849 4285 nisi
906 4224 975 4285 in
1037 4242 1167 4286 una
1226 4243 1380 4287 voce
1446 4241 1648 4306 eaque
1713 4224 2006 4285 omnium
2073 4226 2430 4306 postrema,
2493 4221 2669 4287 unde
2735 4244 2876 4289 sane

477 4328 650 4394 haud
696 4348 891 4412 parva
939 4348 1015 4391 ex
1065 4334 1247 4412 parte
1296 4328 1531 4413 pendet
1578 4331 1780 4391 totius
1829 4326 2343 4393 narratiunculae
2389 4330 2575 4391 ratio.
