3192 5009
1174 345 1258 392 nn
1305 344 1574 391 vaurms
1620 343 1917 390 Romame.
2596 323 2724 392 375

361 534 559 599 quam
601 513 669 576 in
717 533 789 577 eo
835 511 1030 576 fuisse
1078 510 1247 596 quod
1283 509 1686 577 aedificatum
1719 515 1885 575 esset
1902 559 1918 587 ‚
1962 531 2163 594 neque
2204 508 2319 574 illa
2341 514 2729 596 saepimenta

359 623 493 684 iam
551 618 827 705 perfecta
887 638 1022 682 esse
1078 619 1396 703 potuisse;
1448 622 1664 682 tamen
1708 615 1885 680 locus
1931 616 2008 680 ab
2056 616 2410 702 auguribus
2456 616 2730 702 relinqui

360 725 625 790 debebat
677 729 1082 808 consaeptus,
1132 728 1207 788 ut
1252 729 1415 789 esset
1462 719 1782 809 templum
1829 743 1989 788 neve
2036 725 2219 787 irrita
2264 723 2513 788 caderet
2555 727 2730 788 inau-

360 833 635 918 guratio,
697 830 860 894 Eam
922 829 1002 893 ob
1059 850 1316 895 causam
1362 849 1435 894 eo
1485 828 1584 892 die
1632 829 1709 893 ab
1758 828 2111 914 auguribus
2157 831 2294 894 sive
2340 829 2729 894 administris

359 958 584 1002 eorum
644 939 1089 1004 exstruebatur
1149 936 1588 1000 rudimentum
1645 934 1966 1021 quoddam
2012 937 2247 1020 saepti,
2297 935 2465 1020 quod
2510 943 2731 1020 postea

360 1043 439 1108 ab
501 1045 704 1128 operis
764 1050 828 1109 et
873 1045 1074 1110 fabris
1119 1041 1263 1107 toni
1309 1047 1520 1128 posset
1563 1048 1903 1126 postquam
1950 1043 2119 1105 muri
2166 1040 2477 1106 aedificati
2524 1047 2733 1106 essent

358 1154 471 1215 aut
513 1148 774 1214 cancelli
819 1152 1032 1236 positi.
1082 1148 1257 1213 Haec
1306 1153 1522 1234 saepta
1560 1146 1897 1232 auguralia
1941 1147 2312 1212 constabant
2351 1167 2429 1211 ex
2468 1146 2627 1232 palis
2668 1151 2733 1211 et
2852 1213 2859 1219 ,

357 1255 592 1322 tabulis
653 1261 766 1320 aut
826 1256 1076 1334 linteis;
1131 1254 1260 1340 pali
1278 1302 1295 1332 ‚
1347 1257 1459 1339 qui
1504 1256 1572 1317 in
1620 1252 1877 1339 angulis
1923 1255 2116 1339 positi
2164 1258 2343 1318 erant
2392 1253 2471 1317 ad
2517 1252 2732 1318 locum

357 1362 836 1427 terminandum
855 1411 872 1440 ,
935 1365 1102 1426 inter
1162 1382 1229 1426 se
1286 1363 1382 1424 ita
1441 1359 1871 1446 iungebantur
1918 1358 2153 1424 tabulis
2200 1365 2313 1424 aut
2358 1359 2575 1425 linteis
2593 1408 2609 1437 ‚
2658 1365 2732 1423 ut

357 1474 570 1533 totum
632 1467 949 1553 templum
1011 1471 1340 1532 munitum
1401 1473 1564 1532 esset
1627 1469 1811 1550 quasi
1871 1465 2132 1552 cingulo
2193 1466 2467 1551 quodam
2528 1487 2732 1531 unum

357 1573 602 1638 aditum
661 1575 996 1658 praebente
1017 1621 1032 1651 ‚
1084 1572 1253 1658 quod
1299 1573 1464 1637 infra
1507 1571 1769 1657 quidem
1815 1571 1893 1636 ad
1940 1571 2149 1637 solum
2196 1575 2541 1657 pertineret
2560 1621 2575 1649 ,
2625 1571 2729 1637 sed

356 1679 544 1744 valde
612 1679 860 1746 humile
879 1729 894 1757 ,
966 1683 1077 1744 vix
1137 1699 1370 1765 paucos
1430 1677 1621 1764 pedes
1681 1677 1887 1742 altum
1906 1727 1923 1755 ‚
1986 1677 2181 1742 fuisse
2245 1678 2499 1743 videtur
2514 1699 2530 1756 ;
2579 1679 2734 1744 haec

355 1787 573 1871 imago
621 1787 821 1871 saepti
867 1785 1194 1851 dicebatur
1241 1783 1651 1869 templum
1698 1786 1995 1848 minus.
2058 1783 2227 1849 Nam
2274 1805 2423 1848 cum
2464 1805 2537 1849 ea
2574 1804 2733 1869 quae

354 1896 424 1958 in
480 1891 638 1957 locis
689 1895 1091 1978 inauguratis
1138 1897 1360 1978 postea
1405 1889 1883 1956 aedificarentur
1929 1893 2067 1974 ipsa
2115 1911 2367 1975 quoque
2412 1889 2537 1955 dici
2581 1889 2736 1956 sole-

355 2005 498 2064 rent
559 1998 778 2081 templa
792 2048 807 2075 ,
874 2003 938 2064 et
1001 1998 1240 2083 aliquid
1293 2000 1360 2061 in
1407 1995 1649 2083 templo
1698 1995 2020 2060 aedificare
2068 1998 2285 2082 ipsum
2332 1998 2529 2061 etiam
2576 1995 2735 2061 dice-

363 2110 542 2171 retur
601 2105 878 2186 tempbum
919 2106 1144 2190 facere
1170 2102 1241 2182 1),
1297 2109 1789 2168 consentaneum
1837 2107 1972 2166 erat
2016 2101 2084 2166 id
2133 2101 2304 2186 quod
2350 2102 2426 2166 ab
2478 2104 2735 2188 auguri-

357 2213 475 2276 bus
519 2213 586 2274 in
630 2215 883 2295 tempus
922 2215 1392 2275 construeretur
1433 2209 1754 2295 designari
1792 2209 1911 2273 hoc
1932 2211 2193 2273 nomine
2220 2209 2429 2290 templi
2451 2209 2763 2286 minoris„

357 2323 434 2383 ut
480 2317 982 2403 distingueretur
1031 2317 1109 2382 ab
1156 2315 1342 2380 rebus
1387 2314 1633 2379 firmius
1673 2321 1737 2379 et
1777 2317 2060 2379 ornatius
2099 2313 2280 2379 factis
2319 2335 2477 2400 quae
2520 2323 2735 2400 postea

360 2425 441 2490 ab
485 2425 690 2510 operis
735 2423 954 2488 inferri
1003 2421 1320 2510 deberent.

452 2528 546 2594 De
607 2529 724 2594 hac
789 2550 854 2594 re
919 2531 1054 2616 egit
1113 2528 1341 2594 Festus
1402 2549 1547 2615 pag.
1611 2526 1773 2595 157:
1826 2527 2120 2605 „Minora
2164 2527 2407 2614 templa
2449 2527 2613 2592 fiunt
2658 2528 2735 2593 ab

361 2635 714 2720 auguribus
733 2683 748 2711 ,
810 2656 958 2700 cum
1022 2634 1162 2700 loca
1222 2633 1436 2719 aliqua
1498 2633 1737 2699 tabulis
1785 2639 1897 2699 aut
1941 2633 2155 2698 linteis
2203 2637 2575 2720 saepiuntur
2592 2684 2607 2712 ‚
2656 2655 2734 2700 ne

359 2761 487 2806 uno
549 2739 825 2825 amplius
881 2743 1040 2806 ostio
1104 2746 1362 2827 pateant
1380 2790 1396 2818 ‚
1461 2744 1651 2806 certis
1718 2740 1927 2805 verbis
1976 2739 2249 2804 definita.
2311 2739 2537 2826 Itaque
2580 2746 2737 2806 tem-

359 2845 543 2930 plum
611 2851 706 2910 est
772 2846 946 2911 locus
1003 2849 1095 2910 ita
1158 2845 1416 2922 effatus,
1481 2852 1593 2911 aut
1658 2849 1749 2910 ita
1804 2850 2092 2931 saeptus,
2142 2851 2217 2909 ut
2262 2867 2339 2910 ex
2386 2867 2514 2911 una
2557 2854 2735 2931 parte

356 2955 603 3035 pateat,
652 2949 1049 3038 angulosque
1089 2959 1362 3036 quatuor
1413 2950 1634 3016 affixos
1683 2951 1910 3015 habeat
1958 2949 2036 3014 ad
2084 2951 2384 3016 terram''.

448 3055 666 3120 Etiam
730 3061 906 3121 extat
963 3055 1138 3120 locus
1201 3055 1448 3134 Servii,
1518 3056 1631 3121 ubi
1696 3056 1771 3121 de
1834 3055 2059 3121 eadem
2103 3077 2170 3122 re
2215 3077 2421 3122 sermo
2466 3062 2595 3134 est;
2644 3058 2734 3122 ibi

359 3161 618 3227 Servius
675 3162 829 3227 dicit
889 3184 1014 3227 non
1071 3162 1282 3228 solum
1349 3164 1420 3225 id
1482 3164 1642 3247 quod
1687 3163 1891 3225 claudi
1925 3162 2158 3244 possit,
2206 3165 2249 3226 i.
2276 3183 2329 3228 e.
2378 3162 2737 3229 aedificium

359 3268 527 3355 quod
571 3274 823 3354 portam
868 3269 1096 3335 habeat
1136 3275 1200 3334 et
1239 3268 1461 3333 valvas
1503 3269 1736 3353 quibus
1780 3270 1978 3353 possit
2016 3267 2259 3346 claudi,
2286 3268 2493 3334 veluti
2516 3271 2733 3336 aedem

358 3395 594 3440 sacram
661 3378 725 3440 et
786 3378 1061 3451 curiam,
1124 3378 1179 3439 si
1225 3377 1292 3438 in
1339 3373 1480 3439 loco
1527 3377 1915 3461 inaugurato
1966 3375 2209 3438 factum
2252 3377 2369 3452 sit,
2418 3375 2737 3462 templum

364 3481 524 3558 dici,
588 3479 696 3544 sed
755 3484 950 3546 etiam
1011 3480 1082 3543 id
1143 3482 1300 3565 quod
1350 3480 1524 3562 pabis
1579 3487 1688 3543 aut
1732 3480 1923 3543 hastis
1968 3487 2074 3544 aut
2116 3481 2325 3566 abiqua
2370 3482 2489 3544 caci
2532 3506 2597 3546 re
2616 3531 2632 3560 ,
2681 3491 2739 3547 et

362 3588 568 3650 linteis
615 3593 720 3650 aut
759 3587 906 3650 loris
941 3594 1046 3650 aut
1085 3587 1276 3650 simili
1313 3609 1379 3650 re
1415 3594 1685 3669 saeptum
1722 3587 1805 3650 eit
1848 3588 1919 3673 ²).
1958 3586 2083 3652 Sed
2121 3587 2345 3653 eodem
2378 3587 2519 3654 loco
2541 3593 2737 3655 etiam

431 3813 479 3875 1)
513 3813 591 3862 Sic
624 3814 749 3878 apud
789 3813 933 3862 Varr.
970 3813 1041 3864 1.1.
1077 3813 1204 3865 6.87
1246 3812 1506 3878 ·templum
1549 3811 1734 3862 facere”
1772 3813 1951 3864 dictum
1986 3819 2057 3863 est
2092 3831 2180 3880 pro
2220 3814 2461 3865 ‚tribunal
2498 3817 2651 3866 faeere
2683 3817 2735 3868 in

358 3893 591 3960 templo”.
639 3921 704 3932 —
749 3897 802 3956 2)
850 3897 1118 3945 Mommsen
1163 3896 1484 3960 (Staatsrecht
1521 3897 1544 3943 l
1595 3911 1700 3960 pag.
1744 3896 1836 3945 105
1872 3897 1980 3948 adn.
2017 3898 2073 3955 2)
2108 3897 2251 3946 aliter
2285 3897 2631 3964 interpretatus
2662 3903 2735 3948 eet

359 3975 502 4025 verba
556 3978 639 4027 ..id
685 3979 812 4040 quod
841 3983 1006 4040 potest
1049 3976 1260 4035 claudam,
1309 3993 1419 4026 nam
1455 3977 1523 4026 eis
1556 3977 1829 4026 adnotavit:
1874 3979 1983 4026 „des
2018 3979 2167 4028 heim
2204 3980 2288 4028 der
2324 3981 2473 4030 durch
2509 3981 2737 4045 gedachte

359 4059 543 4118 Linien,
579 4059 712 4108 nicht
746 4060 894 4109 durch
929 4059 1054 4108 reale
1090 4061 1332 4118 Grenzen,
1367 4058 1769 4124 eingeschloesene
1800 4058 2005 4110 Ranm'’.
2056 4063 2358 4126 Quamquam
2388 4063 2466 4111 vix
2500 4065 2735 4114 affirmare

355 4140 533 4200 suasim,
583 4157 654 4190 me
691 4147 815 4190 recte
853 4148 1116 4191 assecutum
1152 4158 1250 4190 esse
1285 4143 1572 4191 sententiam
1608 4141 1701 4191 viri
1735 4142 2014 4200 clarissimi,
2051 4149 2211 4193 tamen
2248 4143 2390 4193 verba
2426 4146 2580 4194 Servii
2613 4147 2733 4196 mihi

356 4225 582 4274 videntur
622 4223 679 4273 ab
725 4240 780 4273 eo
826 4224 994 4274 referri
1041 4225 1098 4273 ad
1141 4228 1358 4289 templum
1393 4226 1596 4284 aerium
1647 4225 1739 4274 hoc
1772 4229 1929 4274 eutem
1964 4243 1991 4274 a
2024 4226 2190 4275 Servio
2231 4227 2409 4277 dictum
2445 4244 2543 4276 cese
2574 4233 2733 4279 censet

357 4306 513 4356 locum
559 4308 642 4370 qui
682 4306 844 4356 claudi
871 4311 1042 4372 pouit,
1078 4308 1191 4371 quin
1225 4323 1390 4356 revera
1427 4323 1518 4356 non
1551 4309 1621 4356 sit
1652 4310 1849 4358 clamas.
1888 4307 1979 4356 Sed
2012 4309 2200 4358 etiamsi
2233 4311 2485 4358 concedere
2520 4327 2699 4376 possem
2718 4350 2731 4371 ,

359 4389 521 4438 claudi
551 4404 678 4452 pom
712 4390 836 4438 idem
871 4405 969 4438 esse
1004 4389 1130 4453 quod
1167 4392 1376 4440 clausum
1414 4406 1506 4438 non
1541 4406 1664 4447 em,
1698 4397 1856 4438 umen
1888 4390 2010 4439 nihil
2049 4390 2268 4440 haberem
2303 4408 2390 4441 cur
2422 4393 2469 4442 id
2504 4394 2731 4444 referrem

358 4473 418 4523 ad
452 4470 688 4538 templum
722 4471 930 4531 aerium,
965 4473 1089 4537 quod
1128 4472 1249 4522 lituo
1281 4473 1564 4538 discriptum
1597 4477 1645 4522 et
1679 4473 1967 4538 cogitatione
2002 4474 2213 4523 clausum
2250 4479 2334 4524 est.
