3192 5009
1251 251 1663 303 sornomus.
2609 233 2649 305 '7

301 417 643 485 versiculus
710 418 960 485 laborat
975 468 994 498 ‚
1063 418 1174 487 sed
1240 440 1368 485 non
1425 418 1673 487 laborat
1730 424 1954 506 poetae
2013 422 2221 509 ipsius
2262 422 2444 487 vitio.
2494 418 2653 489 Gon-

297 527 530 591 iunctio
581 524 655 601 δή
703 528 774 590 111
820 522 1048 593 Codice
1096 527 1274 592 deest
1287 576 1304 606 ,
1356 525 1597 593 addidit
1644 531 1864 593 autem
1910 526 2255 614 Matranga
2298 532 2376 593 ut
2418 526 2654 593 claudi-

293 635 458 699 canti
514 638 723 699 metro
787 633 1174 699 subveniret.
1222 631 1431 714 Quam
1475 636 1676 699 miror
1720 656 1801 701 ne
1849 631 2209 701 Christium
2253 634 2516 721 quidem
2558 636 2654 700 vi-

292 739 450 805 disse
467 788 486 819 ,
525 738 724 805 talem
767 741 1220 805 correctionem
1265 740 1416 805 ferri
1461 760 1586 805 non
1632 760 1812 826 posse
1831 788 1850 819 ,
1896 761 2046 805 cum
2082 743 2458 826 praesertim
2489 738 2653 807 illud

291 846 356 920 3¹⁸1
413 844 512 911 nil
572 846 921 932 quidquam
980 844 1318 933 significet.
1389 844 1516 911 Sed
1571 845 1924 933 alloquitur
1966 850 2156 934 poeta
2201 845 2656 933 Hierosolyma

289 958 348 1018 et
409 952 570 1017 dicit
585 1001 604 1029 ,
667 972 732 1017 se
793 951 970 1017 urbis
1030 958 1242 1039 portas
1283 954 1522 1019 intrare
1567 973 1829 1039 cupere;
1879 952 2133 1018 dabitur
2176 952 2343 1017 mihi
2387 954 2456 1017 in
2502 951 2655 1018 allo-

287 1060 539 1125 cutione
597 1078 947 1144 pronomen
1007 1061 1440 1144 possessivum
1499 1059 1716 1125 abesse
1774 1080 1904 1125 non
1962 1079 2167 1146 posse.
2215 1057 2439 1145 Itaque
2483 1063 2654 1124 certo

287 1167 524 1231 certius
570 1164 1041 1231 rescribendum
1086 1170 1184 1230 est
1231 1164 1382 1236 τεὰς
1429 1169 1551 1244 νῦν,
1592 1164 1703 1231 sed
1739 1185 1819 1231 ne
1858 1167 1948 1231 sic
1988 1166 2247 1252 quidem
2282 1164 2408 1231 loci
2448 1186 2655 1231 emen-

286 1270 450 1337 datio
493 1270 773 1355 perfecta
809 1272 932 1337 erit
948 1319 967 1349 ,
1007 1272 1158 1357 quia
1195 1271 1466 1337 verbum
1506 1278 1789 1352 παρεῖναι
1831 1293 1983 1339 oum
2020 1278 2244 1358 quarto
2283 1292 2434 1337 casu
2467 1273 2656 1359 iungi

285 1398 404 1443 non
461 1382 699 1462 potest.
768 1376 1042 1465 Legitur
1100 1380 1170 1442 in
1230 1375 1459 1445 Codice
1505 1377 1740 1457 ἐθέλων,
1788 1399 1902 1465 pro
1952 1400 2076 1466 quo
2122 1376 2441 1446 Chi-istius
2486 1382 2655 1445 recte

286 1486 613 1570 rescripsit
658 1482 840 1549 ἐθέλω
889 1488 1110 1571 estque
1160 1482 1334 1549 idem
1385 1486 1620 1551 vitium
1666 1486 1737 1549 in
1782 1490 1996 1551 nostro
2042 1482 2273 1554 Codice
2308 1484 2501 1571 longe
2538 1484 2656 1551 fre-

287 1591 816 1677 quentissimum;
885 1592 974 1655 sio
1035 1611 1133 1657 vs.
1181 1588 1265 1655 81
1330 1588 1564 1668 βαίνων
1605 1590 1868 1677 leg-itur,
1918 1612 2120 1677 quum
2166 1592 2480 1657 sententia
2523 1589 2657 1678 pla-

285 1699 545 1763 nissime
609 1699 879 1783 requirit
945 1696 1164 1795 βαίνω.
1222 1695 1446 1784 Itaque
1490 1697 1651 1764 latet
1693 1701 1936 1764 vitium
1978 1700 2049 1763 in
2091 1698 2285 1765 verbo
2330 1704 2652 1780 παρεῖναι·

284 1810 354 1870 ut
393 1806 468 1871 in
513 1806 762 1871 incerta
807 1824 876 1871 re
919 1802 1084 1869 nihil
1128 1805 1279 1870 novi
1323 1804 1724 1871 commodius
1771 1824 1966 1890 quam
2010 1802 2210 1870 illud.

1014 1910 1414 1990 Ιερουσαλημ,
1459 1909 1659 1982 τεὰς
1705 1913 1809 1974 νῦν
1854 1954 1857 1956 Α

1015 2014 1196 2081 ἐθέλω
1243 2014 1451 2089 πύλας
1500 2017 1944 2097 περαίνειν.

286 2121 662 2211 Sequuntur
709 2120 836 2188 duo
883 2120 1160 2188 dactilici
1198 2143 1453 2189 versus:

830 2226 1128 2308 Εὖαγέων
1177 2230 1474 2305 Σολύμων
1520 2225 1710 2304 ἔνθεος
1759 2224 1943 2312 clepet,-

831 2334 959 2399 αἰὲν
1007 2334 1200 2413 ἐμὴν
1247 2335 1493 2416 κραδίην
1539 2334 1777 2416 σφόδρα
1828 2331 2186 2415 δαμάζεις.,

283 2446 346 2507 111
413 2442 654 2529 quibus
721 2439 1065 2528 Matranga
1133 2446 1304 2508 recte
1372 2443 1523 2518 ἐμὴν
1586 2445 1842 2531 scripsit
1900 2464 2015 2531 pro
2075 2439 2325 2509 Codicis
2380 2439 2653 2510 lectione

281 2566 488 2640 ἡμῖν.
559 2561 835 2651 Strophe
881 2542 951 2631 Β
997 2566 1160 2629 vitio
1207 2568 1377 2629 caret
1421 2562 1532 2629 sed
1575 2562 1812 2629 mutila
1856 2569 1955 2629 est
2000 2564 2259 2650 strophe
2303 2539 2397 2643 Γ,
2455 2582 2652 2649 quam

285 2672 611 2743 Christius
652 2678 744 2741 sic
789 2673 1151 2762 supplevit:

913 2789 987 2882 Γ
988 2807 1236 2889 λυκερὸν
1286 2807 1465 2874 πέδον
1511 2811 1797 2895 Φιλῆσω,

1007 2919 1157 3001 ἱερὸν
1205 2920 1396 3000 κύβον
1441 2922 1669 2988 κατίδω

999 3027 1210 3108 μέγαν
1259 3025 1656 3108 ούρανδςεγόν
1701 3053 1770 3093 τε

821 3135 1136 3216 τέτρασιν
1180 3134 1548 3215 Φρακτόν
1594 3157 1686 3200 τε
1731 3134 2053 3209 ςῆλαις.

279 3247 490 3331 Atque
557 3244 681 3309 1100
728 3242 988 3328 quidem
1033 3242 1287 3327 probari
1331 3262 1455 3307 non
1501 3242 1689 3307 debet
1702 3290 1720 3319 ,
1767 3261 1917 3306 nam
1962 3242 2250 3327 primum
2295 3248 2481 3315 ςῆλαι
2528 3262 2655 3307 11011

279 3354 616 3439 aptissime
674 3350 781 3415 hic
840 3354 1300 3425 memorantur,
1363 3354 1510 3413 tum
1565 3349 1806 3413 vit-ium
1868 3349 2211 3413 metricum
2258 3353 2355 3413 est
2398 3350 2468 3412 in
2515 3367 2656 3433 pro-

279 3458 468 3525 ducta
517 3454 1067 3541 antepaenultima
1112 3453 1378 3542 syllaba.
1427 3453 1803 3541 Scripserim
1850 3474 2005 3542 ego:

827 3562 1112 3640 τέτρασιν
1156 3562 1433 3632 ςύλοις
1481 3584 1570 3626 τε
1608 3559 2009 3641 Φρακτὸν,

277 3693 428 3738 nam
473 3670 692 3740 ςύλοις
739 3673 998 3757 propter
1037 3687 1295 3733 causam
1335 3686 1529 3753 quam
1564 3667 1699 3733 dixi
1720 3714 1737 3745 ,
1778 3668 1947 3754 apud
1984 3666 2420 3755 Sophronium
2453 3666 2655 3734 iambi

275 3778 496 3845 Iocum
544 3781 758 3863 potest
800 3777 1050 3841 habere.

365 3899 629 3966 Dubius
671 3897 899 3964 haereo
914 3944 934 3975 ,
984 3895 1141 3982 quid
1183 3901 1465 3962 statuam
1513 3896 1591 3962 de
1638 3896 1897 3984 stropha
1943 3869 2075 3965 Δε

916 4009 1079 4105 Διὰ
1122 4034 1414 4114 βήματος
1463 4035 1675 4100 θεοῖο

1007 4146 1194 4226 μέσον
1242 4148 1303 4219 ἐς
1351 4145 1556 4228 τάφον
1604 4146 1811 4211 θεοῖο

1009 4254 1281 4333 γεγονὼς
1331 4250 1554 4333 πέτρην
1603 4252 1831 4328 ἐκείνην

1009 4363 1195 4438 μάλα
1242 4366 1580 4442 προσκυνῶν
1626 4360 1896 4441 φιλήσω.
