<?xml version="1.0" encoding="UTF-8"?>
<!DOCTYPE html PUBLIC "-//W3C//DTD XHTML 1.0 Transitional//EN"
    "http://www.w3.org/TR/xhtml1/DTD/xhtml1-transitional.dtd">
<html xmlns="http://www.w3.org/1999/xhtml" xml:lang="en" lang="en">
 <head>
  <title>
</title>
<meta http-equiv="Content-Type" content="text/html;charset=utf-8" />
  <meta name='ocr-system' content='tesseract 3.04.00' />
  <meta name='ocr-capabilities' content='ocr_page ocr_carea ocr_par ocr_line ocrx_word'/>
</head>
<body>
  <div class='ocr_page' id='page_1' title='image "./mnemosyne07servgoog_0623.png"; bbox 0 0 3192 5009; ppageno 0'>
   <div class='ocr_carea' id='block_1_1' title="bbox 1279 332 2650 401">
    <p class='ocr_par' dir='ltr' id='par_1_1' title="bbox 1279 332 2650 401">
     <span class='ocr_line' id='line_1_1' title="bbox 1279 332 2650 401; baseline -0.001 0"><span class='ocrx_word' id='word_1_1' title='bbox 1279 350 1657 401; x_wconf 73' lang='lat' dir='ltr'>eomocus.</span> <span class='ocrx_word' id='word_1_2' title='bbox 2521 332 2650 400; x_wconf 82' lang='lat'>143</span> 
     </span>
    </p>
   </div>
   <div class='ocr_carea' id='block_1_2' title="bbox 274 513 2648 705">
    <p class='ocr_par' dir='ltr' id='par_1_2' title="bbox 274 513 2648 705">
     <span class='ocr_line' id='line_1_2' title="bbox 274 513 2648 602; baseline -0.001 -21"><span class='ocrx_word' id='word_1_3' title='bbox 274 517 525 581; x_wconf 77' lang='lat' dir='ltr'><strong>Pariter</strong></span> <span class='ocrx_word' id='word_1_4' title='bbox 589 515 904 581; x_wconf 79' lang='lat' dir='ltr'>Pindarus</span> <span class='ocrx_word' id='word_1_5' title='bbox 964 515 1161 602; x_wconf 81' lang='lat' dir='ltr'>Pyth.</span> <span class='ocrx_word' id='word_1_6' title='bbox 1226 514 1290 579; x_wconf 89' lang='lat' dir='ltr'>X</span> <span class='ocrx_word' id='word_1_7' title='bbox 1338 515 1424 581; x_wconf 87' lang='lat'>44</span> <span class='ocrx_word' id='word_1_8' title='bbox 1488 514 1565 581; x_wconf 89' lang='lat' dir='ltr'>de</span> <span class='ocrx_word' id='word_1_9' title='bbox 1624 518 1765 602; x_wconf 90' lang='lat' dir='ltr'>ipsa</span> <span class='ocrx_word' id='word_1_10' title='bbox 1824 515 2118 580; x_wconf 84' lang='lat' dir='ltr'>Nemesi:</span> <span class='ocrx_word' id='word_1_11' title='bbox 2181 515 2370 579; x_wconf 76' lang='grc' dir='ltr'><strong><em>πόνων</em></strong></span> <span class='ocrx_word' id='word_1_12' title='bbox 2432 513 2495 579; x_wconf 67' lang='grc' dir='ltr'>δὲ</span> <span class='ocrx_word' id='word_1_13' title='bbox 2544 514 2648 579; x_wconf 77' lang='grc' dir='ltr'>καὶ</span> 
     </span>
     <span class='ocr_line' id='line_1_3' title="bbox 276 620 2051 705; baseline 0 -17"><span class='ocrx_word' id='word_1_14' title='bbox 276 627 508 705; x_wconf 72' lang='grc' dir='ltr'><strong><em>μαχᾶν</em></strong></span> <span class='ocrx_word' id='word_1_15' title='bbox 555 620 702 701; x_wconf 76' lang='grc' dir='ltr'><strong><em>ἄτερ</em></strong></span> <span class='ocrx_word' id='word_1_16' title='bbox 750 622 989 688; x_wconf 71' lang='grc' dir='ltr'><strong><em>οἰκέοισι</em></strong></span> <span class='ocrx_word' id='word_1_17' title='bbox 1034 620 1345 702; x_wconf 72' lang='grc' dir='ltr'><strong><em>Φυγόντες</em></strong></span> <span class='ocrx_word' id='word_1_18' title='bbox 1396 621 1708 701; x_wconf 73' lang='grc' dir='ltr'><strong><em>ὑπέρδικον</em></strong></span> <span class='ocrx_word' id='word_1_19' title='bbox 1754 620 2051 697; x_wconf 71' lang='grc' dir='ltr'><strong><em>Νέμεσιν.</em></strong></span> 
     </span>
    </p>
   </div>
   <div class='ocr_carea' id='block_1_3' title="bbox 370 840 860 908">
    <p class='ocr_par' dir='ltr' id='par_1_3' title="bbox 370 840 860 908">
     <span class='ocr_line' id='line_1_4' title="bbox 370 840 860 908; baseline -0.002 -1"><span class='ocrx_word' id='word_1_20' title='bbox 370 840 527 908; x_wconf 66' lang='grc'><strong>031).</strong></span> <span class='ocrx_word' id='word_1_21' title='bbox 574 840 652 907; x_wconf 83' lang='grc' dir='ltr'>Β.</span> <span class='ocrx_word' id='word_1_22' title='bbox 708 840 860 907; x_wconf 90' lang='grc'>322.</span> 
     </span>
    </p>
   </div>
   <div class='ocr_carea' id='block_1_4' title="bbox 278 942 2660 1879">
    <p class='ocr_par' dir='ltr' id='par_1_4' title="bbox 278 942 2660 1879">
     <span class='ocr_line' id='line_1_5' title="bbox 640 942 2046 1027; baseline -0.001 -14"><span class='ocrx_word' id='word_1_23' title='bbox 640 948 767 1013; x_wconf 78' lang='grc' dir='ltr'>οὔτ’</span> <span class='ocrx_word' id='word_1_24' title='bbox 814 944 1010 1024; x_wconf 77' lang='grc' dir='ltr'><strong><em>ἔννομ’</em></strong></span> <span class='ocrx_word' id='word_1_25' title='bbox 1062 942 1244 1018; x_wconf 75' lang='grc' dir='ltr'><strong><em>εἶπας</em></strong></span> <span class='ocrx_word' id='word_1_26' title='bbox 1294 944 1433 1011; x_wconf 81' lang='grc' dir='ltr'><strong><em>οὔτε</em></strong></span> <span class='ocrx_word' id='word_1_27' title='bbox 1484 952 1794 1027; x_wconf 72' lang='grc' dir='ltr'><strong><em>προσφιλῆ</em></strong></span> <span class='ocrx_word' id='word_1_28' title='bbox 1849 944 2046 1011; x_wconf 73' lang='grc' dir='ltr'><strong><em>πόλει.</em></strong></span> 
     </span>
     <span class='ocr_line' id='line_1_6' title="bbox 278 1049 2652 1141; baseline -0 -22"><span class='ocrx_word' id='word_1_29' title='bbox 278 1054 613 1141; x_wconf 83' lang='lat' dir='ltr'>Suspectat</span> <span class='ocrx_word' id='word_1_30' title='bbox 658 1054 987 1120; x_wconf 85' lang='lat' dir='ltr'>Nauckius</span> <span class='ocrx_word' id='word_1_31' title='bbox 1034 1074 1261 1119; x_wconf 84' lang='lat' dir='ltr'>vocem</span> <span class='ocrx_word' id='word_1_32' title='bbox 1308 1049 1529 1129; x_wconf 77' lang='grc' dir='ltr'><strong><em>ἔννομα</em></strong></span> <span class='ocrx_word' id='word_1_33' title='bbox 1550 1101 1567 1130; x_wconf 93' lang='grc'><strong><em>,</em></strong></span> <span class='ocrx_word' id='word_1_34' title='bbox 1617 1055 1769 1139; x_wconf 86' lang='lat' dir='ltr'>quia</span> <span class='ocrx_word' id='word_1_35' title='bbox 1803 1051 1982 1118; x_wconf 81' lang='lat' dir='ltr'>salva</span> <span class='ocrx_word' id='word_1_36' title='bbox 2021 1054 2336 1117; x_wconf 76' lang='lat' dir='ltr'>sententia</span> <span class='ocrx_word' id='word_1_37' title='bbox 2372 1049 2652 1138; x_wconf 80' lang='lat' dir='ltr'>Oedipus</span> 
     </span>
     <span class='ocr_line' id='line_1_7' title="bbox 278 1159 2654 1235; baseline -0 -9"><span class='ocrx_word' id='word_1_38' title='bbox 278 1164 463 1227; x_wconf 83' lang='lat' dir='ltr'>iuxta</span> <span class='ocrx_word' id='word_1_39' title='bbox 520 1162 699 1227; x_wconf 89' lang='lat' dir='ltr'>urbis</span> <span class='ocrx_word' id='word_1_40' title='bbox 761 1159 1095 1226; x_wconf 87' lang='lat' dir='ltr'>commoda</span> <span class='ocrx_word' id='word_1_41' title='bbox 1156 1159 1259 1224; x_wconf 76' lang='grc' dir='ltr'><strong><em>τὸν</em></strong></span> <span class='ocrx_word' id='word_1_42' title='bbox 1322 1162 1498 1235; x_wconf 83' lang='grc' dir='ltr'><strong><em>νόμον</em></strong></span> <span class='ocrx_word' id='word_1_43' title='bbox 1540 1162 1587 1223; x_wconf 90' lang='lat' dir='ltr'>i.</span> <span class='ocrx_word' id='word_1_44' title='bbox 1615 1180 1668 1224; x_wconf 91' lang='lat' dir='ltr'>e.</span> <span class='ocrx_word' id='word_1_45' title='bbox 1735 1159 2017 1225; x_wconf 83' lang='lat' dir='ltr'>edictum</span> <span class='ocrx_word' id='word_1_46' title='bbox 2074 1180 2267 1224; x_wconf 90' lang='lat' dir='ltr'>suum</span> <span class='ocrx_word' id='word_1_47' title='bbox 2327 1162 2654 1225; x_wconf 88' lang='lat' dir='ltr'>nominare</span> 
     </span>
     <span class='ocr_line' id='line_1_8' title="bbox 279 1264 2660 1353; baseline -0.001 -20"><span class='ocrx_word' id='word_1_48' title='bbox 279 1289 407 1333; x_wconf 89' lang='lat' dir='ltr'>non</span> <span class='ocrx_word' id='word_1_49' title='bbox 452 1273 664 1353; x_wconf 87' lang='lat' dir='ltr'>potest</span> <span class='ocrx_word' id='word_1_50' title='bbox 679 1316 695 1346; x_wconf 86' lang='lat'>‚</span> <span class='ocrx_word' id='word_1_51' title='bbox 745 1266 916 1353; x_wconf 87' lang='lat' dir='ltr'>quod</span> <span class='ocrx_word' id='word_1_52' title='bbox 960 1268 1117 1353; x_wconf 89' lang='lat' dir='ltr'>ipsis</span> <span class='ocrx_word' id='word_1_53' title='bbox 1163 1266 1340 1331; x_wconf 87' lang='lat' dir='ltr'>urbis</span> <span class='ocrx_word' id='word_1_54' title='bbox 1384 1265 1736 1331; x_wconf 90' lang='lat' dir='ltr'>commodis</span> <span class='ocrx_word' id='word_1_55' title='bbox 1775 1268 2032 1332; x_wconf 78' lang='lat' dir='ltr'>serviat.</span> <span class='ocrx_word' id='word_1_56' title='bbox 2080 1264 2320 1352; x_wconf 80' lang='lat' dir='ltr'>Legere</span> <span class='ocrx_word' id='word_1_57' title='bbox 2361 1264 2507 1331; x_wconf 83' lang='lat' dir='ltr'>vult</span> <span class='ocrx_word' id='word_1_58' title='bbox 2544 1264 2660 1331; x_wconf 87' lang='lat' dir='ltr'>Vir</span> 
     </span>
     <span class='ocr_line' id='line_1_9' title="bbox 282 1355 2658 1461; baseline -0.001 -20"><span class='ocrx_word' id='word_1_59' title='bbox 282 1372 381 1442; x_wconf 83' lang='lat'>01.</span> <span class='ocrx_word' id='word_1_60' title='bbox 445 1374 697 1455; x_wconf 78' lang='grc' dir='ltr'><strong><em>ἔμφρον’</em></strong></span> <span class='ocrx_word' id='word_1_61' title='bbox 763 1396 877 1461; x_wconf 90' lang='lat' dir='ltr'>pro</span> <span class='ocrx_word' id='word_1_62' title='bbox 927 1372 1145 1452; x_wconf 77' lang='grc' dir='ltr'><strong><em>ἔννομ’,</em></strong></span> <span class='ocrx_word' id='word_1_63' title='bbox 1193 1373 1303 1439; x_wconf 87' lang='lat' dir='ltr'>sed</span> <span class='ocrx_word' id='word_1_64' title='bbox 1346 1372 1493 1438; x_wconf 81' lang='lat' dir='ltr'>vide</span> <span class='ocrx_word' id='word_1_65' title='bbox 1540 1378 1776 1458; x_wconf 85' lang='lat' dir='ltr'>quanto</span> <span class='ocrx_word' id='word_1_66' title='bbox 1821 1371 2060 1439; x_wconf 87' lang='lat' dir='ltr'>leviore</span> <span class='ocrx_word' id='word_1_67' title='bbox 2108 1355 2461 1439; x_wconf 78' lang='lat' dir='ltr'>mutatione</span> <span class='ocrx_word' id='word_1_68' title='bbox 2508 1394 2658 1438; x_wconf 88' lang='lat' dir='ltr'>eun-</span> 
     </span>
     <span class='ocr_line' id='line_1_10' title="bbox 284 1476 2657 1567; baseline -0 -20"><span class='ocrx_word' id='word_1_69' title='bbox 284 1482 432 1547; x_wconf 89' lang='lat' dir='ltr'>dem</span> <span class='ocrx_word' id='word_1_70' title='bbox 492 1503 749 1548; x_wconf 87' lang='lat' dir='ltr'>sensum</span> <span class='ocrx_word' id='word_1_71' title='bbox 796 1480 1019 1548; x_wconf 82' lang='lat' dir='ltr'>elicere</span> <span class='ocrx_word' id='word_1_72' title='bbox 1066 1483 1383 1567; x_wconf 83' lang='lat' dir='ltr'>possimus</span> <span class='ocrx_word' id='word_1_73' title='bbox 1428 1480 1700 1567; x_wconf 81' lang='lat' dir='ltr'>legendo</span> <span class='ocrx_word' id='word_1_74' title='bbox 1747 1478 1880 1544; x_wconf 79' lang='grc' dir='ltr'>οὔτ’</span> <span class='ocrx_word' id='word_1_75' title='bbox 1931 1480 2078 1545; x_wconf 77' lang='grc' dir='ltr'><strong><em>ἓννο·</em></strong></span> <span class='ocrx_word' id='word_1_76' title='bbox 2127 1476 2312 1552; x_wconf 69' lang='grc' dir='ltr'><strong><em>εἶπας</em></strong></span> <span class='ocrx_word' id='word_1_77' title='bbox 2367 1495 2530 1559; x_wconf 63' lang='lat' dir='ltr'>mat„</span> <span class='ocrx_word' id='word_1_78' title='bbox 2579 1481 2657 1546; x_wconf 87' lang='lat' dir='ltr'>ab</span> 
     </span>
     <span class='ocr_line' id='line_1_11' title="bbox 283 1585 2077 1674; baseline -0.001 -22"><span class='ocrx_word' id='word_1_79' title='bbox 283 1585 475 1661; x_wconf 76' lang='grc' dir='ltr'><strong><em>ἔννους</em></strong></span> <span class='ocrx_word' id='word_1_80' title='bbox 527 1588 801 1666; x_wconf 87' lang='lat' dir='ltr'>scilicet,</span> <span class='ocrx_word' id='word_1_81' title='bbox 853 1609 1015 1674; x_wconf 87' lang='lat' dir='ltr'>quae</span> <span class='ocrx_word' id='word_1_82' title='bbox 1062 1608 1188 1654; x_wconf 81' lang='lat' dir='ltr'>vox</span> <span class='ocrx_word' id='word_1_83' title='bbox 1232 1588 1397 1652; x_wconf 87' lang='lat' dir='ltr'>infra</span> <span class='ocrx_word' id='word_1_84' title='bbox 1443 1606 1555 1651; x_wconf 65' lang='lat' dir='ltr'>vs:</span> <span class='ocrx_word' id='word_1_85' title='bbox 1588 1585 1721 1652; x_wconf 90' lang='lat'>916</span> <span class='ocrx_word' id='word_1_86' title='bbox 1768 1588 2077 1653; x_wconf 79' lang='lat' dir='ltr'>recurrit:</span> 
     </span>
     <span class='ocr_line' id='line_1_12' title="bbox 1591 1692 2116 1769; baseline -0.004 -10"><span class='ocrx_word' id='word_1_87' title='bbox 1591 1692 1715 1759; x_wconf 72' lang='grc' dir='ltr'>οὐδ’</span> <span class='ocrx_word' id='word_1_88' title='bbox 1763 1693 1922 1758; x_wconf 73' lang='grc' dir='ltr'><strong><em>ὁποῖ’</em></strong></span> <span class='ocrx_word' id='word_1_89' title='bbox 1969 1694 2116 1769; x_wconf 68' lang='grc' dir='ltr'><strong><em>ἀνὴρ</em></strong></span> 
     </span>
     <span class='ocr_line' id='line_1_13' title="bbox 646 1798 2103 1879; baseline -0.001 -13"><span class='ocrx_word' id='word_1_90' title='bbox 646 1800 838 1873; x_wconf 78' lang='grc' dir='ltr'><strong><em>ἔννους</em></strong></span> <span class='ocrx_word' id='word_1_91' title='bbox 886 1802 971 1865; x_wconf 70' lang='grc' dir='ltr'>τὰ</span> <span class='ocrx_word' id='word_1_92' title='bbox 1021 1800 1203 1866; x_wconf 71' lang='grc' dir='ltr'><strong><em>καινὰ</em></strong></span> <span class='ocrx_word' id='word_1_93' title='bbox 1251 1807 1377 1871; x_wconf 83' lang='grc' dir='ltr'><strong><em>τοῖς</em></strong></span> <span class='ocrx_word' id='word_1_94' title='bbox 1426 1798 1634 1864; x_wconf 73' lang='grc' dir='ltr'><strong><em>πάλαι</em></strong></span> <span class='ocrx_word' id='word_1_95' title='bbox 1680 1799 2103 1879; x_wconf 72' lang='grc' dir='ltr'><strong><em>τεκμαίρεται.</em></strong></span> 
     </span>
    </p>
   </div>
   <div class='ocr_carea' id='block_1_5' title="bbox 377 2019 949 2105">
    <p class='ocr_par' dir='ltr' id='par_1_5' title="bbox 377 2019 949 2105">
     <span class='ocr_line' id='line_1_14' title="bbox 377 2019 949 2105; baseline -0.002 -20"><span class='ocrx_word' id='word_1_96' title='bbox 377 2019 538 2086; x_wconf 89' lang='lat' dir='ltr'>Ibid.</span> <span class='ocrx_word' id='word_1_97' title='bbox 592 2019 767 2085; x_wconf 83' lang='lat'>1512</span> <span class='ocrx_word' id='word_1_98' title='bbox 816 2042 949 2105; x_wconf 92' lang='lat' dir='ltr'>sqq.</span> 
     </span>
    </p>
   </div>
   <div class='ocr_carea' id='block_1_6' title="bbox 224 2125 2676 3907">
    <p class='ocr_par' dir='ltr' id='par_1_6' title="bbox 224 2125 2668 2951">
     <span class='ocr_line' id='line_1_15' title="bbox 1154 2125 2074 2206; baseline 0.004 -19"><span class='ocrx_word' id='word_1_99' title='bbox 1154 2129 1253 2189; x_wconf 87' lang='grc' dir='ltr'>νῦν</span> <span class='ocrx_word' id='word_1_100' title='bbox 1299 2125 1361 2189; x_wconf 76' lang='grc' dir='ltr'>δὲ</span> <span class='ocrx_word' id='word_1_101' title='bbox 1408 2129 1579 2189; x_wconf 81' lang='grc' dir='ltr'><strong><em>τοῦτ’</em></strong></span> <span class='ocrx_word' id='word_1_102' title='bbox 1628 2125 1887 2206; x_wconf 78' lang='grc' dir='ltr'><strong><em>εὔχεσθέ</em></strong></span> <span class='ocrx_word' id='word_1_103' title='bbox 1934 2150 2074 2205; x_wconf 85' lang='grc' dir='ltr'><strong><em>μοι,</em></strong></span> 
     </span>
     <span class='ocr_line' id='line_1_16' title="bbox 652 2229 1977 2315; baseline -0.001 -18"><span class='ocrx_word' id='word_1_104' title='bbox 652 2229 717 2298; x_wconf 83' lang='grc' dir='ltr'>οὖ</span> <span class='ocrx_word' id='word_1_105' title='bbox 766 2232 966 2311; x_wconf 77' lang='grc' dir='ltr'><strong><em>καιρὸς</em></strong></span> <span class='ocrx_word' id='word_1_106' title='bbox 1018 2234 1091 2315; x_wconf 74' lang='grc' dir='ltr'>ἐᾷ’</span> <span class='ocrx_word' id='word_1_107' title='bbox 1138 2231 1266 2313; x_wconf 78' lang='grc' dir='ltr'><strong><em>ζῆν,</em></strong></span> <span class='ocrx_word' id='word_1_108' title='bbox 1315 2235 1421 2296; x_wconf 81' lang='grc' dir='ltr'>τοῦ</span> <span class='ocrx_word' id='word_1_109' title='bbox 1468 2231 1608 2309; x_wconf 82' lang='grc' dir='ltr'><strong><em>βίου</em></strong></span> <span class='ocrx_word' id='word_1_110' title='bbox 1655 2231 1718 2297; x_wconf 76' lang='grc' dir='ltr'>δὲ</span> <span class='ocrx_word' id='word_1_111' title='bbox 1767 2231 1977 2314; x_wconf 78' lang='grc' dir='ltr'><strong><em>λῷονος</em></strong></span> 
     </span>
     <span class='ocr_line' id='line_1_17' title="bbox 654 2338 2053 2417; baseline 0 -13"><span class='ocrx_word' id='word_1_112' title='bbox 654 2340 816 2412; x_wconf 69' lang='grc' dir='ltr'>ὑμᾶς</span> <span class='ocrx_word' id='word_1_113' title='bbox 866 2348 1121 2416; x_wconf 77' lang='grc' dir='ltr'><strong><em>κυρῆσαι</em></strong></span> <span class='ocrx_word' id='word_1_114' title='bbox 1170 2342 1277 2401; x_wconf 83' lang='grc' dir='ltr'>τοῦ</span> <span class='ocrx_word' id='word_1_115' title='bbox 1322 2338 1749 2415; x_wconf 79' lang='grc' dir='ltr'><strong><em>Φυτεύσαντος</em></strong></span> <span class='ocrx_word' id='word_1_116' title='bbox 1801 2339 2053 2417; x_wconf 74' lang='grc' dir='ltr'><strong><em>πατρός.</em></strong></span> 
     </span>
     <span class='ocr_line' id='line_1_18' title="bbox 224 2442 2666 2532; baseline 0.002 -24"><span class='ocrx_word' id='word_1_117' title='bbox 224 2466 239 2483; x_wconf 85' lang='grc'><em>·</em></span> <span class='ocrx_word' id='word_1_118' title='bbox 288 2443 417 2509; x_wconf 88' lang='lat' dir='ltr'>Pro</span> <span class='ocrx_word' id='word_1_119' title='bbox 474 2447 727 2510; x_wconf 85' lang='lat' dir='ltr'>vitiosis</span> <span class='ocrx_word' id='word_1_120' title='bbox 789 2443 1111 2511; x_wconf 87' lang='lat' dir='ltr'>vocabulis</span> <span class='ocrx_word' id='word_1_121' title='bbox 1172 2442 1432 2525; x_wconf 74' lang='grc' dir='ltr'><strong><em>εὔχεσθέ</em></strong></span> <span class='ocrx_word' id='word_1_122' title='bbox 1494 2467 1597 2521; x_wconf 85' lang='grc' dir='ltr'><strong><em>μοι</em></strong></span> <span class='ocrx_word' id='word_1_123' title='bbox 1645 2482 1730 2494; x_wconf 96' lang='grc'>-</span> <span class='ocrx_word' id='word_1_124' title='bbox 1779 2448 2126 2531; x_wconf 81' lang='lat' dir='ltr'>requiritur</span> <span class='ocrx_word' id='word_1_125' title='bbox 2173 2449 2346 2513; x_wconf 89' lang='lat' dir='ltr'>enim</span> <span class='ocrx_word' id='word_1_126' title='bbox 2397 2466 2666 2532; x_wconf 87' lang='lat' dir='ltr'>persona</span> 
     </span>
     <span class='ocr_line' id='line_1_19' title="bbox 289 2552 2668 2638; baseline 0 -22"><span class='ocrx_word' id='word_1_127' title='bbox 289 2554 501 2637; x_wconf 89' lang='lat' dir='ltr'>prima</span> <span class='ocrx_word' id='word_1_128' title='bbox 558 2558 633 2617; x_wconf 92' lang='lat' dir='ltr'>ut</span> <span class='ocrx_word' id='word_1_129' title='bbox 676 2552 833 2617; x_wconf 91' lang='lat' dir='ltr'>bene</span> <span class='ocrx_word' id='word_1_130' title='bbox 880 2552 1258 2617; x_wconf 77' lang='lat' dir='ltr'>cohaereant</span> <span class='ocrx_word' id='word_1_131' title='bbox 1302 2552 1455 2617; x_wconf 89' lang='lat' dir='ltr'>haec</span> <span class='ocrx_word' id='word_1_132' title='bbox 1502 2572 1654 2617; x_wconf 91' lang='lat' dir='ltr'>cum</span> <span class='ocrx_word' id='word_1_133' title='bbox 1699 2552 2218 2638; x_wconf 79' lang='lat' dir='ltr'>praecedentibus</span> <span class='ocrx_word' id='word_1_134' title='bbox 2267 2591 2354 2603; x_wconf 91' lang='lat'>—</span> <span class='ocrx_word' id='word_1_135' title='bbox 2401 2556 2668 2619; x_wconf 87' lang='lat' dir='ltr'>coniecit</span> 
     </span>
     <span class='ocr_line' id='line_1_20' title="bbox 292 2656 2666 2744; baseline 0.001 -22"><span class='ocrx_word' id='word_1_136' title='bbox 292 2656 567 2744; x_wconf 81' lang='lat' dir='ltr'>Blaydes</span> <span class='ocrx_word' id='word_1_137' title='bbox 635 2662 735 2722; x_wconf 81' lang='grc' dir='ltr'>νῦν</span> <span class='ocrx_word' id='word_1_138' title='bbox 799 2658 861 2723; x_wconf 74' lang='grc' dir='ltr'>δὲ</span> <span class='ocrx_word' id='word_1_139' title='bbox 925 2660 1091 2722; x_wconf 80' lang='grc' dir='ltr'><strong><em>τοῦτ’</em></strong></span> <span class='ocrx_word' id='word_1_140' title='bbox 1159 2659 1512 2738; x_wconf 73' lang='grc' dir='ltr'><strong><em>ἐπεύχομαι</em></strong></span> <span class='ocrx_word' id='word_1_141' title='bbox 1574 2660 1711 2723; x_wconf 83' lang='lat' dir='ltr'>sive</span> <span class='ocrx_word' id='word_1_142' title='bbox 1776 2662 1876 2722; x_wconf 86' lang='grc' dir='ltr'>νῦν</span> <span class='ocrx_word' id='word_1_143' title='bbox 1926 2658 1986 2723; x_wconf 75' lang='grc' dir='ltr'>δὲ</span> <span class='ocrx_word' id='word_1_144' title='bbox 2037 2661 2198 2724; x_wconf 72' lang='grc' dir='ltr'><strong><em>τοῦθ’</em></strong></span> <span class='ocrx_word' id='word_1_145' title='bbox 2245 2657 2308 2723; x_wconf 79' lang='grc' dir='ltr'><strong><em>ἓν</em></strong></span> <span class='ocrx_word' id='word_1_146' title='bbox 2355 2657 2666 2739; x_wconf 81' lang='grc' dir='ltr'><strong><em>εὔχομαι,</em></strong></span> 
     </span>
     <span class='ocr_line' id='line_1_21' title="bbox 293 2762 1682 2850; baseline 0.001 -22"><span class='ocrx_word' id='word_1_147' title='bbox 293 2763 403 2828; x_wconf 87' lang='lat' dir='ltr'>sed</span> <span class='ocrx_word' id='word_1_148' title='bbox 448 2762 687 2830; x_wconf 82' lang='lat' dir='ltr'>leviore</span> <span class='ocrx_word' id='word_1_149' title='bbox 729 2766 1087 2830; x_wconf 76' lang='lat' dir='ltr'>mutatione</span> <span class='ocrx_word' id='word_1_150' title='bbox 1134 2765 1373 2850; x_wconf 79' lang='lat' dir='ltr'>corrigi</span> <span class='ocrx_word' id='word_1_151' title='bbox 1416 2765 1682 2849; x_wconf 87' lang='lat' dir='ltr'>poterit:</span> 
     </span>
     <span class='ocr_line' id='line_1_22' title="bbox 1175 2864 2131 2951; baseline 0.003 -18"><span class='ocrx_word' id='word_1_152' title='bbox 1175 2874 1276 2935; x_wconf 83' lang='grc' dir='ltr'>νῦν</span> <span class='ocrx_word' id='word_1_153' title='bbox 1322 2868 1385 2933; x_wconf 73' lang='grc' dir='ltr'>δὲ</span> <span class='ocrx_word' id='word_1_154' title='bbox 1434 2873 1603 2935; x_wconf 78' lang='grc' dir='ltr'><strong><em>τοῦτ’</em></strong></span> <span class='ocrx_word' id='word_1_155' title='bbox 1653 2864 1839 2951; x_wconf 79' lang='grc' dir='ltr'><strong><em>εὗχός</em></strong></span> <span class='ocrx_word' id='word_1_156' title='bbox 1885 2872 1944 2935; x_wconf 76' lang='grc' dir='ltr'>τ’</span> <span class='ocrx_word' id='word_1_157' title='bbox 1993 2871 2131 2949; x_wconf 68' lang='grc' dir='ltr'><strong><em>ἐμοί</em></strong></span> 
     </span>
    </p>

    <p class='ocr_par' dir='ltr' id='par_1_7' title="bbox 658 2974 1992 3061">
     <span class='ocr_line' id='line_1_23' title="bbox 658 2974 1992 3061; baseline -0.001 -18"><span class='ocrx_word' id='word_1_158' title='bbox 658 2974 725 3043; x_wconf 81' lang='grc' dir='ltr'>οὗ</span> <span class='ocrx_word' id='word_1_159' title='bbox 772 2978 975 3058; x_wconf 79' lang='grc' dir='ltr'><strong><em>καιρὸς</em></strong></span> <span class='ocrx_word' id='word_1_160' title='bbox 1023 2978 1094 3061; x_wconf 76' lang='grc' dir='ltr'>ἐᾷ</span> <span class='ocrx_word' id='word_1_161' title='bbox 1144 2975 1271 3059; x_wconf 75' lang='grc' dir='ltr'><strong><em>ζῆν,</em></strong></span> <span class='ocrx_word' id='word_1_162' title='bbox 1321 2981 1427 3041; x_wconf 79' lang='grc' dir='ltr'>τοῦ</span> <span class='ocrx_word' id='word_1_163' title='bbox 1474 2976 1616 3053; x_wconf 72' lang='grc' dir='ltr'><strong><em>βίον</em></strong></span> <span class='ocrx_word' id='word_1_164' title='bbox 1664 3002 1732 3041; x_wconf 82' lang='grc' dir='ltr'>τε</span> <span class='ocrx_word' id='word_1_165' title='bbox 1779 2974 1992 3058; x_wconf 76' lang='grc' dir='ltr'><strong><em>λῴονος</em></strong></span> 
     </span>
    </p>

    <p class='ocr_par' dir='ltr' id='par_1_8' title="bbox 294 3084 2676 3907">
     <span class='ocr_line' id='line_1_24' title="bbox 662 3084 2056 3165; baseline 0.001 -17"><span class='ocrx_word' id='word_1_166' title='bbox 662 3086 823 3161; x_wconf 73' lang='grc' dir='ltr'>ὑμᾶς</span> <span class='ocrx_word' id='word_1_167' title='bbox 873 3091 1126 3159; x_wconf 79' lang='grc' dir='ltr'><strong><em>κυρῆσαι</em></strong></span> <span class='ocrx_word' id='word_1_168' title='bbox 1173 3088 1279 3148; x_wconf 86' lang='grc' dir='ltr'>τοῦ</span> <span class='ocrx_word' id='word_1_169' title='bbox 1327 3084 1754 3165; x_wconf 68' lang='grc' dir='ltr'><strong><em>φυτεύσαντος</em></strong></span> <span class='ocrx_word' id='word_1_170' title='bbox 1805 3085 2056 3163; x_wconf 77' lang='grc' dir='ltr'><strong><em>πατρός.</em></strong></span> 
     </span>
     <span class='ocr_line' id='line_1_25' title="bbox 294 3189 2672 3278; baseline 0.001 -23"><span class='ocrx_word' id='word_1_171' title='bbox 294 3189 671 3275; x_wconf 86' lang='lat' dir='ltr'>Requiritur</span> <span class='ocrx_word' id='word_1_172' title='bbox 716 3197 935 3256; x_wconf 89' lang='lat' dir='ltr'>autem</span> <span class='ocrx_word' id='word_1_173' title='bbox 953 3239 969 3269; x_wconf 86' lang='lat'>‚</span> <span class='ocrx_word' id='word_1_174' title='bbox 1018 3193 1085 3255; x_wconf 91' lang='lat' dir='ltr'>ni</span> <span class='ocrx_word' id='word_1_175' title='bbox 1120 3189 1329 3267; x_wconf 86' lang='lat' dir='ltr'>fallor,</span> <span class='ocrx_word' id='word_1_176' title='bbox 1371 3189 1575 3255; x_wconf 88' lang='lat' dir='ltr'>forma</span> <span class='ocrx_word' id='word_1_177' title='bbox 1613 3211 1735 3255; x_wconf 89' lang='lat' dir='ltr'>non</span> <span class='ocrx_word' id='word_1_178' title='bbox 1776 3190 2068 3257; x_wconf 85' lang='lat' dir='ltr'>enclitica</span> <span class='ocrx_word' id='word_1_179' title='bbox 2116 3192 2268 3271; x_wconf 72' lang='grc' dir='ltr'><strong><em>ἐμοί,</em></strong></span> <span class='ocrx_word' id='word_1_180' title='bbox 2295 3193 2672 3278; x_wconf 81' lang='lat' dir='ltr'>emphaseos</span> 
     </span>
     <span class='ocr_line' id='line_1_26' title="bbox 298 3296 2675 3384; baseline 0 -22"><span class='ocrx_word' id='word_1_181' title='bbox 298 3316 488 3362; x_wconf 88' lang='lat' dir='ltr'>causa</span> <span class='ocrx_word' id='word_1_182' title='bbox 504 3346 521 3373; x_wconf 91' lang='lat'><strong><em>,</em></strong></span> <span class='ocrx_word' id='word_1_183' title='bbox 570 3304 646 3361; x_wconf 91' lang='lat' dir='ltr'>ut</span> <span class='ocrx_word' id='word_1_184' title='bbox 689 3296 853 3362; x_wconf 89' lang='lat' dir='ltr'>clare</span> <span class='ocrx_word' id='word_1_185' title='bbox 900 3296 1012 3361; x_wconf 90' lang='lat' dir='ltr'>fiat</span> <span class='ocrx_word' id='word_1_186' title='bbox 1061 3298 1379 3382; x_wconf 88' lang='lat' dir='ltr'>oppositio</span> <span class='ocrx_word' id='word_1_187' title='bbox 1426 3298 1594 3360; x_wconf 86' lang='lat' dir='ltr'>inter</span> <span class='ocrx_word' id='word_1_188' title='bbox 1638 3317 1975 3381; x_wconf 77' lang='lat' dir='ltr'>personam</span> <span class='ocrx_word' id='word_1_189' title='bbox 2019 3296 2385 3383; x_wconf 78' lang='lat' dir='ltr'>loquentem</span> <span class='ocrx_word' id='word_1_190' title='bbox 2433 3305 2498 3364; x_wconf 92' lang='lat' dir='ltr'>et</span> <span class='ocrx_word' id='word_1_191' title='bbox 2537 3320 2675 3384; x_wconf 90' lang='lat' dir='ltr'>pro-</span> 
     </span>
     <span class='ocr_line' id='line_1_27' title="bbox 298 3398 2676 3489; baseline 0.001 -22"><span class='ocrx_word' id='word_1_192' title='bbox 298 3422 533 3468; x_wconf 87' lang='lat' dir='ltr'>nomen</span> <span class='ocrx_word' id='word_1_193' title='bbox 594 3402 762 3489; x_wconf 88' lang='lat' dir='ltr'>quod</span> <span class='ocrx_word' id='word_1_194' title='bbox 820 3406 1109 3489; x_wconf 84' lang='lat' dir='ltr'>sequitur</span> <span class='ocrx_word' id='word_1_195' title='bbox 1163 3403 1347 3475; x_wconf 72' lang='grc' dir='ltr'><strong><em>ὑμᾶς.</em></strong></span> <span class='ocrx_word' id='word_1_196' title='bbox 1399 3399 1539 3467; x_wconf 81' lang='lat' dir='ltr'>Vox</span> <span class='ocrx_word' id='word_1_197' title='bbox 1586 3398 1765 3481; x_wconf 77' lang='grc' dir='ltr'><strong><em>εὖχος</em></strong></span> <span class='ocrx_word' id='word_1_198' title='bbox 1817 3424 2003 3468; x_wconf 88' lang='lat' dir='ltr'>sensu</span> <span class='ocrx_word' id='word_1_199' title='bbox 2050 3404 2244 3486; x_wconf 70' lang='lat' dir='ltr'>optati</span> <span class='ocrx_word' id='word_1_200' title='bbox 2290 3406 2532 3469; x_wconf 87' lang='lat' dir='ltr'>iterum</span> <span class='ocrx_word' id='word_1_201' title='bbox 2579 3424 2676 3469; x_wconf 89' lang='lat' dir='ltr'>oc-</span> 
     </span>
     <span class='ocr_line' id='line_1_28' title="bbox 301 3504 2672 3590; baseline 0 -17"><span class='ocrx_word' id='word_1_202' title='bbox 301 3511 501 3574; x_wconf 78' lang='lat' dir='ltr'>currit</span> <span class='ocrx_word' id='word_1_203' title='bbox 564 3510 633 3573; x_wconf 85' lang='lat' dir='ltr'>in</span> <span class='ocrx_word' id='word_1_204' title='bbox 700 3508 1059 3574; x_wconf 78' lang='lat' dir='ltr'>Philoctete</span> <span class='ocrx_word' id='word_1_205' title='bbox 1118 3528 1211 3573; x_wconf 83' lang='lat' dir='ltr'>vs.</span> <span class='ocrx_word' id='word_1_206' title='bbox 1267 3506 1476 3573; x_wconf 83' lang='lat'>1202:</span> <span class='ocrx_word' id='word_1_207' title='bbox 1542 3508 1692 3571; x_wconf 69' lang='grc' dir='ltr'><strong>ἀλλ’</strong></span> <span class='ocrx_word' id='word_1_208' title='bbox 1758 3504 1798 3571; x_wconf 81' lang='grc' dir='ltr'><strong><em>ὦ</em></strong></span> <span class='ocrx_word' id='word_1_209' title='bbox 1864 3506 2055 3588; x_wconf 74' lang='grc' dir='ltr'><strong><em>ξένοι,</em></strong></span> <span class='ocrx_word' id='word_1_210' title='bbox 2103 3505 2166 3573; x_wconf 78' lang='grc' dir='ltr'><strong><em>ἕν</em></strong></span> <span class='ocrx_word' id='word_1_211' title='bbox 2214 3512 2290 3586; x_wconf 73' lang='grc' dir='ltr'>γέ</span> <span class='ocrx_word' id='word_1_212' title='bbox 2336 3534 2438 3585; x_wconf 91' lang='grc' dir='ltr'><strong><em>μοι</em></strong></span> <span class='ocrx_word' id='word_1_213' title='bbox 2488 3506 2672 3590; x_wconf 80' lang='grc' dir='ltr'><strong><em>εὖχος</em></strong></span> 
     </span>
     <span class='ocr_line' id='line_1_29' title="bbox 302 3611 2676 3700; baseline 0.001 -21"><span class='ocrx_word' id='word_1_214' title='bbox 302 3613 571 3695; x_wconf 77' lang='grc' dir='ltr'><strong><em>δρέξατε.</em></strong></span> <span class='ocrx_word' id='word_1_215' title='bbox 632 3614 811 3694; x_wconf 83' lang='lat' dir='ltr'>Quod</span> <span class='ocrx_word' id='word_1_216' title='bbox 870 3616 1101 3680; x_wconf 84' lang='lat' dir='ltr'>attinet</span> <span class='ocrx_word' id='word_1_217' title='bbox 1159 3613 1239 3679; x_wconf 89' lang='lat' dir='ltr'>ad</span> <span class='ocrx_word' id='word_1_218' title='bbox 1283 3634 1378 3679; x_wconf 84' lang='lat' dir='ltr'>vs.</span> <span class='ocrx_word' id='word_1_219' title='bbox 1433 3611 1628 3688; x_wconf 87' lang='lat'>1513,</span> <span class='ocrx_word' id='word_1_220' title='bbox 1677 3616 1929 3700; x_wconf 85' lang='lat' dir='ltr'>saepius</span> <span class='ocrx_word' id='word_1_221' title='bbox 1978 3615 2451 3681; x_wconf 83' lang='lat' dir='ltr'>confunduntur</span> <span class='ocrx_word' id='word_1_222' title='bbox 2498 3616 2561 3681; x_wconf 77' lang='grc' dir='ltr'>δέ</span> <span class='ocrx_word' id='word_1_223' title='bbox 2611 3622 2676 3681; x_wconf 87' lang='lat' dir='ltr'>et</span> 
     </span>
     <span class='ocr_line' id='line_1_30' title="bbox 303 3718 2665 3807; baseline 0 -22"><span class='ocrx_word' id='word_1_224' title='bbox 303 3745 395 3785; x_wconf 83' lang='grc' dir='ltr'>τε.</span> <span class='ocrx_word' id='word_1_225' title='bbox 457 3720 843 3787; x_wconf 85' lang='lat' dir='ltr'>Iamdudum</span> <span class='ocrx_word' id='word_1_226' title='bbox 890 3718 1300 3787; x_wconf 87' lang='lat' dir='ltr'>emendatum</span> <span class='ocrx_word' id='word_1_227' title='bbox 1344 3726 1440 3786; x_wconf 85' lang='lat' dir='ltr'>est</span> <span class='ocrx_word' id='word_1_228' title='bbox 1486 3744 1555 3786; x_wconf 83' lang='grc' dir='ltr'>τε</span> <span class='ocrx_word' id='word_1_229' title='bbox 1603 3742 1718 3807; x_wconf 90' lang='lat' dir='ltr'>pro</span> <span class='ocrx_word' id='word_1_230' title='bbox 1768 3720 1830 3786; x_wconf 75' lang='grc' dir='ltr'>δέ</span> <span class='ocrx_word' id='word_1_231' title='bbox 1878 3722 1980 3787; x_wconf 84' lang='lat' dir='ltr'>Ai.</span> <span class='ocrx_word' id='word_1_232' title='bbox 2029 3720 2194 3802; x_wconf 86' lang='lat'><strong>836;</strong></span> <span class='ocrx_word' id='word_1_233' title='bbox 2247 3723 2396 3788; x_wconf 90' lang='lat' dir='ltr'>Ant.</span> <span class='ocrx_word' id='word_1_234' title='bbox 2453 3720 2665 3801; x_wconf 85' lang='lat'>1096;</span> 
     </span>
     <span class='ocr_line' id='line_1_31' title="bbox 302 3826 1346 3907; baseline -0.001 -14"><span class='ocrx_word' id='word_1_235' title='bbox 302 3827 405 3893; x_wconf 80' lang='lat' dir='ltr'>El.</span> <span class='ocrx_word' id='word_1_236' title='bbox 460 3826 667 3907; x_wconf 88' lang='lat'>1099;</span> <span class='ocrx_word' id='word_1_237' title='bbox 715 3826 938 3894; x_wconf 82' lang='lat' dir='ltr'>Trach.</span> <span class='ocrx_word' id='word_1_238' title='bbox 989 3827 1142 3905; x_wconf 86' lang='grc'><strong>286,</strong></span> <span class='ocrx_word' id='word_1_239' title='bbox 1194 3826 1346 3893; x_wconf 86' lang='grc'><strong>334.</strong></span> 
     </span>
    </p>
   </div>
  </div>
 </body>
</html>
