3192 5009
1075 227 1367 276 oneum
1414 225 1776 276 smnmu.
2473 201 2606 272 34¹7

254 399 449 462 machi
488 396 901 482 Orphioorum
919 444 935 471 ‚
980 392 1255 459 aliorum
1273 443 1289 472 ,
1332 415 1369 459 a
1409 415 1682 480 quorum
1722 399 2055 480 poetarum
2077 392 2346 457 lectione
2370 396 2607 473 quanto

252 524 423 587 opere
482 501 741 588 pendeat
789 500 1282 587 Sibyllistarum
1329 504 1537 584 poesis
1582 501 1721 566 fuse
1770 500 2228 565 demonstravit
2273 499 2609 561 memoria-

250 627 387 672 rum
432 627 539 672 sua
583 607 949 672 colleotione
994 609 1061 670 in
1110 605 1233 670 fine
1279 605 1461 683 libri,
1512 627 1659 694 pag.
1711 603 2092 672 240—316.

332 711 640 797 Quidquid
685 711 1073 777 iudicabitur
1120 711 1197 776 de
1246 711 1507 776 audacia
1522 761 1538 788 ,
1589 733 1716 798 qua
1761 714 2014 797 saepius
2060 712 2162 774 vir
2207 709 2430 772 doetus
2480 709 2610 770 vio-

250 818 529 884 lentiores
587 818 723 897 (sed
772 837 913 882 raro
956 821 1231 902 ineptas)
1262 837 1427 881 suas
1476 821 1870 882 coniecturas
1914 819 1983 880 in
2030 817 2402 879 contextum
2445 831 2610 876 reee—
2704 845 2712 854 ·

251 929 371 1016 pit,
436 925 803 988 infirmitate
873 922 1147 1008 quadam
1207 921 1433 986 multis
1506 922 1858 988 editoribus
1929 924 2208 986 nimium
2278 919 2609 983 communi

248 1037 403 1095 certa
470 1034 578 1094 aut
645 1027 997 1113 probabilia
1068 1027 1344 1094 aliorum
1410 1031 1672 1093 inventa
1743 1027 2011 1093 subinde
2073 1031 2140 1090 in
2201 1025 2607 1089 annotatione

246 1136 587 1201 delitescere
644 1155 871 1220 passus
890 1183 906 1210 ‚
954 1135 1072 1198 hoo
1120 1135 1401 1218 profecto
1447 1155 1682 1221 negare
1728 1156 1916 1199 nemo
1965 1133 2232 1219 poterit,
2284 1130 2609 1215 patientis-

246 1246 397 1306 simo
460 1241 713 1306 Rsaohii
764 1246 829 1304 et
875 1238 1238 1325 pererudito
1285 1239 1499 1305 labore
1548 1241 2152 1305 obscurissimorum
2197 1244 2261 1303 et
2307 1236 2608 1322 deprava-

246 1349 621 1410 tissimorum
672 1344 1078 1410 oraculorum
1126 1348 1315 1409 crisin
1362 1344 1724 1430 plurimum
1770 1345 2111 1430 proficisse.

326 1449 555 1515 Fundit
599 1451 753 1514 haec
804 1448 1061 1514 oracula
1107 1447 1223 1529 (IV
1269 1448 1339 1528 4)

496 1559 558 1620 οὐ
602 1554 865 1634 ψευδοῦς
915 1553 1139 1632 Φοίβου
1186 1554 1616 1636 χρησμηγόρος
1641 1605 1656 1632 ,
1707 1551 1840 1620 ὅντε
1890 1555 2148 1630 μάταιοι

494 1659 781 1740 ἅνθρωποι
828 1659 955 1724 θεὸν
1003 1656 1191 1737 εἷπον,
1240 1660 1662 1740 emmenum
1707 1661 1772 1725 δὲ
1818 1659 2042 1736 μάντιν
2063 1681 2078 1696 ·

497 1765 671 1830 ἀλλὰ
722 1767 855 1830 θεοῦ
900 1764 1242 1842 μεγάλοιο,
1282 1766 1387 1829 τὸν
1434 1767 1501 1830 οὐ
1548 1765 1728 1847 χέρες
1779 1763 2069 1830 ἔπλασαν
2115 1765 2355 1846 ὦνδρῶν,

502 1869 764 1942 εἶδῶλοις
812 1869 1106 1935 &adacto-e
1154 1871 1654 1948 λιθογλύπτοισιν
1703 1869 1923 1948 ὅμοιον,

248 1996 357 2039 non
416 1979 617 2063 igitur
676 1977 1034 2063 Erythraea
1096 1983 1208 2041 aut
1268 1975 1559 2043 Cumana
1623 1977 1826 2043 aliave
1876 1975 2118 2044 Graeca
2161 1975 2412 2062 Sibylla
2429 2025 2445 2052 ,
2496 1975 2605 2041 sed

247 2079 565 2146 Orientalis
583 2130 599 2158 ,
650 2081 859 2162 Noae,
910 2103 1188 2167 quocum
1224 2086 1291 2146 in
1331 2103 1476 2148 arca
1512 2089 1768 2149 servata
1804 2089 1933 2159 est,
1977 2103 2176 2148 nurus
2212 2080 2243 2145 I
2283 2079 2415 2154 287
2443 2102 2601 2166 sqq„

244 2189 479 2251 nomine
526 2187 867 2253 Sambethe
914 2186 1148 2266 (Schol.
1200 2189 1278 2253 ad
1324 2188 1489 2254 Plat.
1536 2189 1806 2254 Phaedr.
1857 2210 1918 2274 p.
1960 2187 2091 2253 244
2115 2179 2217 2267 B),
2257 2187 2602 2272 eademque

244 2310 400 2354 soror
439 2291 625 2356 Isidis
671 2293 825 2358 deae
862 2293 1299 2378 Aegyptiacae
1337 2293 1418 2373 (V
1462 2293 1594 2373 53),
1639 2296 1822 2358 cuius
1859 2315 2084 2358 versus
2123 2293 2371 2379 primus
2410 2289 2604 2358 Grae-

244 2415 441 2460 corum
480 2397 645 2484 legit
690 2397 1127 2476 ψευδογροὶφος
1179 2397 1457 2478 πρέσβυς
1501 2399 1720 2475 βροτὸς
1770 2435 1854 2446 --
1905 2395 2317 2477 ψευδόποιτρις
2367 2395 2604 2462 Home-

242 2518 334 2564 rus
376 2500 493 2581 (HI
538 2501 668 2566 419
694 2509 859 2588 sqq.)
908 2509 973 2567 et
1018 2503 1577 2589 impudentissime
1625 2505 1874 2568 furatus
1921 2507 1988 2568 in
2035 2523 2220 2568 suam
2267 2523 2405 2568 rem
2460 2522 2603 2566 con-

244 2609 433 2671 vertit.
478 2605 575 2674 Of.
626 2607 723 2671 XI
777 2607 905 2673 186
930 2630 1063 2693 sqq.
1130 2606 1251 2674 Oui
1314 2608 1547 2674 stolido
1611 2610 1939 2675 mendacio
1960 2658 1976 2686 ,
2042 2609 2188 2674 ficto
2233 2607 2478 2672 seilicet
2526 2612 2602 2671 ut

242 2710 433 2792 ipsum
494 2715 883 2778 eontrarium
950 2714 1376 2799 obtegeretur,
1426 2714 1621 2778 fuisse
1668 2713 1826 2778 olim
1865 2716 1976 2798 qui
2022 2713 2213 2778 fidem
2259 2713 2563 2777 haberent
2581 2760 2598 2788 ,

244 2816 581 2898 perdifficile
628 2825 725 2882 est
773 2817 853 2882 ad
900 2817 1301 2882 eredendum.

318 2919 613 2988 Conditae
664 2928 883 2987 autem
930 2930 1081 2987 sunt
1121 2924 1242 2988 hae
1292 2923 1369 2987 de
1416 2927 1702 2988 universi
1748 2924 1975 2988 mundi
2019 2925 2288 2988 historia
2322 2921 2601 3007 praedio-

240 3028 419 3092 tiones
470 3048 507 3092 a
550 3031 747 3092 variis
796 3029 1160 3092 auctoribus
1208 3027 1654 3092 Alexandrinis
1673 3076 1690 3104 ,
1739 3031 1978 3114 partim
2024 3027 2274 3092 Iudaeis
2293 3076 2309 3105 ‚
2357 3030 2598 3111 partim

244 3127 591 3198 Christianis
607 3183 623 3210 ,
674 3137 743 3198 iu
792 3135 1025 3218 quibus
1071 3140 1223 3198 sunt
1269 3131 1487 3200 Iudaei
1526 3137 1719 3198 sacris
1758 3133 1996 3219 litteris
2033 3132 2412 3201 Christianis
2451 3132 2597 3217 plus

240 3238 505 3303 minusve
542 3239 783 3302 imbuti
826 3246 892 3302 et
935 3236 1283 3306 Christiani
1308 3238 1720 3314 iudaizanteS,
1748 3244 2005 3324 utrique
2029 3247 2248 3304 autem
2271 3241 2338 3303 in
2362 3241 2596 3304 veteris

244 3340 481 3408 foederis
540 3343 721 3412 libris
785 3350 851 3408 et
910 3341 1301 3410 Graecorum
1350 3345 1529 3429 poesi
1572 3348 1751 3428 epica
1796 3347 2235 3434 versatissimi.
2287 3343 2598 3408 Diversis-

243 3448 411 3514 simae
454 3456 673 3514 autem
722 3457 872 3512 sunt
919 3453 1147 3514 aetatis
1164 3498 1181 3526 ,
1230 3470 1381 3514 nam
1426 3471 1573 3535 pars
1622 3452 2068 3534 antiquissima
2114 3451 2192 3514 ad
2238 3448 2596 3514 Ptolemaei

244 3548 613 3639 Philadelphi
678 3559 965 3638 tempora
1022 3558 1333 3639 pertinet,
1400 3575 1545 3640 pars
1593 3554 1846 3620 condita
1888 3562 1987 3619 est
2032 3552 2178 3620 Tito
2227 3554 2332 3618 vel
2376 3553 2596 3618 Domi-

246 3657 389 3723 tiano
432 3663 787 3745 imperante
806 3709 821 3734 ,
872 3659 999 3726 alia
1034 3661 1343 3724 Antonini
1382 3660 1487 3724 Pii
1505 3708 1522 3737 ‚
1560 3660 1689 3725 alia
1723 3659 2066 3726 Alexandri
2103 3659 2322 3726 Severi
2359 3681 2595 3726 aevum

246 3767 545 3842 testantur,
587 3764 822 3828 ultima
864 3764 1134 3850 denique
1180 3786 1325 3850 pars
1371 3766 1710 3830 manifesto
1757 3768 1990 3850 scripta
2035 3771 2133 3830 est
2177 3770 2596 3850 posteaquam

248 3860 517 3934 Zenobiae
578 3873 851 3934 maritus
899 3869 1267 3935 Odenathus
1314 3869 1660 3956 Palmyrae
1707 3893 1816 3936 rex
1863 3877 1929 3936 et
1976 3871 2260 3956 pontifex
2279 3918 2297 3949 ,
2347 3873 2458 3956 qui
2505 3871 2597 3936 la-

248 3965 391 4036 benti
432 3973 871 4038 Romanorum
918 3977 1191 4060 imperio
1235 3995 1423 4059 opem
1461 3975 1733 4052 tulerat,
1775 3979 1991 4041 uxoris
2029 3975 2274 4040 invidia
2307 3974 2592 4061 dolisque

250 4074 581 4146 interfectus
633 4085 731 4144 est
775 4079 843 4158 (l.
894 4079 1054 4144 XIII
1101 4088 1165 4145 et
1212 4079 1411 4160 XIV),
1463 4086 1555 4146 ita
1605 4087 1680 4146 ut
1726 4085 2009 4166 quinque
2056 4083 2186 4148 fere
2231 4081 2592 4148 seculorum

250 4186 417 4262 spatio
460 4187 895 4250 recentissima
941 4185 1195 4250 oracula
1244 4185 1481 4249 distent
1530 4187 1608 4251 ab
1653 4190 2136 4272 antiquissimis.
