3192 5009
521 343 654 410 314
1385 357 2031 408 onsnnu'nuuounu

517 527 895 593 beneficium
965 529 1148 592 cuius
1211 525 1280 591 id
1339 527 1548 611 igitur
1608 525 1801 611 pretii
1863 520 2003 591 est?
2071 523 2298 591 Nonne
2358 525 2501 588 iure
2546 524 2907 608 meritoque

517 654 810 720 respuere
852 633 922 697 id
965 629 1225 698 licebit?
1273 631 1455 712 Quod
1473 680 1490 710 ,
1539 632 1793 696 etiamsi
1841 651 2071 696 verum
2115 629 2431 708 videatur,
2471 636 2692 696 tamen
2726 649 2907 694 meae

515 739 929 806 verecundiae
973 740 1044 803 id
1090 759 1226 804 esse
1270 759 1397 802 non
1443 742 1740 822 putarem
1757 785 1774 814 ,
1822 738 1945 802 nisi
1992 738 2086 802 rei
2131 735 2431 801 fiduciam
2475 735 2734 802 adderet
2770 737 2911 798 uni-

516 867 701 912 versa
739 842 1076 910 Gallorum
1114 846 1392 910 nationis
1415 845 1817 928 conspiratiO,
1844 845 2314 929 auctoritasque
2337 842 2601 908 Roberti
2622 841 2903 916 Pothier,

515 952 664 1040 plus
726 955 838 1037 qui
896 953 1160 1018 caeteris
1221 949 1300 1014 ad
1346 951 1541 1015 huius
1589 951 1732 1014 aevi
1780 968 1972 1014 usum
2019 949 2454 1016 Romanarum
2496 947 2727 1036 legum
2768 947 2907 1012 flec—

515 1060 706 1124 tendo
773 1057 1054 1123 indolem
1071 1105 1088 1135 ,
1157 1054 1348 1121 utilia
1416 1055 1495 1121 ab
1555 1053 1898 1121 inutilibus
1960 1055 2338 1123 secernendo
2356 1103 2373 1135 ,
2433 1076 2563 1120 non
2623 1055 2905 1140 peritura

515 1169 848 1250 praecepta
915 1164 992 1229 ab
1067 1164 1512 1228 intermortuis
1582 1161 1977 1249 segregando
2039 1164 2433 1249 praestitisse
2496 1160 2773 1227 videtur.
2840 1157 2907 1224 Is

515 1272 721 1356 igitur
782 1269 1216 1334 demonstrato
1235 1316 1252 1346 ,
1325 1268 1497 1353 quod
1563 1270 1704 1333 iure
1771 1268 2126 1334 Iustiniano
2194 1268 2555 1334 indebitum
2616 1267 2909 1334 solutum

517 1378 719 1461 repeti
763 1377 964 1460 possit
1010 1377 1146 1440 sive
1193 1373 1590 1439 condictione
1639 1377 1794 1440 certi
1841 1377 1977 1440 sive
2024 1375 2417 1441 condictione
2460 1374 2733 1441 indebiti
2746 1423 2764 1452 ‚
2811 1375 2909 1438 ita

517 1485 762 1568 pergit:
821 1481 929 1559 „la
975 1479 1330 1544 distinction
1376 1482 1451 1544 de
1496 1502 1590 1544 cea
1636 1478 1981 1565 dtjffdrenteae
2026 1480 2255 1544 actione
2300 1481 2408 1566 qui
2453 1487 2555 1544 ont
2600 1503 2685 1543 vn
2729 1477 2909 1543 me¹noe

521 1589 896 1674 (fondement
958 1594 1016 1651 et
1075 1609 1157 1650 zm
1217 1585 1419 1665 me'me)
1483 1586 1641 1671 objet
1692 1587 1843 1650 n’est
1873 1609 1997 1668 pas
2042 1587 2286 1667 d'ueaqe
2331 1588 2483 1650 dane
2530 1593 2701 1650 notre
2742 1585 2913 1648 droit

500 1692 842 1779 franpais'’
877 1691 942 1773 ι).
1008 1691 1222 1756 Huius
1282 1698 1377 1757 est
1419 1713 1548 1757 non
1596 1713 1739 1758 mea
1784 1691 2047 1757 audacia
2092 1692 2169 1757 ab
2223 1691 2422 1758 altera
2467 1697 2614 1757 utra
2656 1693 2914 1756 actione

523 1819 780 1864 omnem
843 1798 1196 1863 utilitatem
1259 1798 1699 1864 abiudicantis.
1764 1796 2014 1862 Firmat
2074 1819 2180 1864 me
2224 1804 2554 1883 praeterea
2598 1796 2913 1862 Friderici

520 1903 731 1972 Caroli
813 1903 1103 1992 Savigny
1172 1903 1344 1990 apud
1413 1901 1764 1970 Germanos
1830 1906 2041 1970 maior
2108 1908 2306 1970 etiam
2373 1925 2567 1990 quam
2636 1903 2909 1969 Roberti

518 2011 782 2075 Pothier
840 2009 1009 2095 apud
1071 2006 1292 2075 Gallos
1353 2013 1699 2076 auctoritas
1717 2058 1734 2088 ,
1797 2012 1909 2095 qui
1966 2031 2041 2076 eo
2102 2031 2304 2096 usque
2350 2016 2449 2076 est
2493 2030 2871 2097 progressus
2890 2055 2911 2087 ,

518 2123 594 2180 ut
639 2137 767 2180 non
812 2120 1069 2179 tantum
1107 2120 1320 2181 vetere
1359 2117 1498 2180 iure
1536 2115 1646 2180 sed
1684 2117 1879 2180 etiam
1916 2114 2271 2182 Iustiniano
2307 2121 2504 2204 neget
2538 2114 2913 2203 generalem

519 2221 655 2287 dari
709 2220 1166 2286 condictionem
1192 2218 1266 2300 ⁹).
1332 2219 1537 2300 Quem
1599 2220 1928 2308 redarguit
1988 2226 2055 2288 et
2098 2224 2236 2310 ipse
2283 2243 2409 2307 quo
2454 2220 2620 2288 nihil
2664 2222 2913 2287 clarius

518 2327 863 2412 fragmenti
935 2326 1011 2391 de
1071 2326 1461 2393 condictione
1523 2329 1683 2392 certi
1743 2333 2075 2393 contextus
2138 2331 2203 2394 et
2262 2326 2674 2414 interpolatio
2717 2326 2763 2392 1.
2818 2327 2911 2392 24

520 2432 598 2497 D.
670 2432 774 2497 12.
807 2430 865 2510 l,
937 2431 1047 2496 ubi
1119 2435 1500 2497 nominatim
1562 2432 1642 2497 ad
1701 2433 1861 2498 hanc
1924 2436 2241 2499 actionem
2300 2432 2727 2499 Tribonianus
2786 2453 2911 2498 nos

518 2539 795 2603 remittit
822 2535 893 2617 ³).
944 2536 1068 2603 Sed
1113 2537 1291 2603 ducit
1337 2559 1488 2603 eum
1534 2541 1603 2602 ni
1650 2537 1834 2604 fallor
1877 2543 2091 2604 rectus
2136 2559 2357 2604 sensus
2394 2560 2597 2606 novae
2634 2541 2909 2604 actionis

518 2644 940 2710 abundantiae
985 2652 1049 2708 et
1092 2642 1487 2710 inutilitatis.

610 2751 698 2814 At
755 2771 909 2815 vero
967 2749 1163 2815 huius
1223 2748 1451 2844 culpae·
1509 2770 1655 2836 pars
1699 2770 1736 2814 a
1781 2750 2163 2816 Triboniano
2208 2753 2275 2816 in
2324 2771 2429 2817 eos
2474 2770 2633 2834 quos
2674 2755 2911 2815 nactus

517 2861 614 2922 est
657 2859 1032 2941 interpretes
1078 2854 1463 2921 deflectenda
1506 2855 1780 2922 videtur.
1833 2856 2082 2943 Quippe
2130 2858 2242 2942 qui
2286 2877 2411 2921 non
2456 2855 2725 2921 tulerint
2772 2854 2909 2920 Im·

516 2963 852 3049 peratoriis
905 2959 1158 3046 legibus
1219 2980 1362 3026 eam
1426 2982 1615 3046 opem
1677 2982 1872 3047 quam
1934 2964 1999 3026 et
2057 2961 2221 3028 ferre
2268 2961 2452 3027 facile
2499 2967 2671 3038 erat,
2724 2963 2789 3026 et
2836 2964 2913 3026 in

516 3089 584 3132 re
653 3067 851 3132 simili
919 3066 1470 3133 Decemviralibus
1534 3067 1791 3154 legibus
1850 3074 2095 3134 veteres
2154 3067 2255 3132 illi
2316 3071 2536 3153 sponte
2596 3066 2911 3134 tulerant.

516 3173 685 3238 Nam
744 3193 949 3258 quum
1008 3173 1371 3240 Decemviri
1429 3176 1763 3239 iussissent
1824 3173 2190 3260 generalem
2252 3194 2388 3238 esse
2444 3174 2763 3238 actionem
2808 3195 2911 3238 sa-

516 3282 823 3344 cramenti
842 3328 859 3357 ,
897 3286 974 3344 ut
1013 3300 1092 3342 ex
1130 3281 1308 3343 omni
1346 3299 1534 3344 causa
1572 3285 1961 3344 sacramento
2000 3281 2109 3366 agi
2145 3284 2386 3364 posset,
2428 3279 2591 3345 hanc
2628 3280 2911 3345 otiosam

514 3406 648 3450 esse
694 3383 1057 3471 generalem
1102 3387 1421 3450 actionem
1466 3391 1713 3450 veteres
1758 3387 1930 3471 passi
1976 3406 2101 3451 non
2147 3391 2299 3450 sunt
2314 3432 2332 3462 ‚
2380 3389 2749 3451 statuerunt
2766 3433 2783 3463 ,
2826 3388 2911 3450 de

514 3492 725 3578 quibu-5
776 3539 790 3556 .
821 3540 836 3555 .
865 3538 880 3555 .
929 3492 1098 3555 rebus
1143 3497 1212 3554 ut
1255 3490 1439 3555 aliter
1483 3498 1758 3572 afferetur
1804 3491 1931 3573 leye
1974 3498 2211 3555 cautum
2254 3513 2373 3554 non
2417 3497 2640 3573 espect),
2686 3493 2765 3556 de
2798 3492 2908 3556 hie

511 3604 876 3662 sacramento
921 3598 1236 3678 mendum
1279 3604 1444 3678 esee).
1495 3596 1701 3677 Quam
1740 3599 2020 3664 servavit
2055 3599 2650 3682 interpretationem
2688 3593 2903 3688 Gaius

513 3702 602 3767 IV
649 3706 684 3788 ς
714 3701 819 3767 13.
867 3700 1050 3767 Tales
1093 3704 1468 3787 interpretes
1513 3723 1640 3767 non
1684 3705 2091 3790 contigerunt
2135 3701 2391 3789 legibus
2430 3700 2899 3786 Imperatoriis‚

511 3830 714 3894 neque
758 3812 893 3894 ipse
938 3807 1097 3872 forte
1143 3806 1495 3891 Imperator
1539 3806 1701 3873 tales
1747 3808 1998 3873 futuros
2046 3809 2433 3894 expectavit.
2480 3807 2555 3872 Si
2598 3808 2907 3893 contigis-

513 3921 655 3980 sent
670 3963 687 3993 ,
751 3911 936 3979 facile
1000 3915 1418 3992 constitisset,
1481 3913 1787 3999 speciales
1832 3914 2259 3980 condictiones
2306 3911 2385 3979 ad
2422 3934 2629 3980 ,unam
2674 3933 2907 3979 omnes

584 4143 638 4207 1)
673 4139 798 4204 (Ed.
838 4143 1054 4204 Bugnet)
1095 4139 1134 4186 V
1170 4156 1217 4205 p.
1256 4140 1366 4190 103.
1394 4161 1442 4183 =..·
1473 4140 1645 4190 stam
1672 4143 1739 4191 du
1766 4142 1876 4206 prlt
1908 4143 1968 4192 de
1999 4142 2313 4206 contemptim·
2348 4139 2409 4192 n⁰
2446 4143 2559 4192 18⁹.

581 4225 636 4286 2)
667 4227 852 4290 Syrtem
887 4223 946 4273 V.
980 4239 1026 4288 p.
1065 4223 1160 4273 581
1197 4222 1261 4286 fg.

582 4307 637 4372 3)
673 4305 851 4357 Itidem
898 4305 956 4354 ad
1001 4319 1108 4354 eam
1152 4304 1359 4354 remittit
1391 4302 1423 4353 1.
1460 4305 1490 4352 8
1525 4307 1596 4366 §4
1638 4307 1690 4354 D.
1724 4305 1801 4355 12.
1821 4307 1869 4354 4.
1922 4307 2081 4372 Quam
2113 4305 2467 4372 paragraphum
2500 4306 2608 4356 ideo
2640 4305 2907 4356 innomine

511 4389 716 4446 videtur.
751 4403 862 4437 nam
896 4385 1150 4436 inseruisse
1183 4384 1522 4436 'tribonianum
1555 4392 1740 4437 constat
1775 4387 1899 4450 (vid.
1932 4403 2077 4453 supra
2104 4403 2205 4453 cap.
2240 4389 2393 4449 XVI),
2428 4391 2481 4438 nt
2509 4388 2811 4438 crederemus
2838 4403 2903 4439 ex

513 4485 636 4520 novo
669 4469 860 4534 negotio
893 4469 1020 4518 nasci
1056 4467 1176 4516 certi
1210 4467 1575 4519 condictionem.
