<?xml version="1.0" encoding="UTF-8"?>
<!DOCTYPE html PUBLIC "-//W3C//DTD XHTML 1.0 Transitional//EN"
    "http://www.w3.org/TR/xhtml1/DTD/xhtml1-transitional.dtd">
<html xmlns="http://www.w3.org/1999/xhtml" xml:lang="en" lang="en">
 <head>
  <title>
</title>
<meta http-equiv="Content-Type" content="text/html;charset=utf-8" />
  <meta name='ocr-system' content='tesseract 3.04.00' />
  <meta name='ocr-capabilities' content='ocr_page ocr_carea ocr_par ocr_line ocrx_word'/>
</head>
<body>
  <div class='ocr_page' id='page_1' title='image "./mnemosyne07servgoog_0172.png"; bbox 0 0 3192 5009; ppageno 0'>
   <div class='ocr_carea' id='block_1_1' title="bbox 567 225 1920 291">
    <p class='ocr_par' dir='ltr' id='par_1_1' title="bbox 567 225 1920 291">
     <span class='ocr_line' id='line_1_1' title="bbox 567 225 1920 291; baseline -0.002 -1"><span class='ocrx_word' id='word_1_1' title='bbox 567 225 696 291; x_wconf 90' lang='lat'>164</span> <span class='ocrx_word' id='word_1_2' title='bbox 1570 239 1920 289; x_wconf 65' lang='lat' dir='ltr'>nonium.</span> 
     </span>
    </p>
   </div>
   <div class='ocr_carea' id='block_1_2' title="bbox 560 402 2942 1026">
    <p class='ocr_par' dir='ltr' id='par_1_2' title="bbox 565 402 2412 483">
     <span class='ocr_line' id='line_1_2' title="bbox 565 402 2412 483; baseline -0.003 -11"><span class='ocrx_word' id='word_1_3' title='bbox 565 417 617 472; x_wconf 86' lang='lat' dir='ltr'>K</span> <span class='ocrx_word' id='word_1_4' title='bbox 645 406 799 474; x_wconf 82' lang='lat'>363.</span> <span class='ocrx_word' id='word_1_5' title='bbox 846 404 921 475; x_wconf 77' lang='grc' dir='ltr'>ὥς</span> <span class='ocrx_word' id='word_1_6' title='bbox 968 409 1072 473; x_wconf 82' lang='grc' dir='ltr'><strong><em>τὸν</em></strong></span> <span class='ocrx_word' id='word_1_7' title='bbox 1120 405 1425 478; x_wconf 71' lang='grc' dir='ltr'><strong><em>Τυδεΐδης</em></strong></span> <span class='ocrx_word' id='word_1_8' title='bbox 1480 405 1581 480; x_wconf 71' lang='grc' dir='ltr'>ἠδὲ</span> <span class='ocrx_word' id='word_1_9' title='bbox 1631 406 2026 483; x_wconf 68' lang='grc' dir='ltr'>πτολίπορθος</span> <span class='ocrx_word' id='word_1_10' title='bbox 2075 402 2412 474; x_wconf 76' lang='grc' dir='ltr'><strong><em>Ὀδυσσεὺς</em></strong></span> 
     </span>
    </p>

    <p class='ocr_par' dir='ltr' id='par_1_3' title="bbox 560 509 2942 1026">
     <span class='ocr_line' id='line_1_3' title="bbox 835 509 2466 590; baseline -0.001 -13"><span class='ocrx_word' id='word_1_11' title='bbox 835 517 988 578; x_wconf 77' lang='grc' dir='ltr'><strong><em>λαοῦ</em></strong></span> <span class='ocrx_word' id='word_1_12' title='bbox 1038 509 1481 590; x_wconf 70' lang='grc' dir='ltr'><strong><em>άποτμήξάντ’</em></strong></span> <span class='ocrx_word' id='word_1_13' title='bbox 1532 513 1962 577; x_wconf 77' lang='grc' dir='ltr'><strong><em>ἐδιώκετον</em></strong></span> <span class='ocrx_word' id='word_1_14' title='bbox 2013 510 2273 587; x_wconf 79' lang='grc' dir='ltr'><strong><em>ἐμμενὲς</em></strong></span> <span class='ocrx_word' id='word_1_15' title='bbox 2323 509 2466 575; x_wconf 71' lang='grc' dir='ltr'><strong><em>αἰεί.</em></strong></span> 
     </span>
     <span class='ocr_line' id='line_1_4' title="bbox 562 613 2942 707; baseline -0.004 -21"><span class='ocrx_word' id='word_1_16' title='bbox 562 619 940 707; x_wconf 79' lang='lat' dir='ltr'><strong>Suspectam</strong></span> <span class='ocrx_word' id='word_1_17' title='bbox 1001 620 1277 686; x_wconf 86' lang='lat' dir='ltr'>formam</span> <span class='ocrx_word' id='word_1_18' title='bbox 1324 619 1531 685; x_wconf 83' lang='lat' dir='ltr'>dualis</span> <span class='ocrx_word' id='word_1_19' title='bbox 1578 618 2042 706; x_wconf 79' lang='lat' dir='ltr'>Lugdunenses</span> <span class='ocrx_word' id='word_1_20' title='bbox 2089 615 2330 681; x_wconf 88' lang='lat' dir='ltr'>tollunt</span> <span class='ocrx_word' id='word_1_21' title='bbox 2375 617 2742 681; x_wconf 89' lang='lat' dir='ltr'>coniectura</span> <span class='ocrx_word' id='word_1_22' title='bbox 2789 613 2942 678; x_wconf 71' lang='grc' dir='ltr'><strong><em>ἐδίω-</em></strong></span> 
     </span>
     <span class='ocr_line' id='line_1_5' title="bbox 562 719 2940 802; baseline -0.003 -11"><span class='ocrx_word' id='word_1_23' title='bbox 562 750 661 792; x_wconf 79' lang='grc' dir='ltr'>κον</span> <span class='ocrx_word' id='word_1_24' title='bbox 725 727 989 802; x_wconf 79' lang='grc' dir='ltr'><strong><em>νωλεμὲς</em></strong></span> <span class='ocrx_word' id='word_1_25' title='bbox 1048 726 1191 791; x_wconf 72' lang='grc' dir='ltr'><strong><em>αἰεί.</em></strong></span> <span class='ocrx_word' id='word_1_26' title='bbox 1255 724 1483 790; x_wconf 85' lang='grc'><strong>1)116116</strong></span> <span class='ocrx_word' id='word_1_27' title='bbox 1529 732 1746 790; x_wconf 84' lang='lat' dir='ltr'>tamen</span> <span class='ocrx_word' id='word_1_28' title='bbox 1793 745 2102 789; x_wconf 84' lang='lat' dir='ltr'>numerus</span> <span class='ocrx_word' id='word_1_29' title='bbox 2151 728 2217 787; x_wconf 78' lang='lat' dir='ltr'>et</span> <span class='ocrx_word' id='word_1_30' title='bbox 2263 721 2640 787; x_wconf 80' lang='lat' dir='ltr'>adverbium</span> <span class='ocrx_word' id='word_1_31' title='bbox 2690 719 2940 795; x_wconf 79' lang='grc' dir='ltr'><strong><em>ἐμμενές</em></strong></span> 
     </span>
     <span class='ocr_line' id='line_1_6' title="bbox 560 826 2941 920; baseline -0.005 -22"><span class='ocrx_word' id='word_1_32' title='bbox 560 836 801 898; x_wconf 88' lang='lat' dir='ltr'>servari</span> <span class='ocrx_word' id='word_1_33' title='bbox 846 839 1181 920; x_wconf 89' lang='lat' dir='ltr'>poterunt,</span> <span class='ocrx_word' id='word_1_34' title='bbox 1232 835 1288 897; x_wconf 92' lang='lat' dir='ltr'>si</span> <span class='ocrx_word' id='word_1_35' title='bbox 1336 853 1596 897; x_wconf 91' lang='lat' dir='ltr'>mecum</span> <span class='ocrx_word' id='word_1_36' title='bbox 1647 833 2004 917; x_wconf 81' lang='lat' dir='ltr'>reposueris</span> <span class='ocrx_word' id='word_1_37' title='bbox 2053 827 2212 894; x_wconf 75' lang='grc' dir='ltr'>ἑδιέ</span> <span class='ocrx_word' id='word_1_38' title='bbox 2229 850 2268 889; x_wconf 80' lang='lat' dir='ltr'>o·</span> <span class='ocrx_word' id='word_1_39' title='bbox 2287 830 2314 892; x_wconf 80' lang='grc' dir='ltr'><strong><em>θ</em></strong></span> <span class='ocrx_word' id='word_1_40' title='bbox 2332 853 2365 901; x_wconf 81' lang='lat' dir='ltr'><em>n</em></span> <span class='ocrx_word' id='word_1_41' title='bbox 2390 853 2419 891; x_wconf 85' lang='grc' dir='ltr'><strong><em>ν</em></strong></span> <span class='ocrx_word' id='word_1_42' title='bbox 2463 848 2580 913; x_wconf 90' lang='lat' dir='ltr'>pro</span> <span class='ocrx_word' id='word_1_43' title='bbox 2622 826 2941 904; x_wconf 72' lang='grc' dir='ltr'><strong><em>ἕδεῶκετον,</em></strong></span> 
     </span>
     <span class='ocr_line' id='line_1_7' title="bbox 560 937 2099 1026; baseline -0.003 -22"><span class='ocrx_word' id='word_1_44' title='bbox 560 939 729 1024; x_wconf 93' lang='lat' dir='ltr'>quod</span> <span class='ocrx_word' id='word_1_45' title='bbox 774 938 1077 1004; x_wconf 82' lang='lat' dir='ltr'>facillime</span> <span class='ocrx_word' id='word_1_46' title='bbox 1125 959 1159 1004; x_wconf 86' lang='lat' dir='ltr'>e</span> <span class='ocrx_word' id='word_1_47' title='bbox 1205 937 1593 1026; x_wconf 78' lang='lat' dir='ltr'>glossemate</span> <span class='ocrx_word' id='word_1_48' title='bbox 1639 940 1814 1003; x_wconf 88' lang='lat' dir='ltr'>nasci</span> <span class='ocrx_word' id='word_1_49' title='bbox 1863 939 2099 1023; x_wconf 87' lang='lat' dir='ltr'>potuit.</span> 
     </span>
    </p>
   </div>
   <div class='ocr_carea' id='block_1_3' title="bbox 550 1217 2949 4276">
    <p class='ocr_par' dir='ltr' id='par_1_4' title="bbox 560 1217 1805 1298">
     <span class='ocr_line' id='line_1_8' title="bbox 560 1217 1805 1298; baseline -0.003 -10"><span class='ocrx_word' id='word_1_50' title='bbox 560 1233 619 1288; x_wconf 83' lang='lat' dir='ltr'>A</span> <span class='ocrx_word' id='word_1_51' title='bbox 652 1218 799 1287; x_wconf 83' lang='grc'><strong>137.</strong></span> <span class='ocrx_word' id='word_1_52' title='bbox 844 1220 1207 1298; x_wconf 69' lang='grc' dir='ltr'><strong><em>ἀμείλικτον</em></strong></span> <span class='ocrx_word' id='word_1_53' title='bbox 1257 1220 1311 1284; x_wconf 76' lang='grc' dir='ltr'>δ’</span> <span class='ocrx_word' id='word_1_54' title='bbox 1360 1217 1462 1284; x_wconf 78' lang='grc' dir='ltr'>ὄπ’</span> <span class='ocrx_word' id='word_1_55' title='bbox 1511 1219 1805 1284; x_wconf 76' lang='grc' dir='ltr'><strong><em>ἄκουσαν.</em></strong></span> 
     </span>
    </p>

    <p class='ocr_par' dir='ltr' id='par_1_5' title="bbox 560 1319 2946 1515">
     <span class='ocr_line' id='line_1_9' title="bbox 650 1319 2946 1412; baseline -0.003 -20"><span class='ocrx_word' id='word_1_56' title='bbox 650 1328 975 1392; x_wconf 86' lang='grc' dir='ltr'><strong>Α1111016111</strong></span> <span class='ocrx_word' id='word_1_57' title='bbox 1018 1327 1216 1391; x_wconf 88' lang='lat' dir='ltr'>iidem</span> <span class='ocrx_word' id='word_1_58' title='bbox 1267 1325 1407 1404; x_wconf 68' lang='lat' dir='ltr'><strong><em>„b&#39;w&#39;</em></strong></span> <span class='ocrx_word' id='word_1_59' title='bbox 1456 1325 1750 1412; x_wconf 88' lang='lat' dir='ltr'>neglecta</span> <span class='ocrx_word' id='word_1_60' title='bbox 1793 1323 2012 1390; x_wconf 86' lang='lat' dir='ltr'>littera</span> <span class='ocrx_word' id='word_1_61' title='bbox 2057 1347 2118 1401; x_wconf 75' lang='grc' dir='ltr'><strong><em>ε,</em></strong></span> <span class='ocrx_word' id='word_1_62' title='bbox 2170 1343 2330 1408; x_wconf 83' lang='grc'><strong>(11166</strong></span> <span class='ocrx_word' id='word_1_63' title='bbox 2375 1323 2440 1388; x_wconf 85' lang='grc'>11.</span> <span class='ocrx_word' id='word_1_64' title='bbox 2469 1322 2512 1387; x_wconf 95' lang='grc'>1.</span> <span class='ocrx_word' id='word_1_65' title='bbox 2565 1329 2630 1388; x_wconf 88' lang='grc'>61</span> <span class='ocrx_word' id='word_1_66' title='bbox 2678 1332 2728 1387; x_wconf 86' lang='grc' dir='ltr'>Φ</span> <span class='ocrx_word' id='word_1_67' title='bbox 2758 1319 2842 1386; x_wconf 89' lang='grc'>98</span> <span class='ocrx_word' id='word_1_68' title='bbox 2882 1329 2946 1386; x_wconf 89' lang='grc'>61</span> 
     </span>
     <span class='ocr_line' id='line_1_10' title="bbox 560 1429 2275 1515; baseline -0.003 -17"><span class='ocrx_word' id='word_1_69' title='bbox 560 1459 589 1498; x_wconf 88' lang='grc' dir='ltr'><strong><em>ε</em></strong></span> <span class='ocrx_word' id='word_1_70' title='bbox 617 1433 698 1498; x_wconf 90' lang='grc'>61</span> <span class='ocrx_word' id='word_1_71' title='bbox 750 1437 885 1498; x_wconf 88' lang='grc'><strong>61116</strong></span> <span class='ocrx_word' id='word_1_72' title='bbox 931 1432 1309 1498; x_wconf 74' lang='lat' dir='ltr'>violentiora</span> <span class='ocrx_word' id='word_1_73' title='bbox 1358 1432 1639 1497; x_wconf 88' lang='lat' dir='ltr'>remedio</span> <span class='ocrx_word' id='word_1_74' title='bbox 1686 1434 1941 1496; x_wconf 88' lang='lat' dir='ltr'>restitui</span> <span class='ocrx_word' id='word_1_75' title='bbox 1986 1429 2275 1515; x_wconf 90' lang='lat' dir='ltr'>nequit.’&#39;</span> 
     </span>
    </p>

    <p class='ocr_par' dir='ltr' id='par_1_6' title="bbox 558 1536 2949 2037">
     <span class='ocr_line' id='line_1_11' title="bbox 652 1536 2946 1626; baseline -0.003 -22"><span class='ocrx_word' id='word_1_76' title='bbox 652 1539 1102 1606; x_wconf 86' lang='lat' dir='ltr'>Observatione</span> <span class='ocrx_word' id='word_1_77' title='bbox 1150 1540 1536 1626; x_wconf 82' lang='lat' dir='ltr'>perdignum</span> <span class='ocrx_word' id='word_1_78' title='bbox 1586 1539 1752 1603; x_wconf 88' lang='lat' dir='ltr'>mihi</span> <span class='ocrx_word' id='word_1_79' title='bbox 1799 1538 2080 1614; x_wconf 88' lang='lat' dir='ltr'>videtur,</span> <span class='ocrx_word' id='word_1_80' title='bbox 2124 1539 2382 1602; x_wconf 89' lang='lat' dir='ltr'>omnino</span> <span class='ocrx_word' id='word_1_81' title='bbox 2427 1536 2686 1601; x_wconf 88' lang='lat' dir='ltr'>nullum</span> <span class='ocrx_word' id='word_1_82' title='bbox 2735 1541 2946 1600; x_wconf 79' lang='lat' dir='ltr'>extare</span> 
     </span>
     <span class='ocr_line' id='line_1_12' title="bbox 558 1641 2947 1728; baseline -0.003 -16"><span class='ocrx_word' id='word_1_83' title='bbox 558 1651 629 1712; x_wconf 88' lang='lat' dir='ltr'>in</span> <span class='ocrx_word' id='word_1_84' title='bbox 698 1645 1061 1712; x_wconf 82' lang='lat' dir='ltr'>Homericis</span> <span class='ocrx_word' id='word_1_85' title='bbox 1128 1645 1343 1711; x_wconf 93' lang='lat' dir='ltr'>locum</span> <span class='ocrx_word' id='word_1_86' title='bbox 1364 1695 1380 1722; x_wconf 92' lang='lat'><strong><em>,</em></strong></span> <span class='ocrx_word' id='word_1_87' title='bbox 1446 1646 1561 1710; x_wconf 88' lang='lat' dir='ltr'>ubi</span> <span class='ocrx_word' id='word_1_88' title='bbox 1623 1651 1769 1711; x_wconf 90' lang='lat' dir='ltr'>ante</span> <span class='ocrx_word' id='word_1_89' title='bbox 1825 1665 1967 1709; x_wconf 87' lang='lat' dir='ltr'>eam</span> <span class='ocrx_word' id='word_1_90' title='bbox 2031 1643 2330 1709; x_wconf 81' lang='lat' dir='ltr'>voculam</span> <span class='ocrx_word' id='word_1_91' title='bbox 2386 1647 2687 1728; x_wconf 80' lang='lat' dir='ltr'>appareat</span> <span class='ocrx_word' id='word_1_92' title='bbox 2731 1641 2947 1706; x_wconf 86' lang='lat' dir='ltr'>hiatus</span> 
     </span>
     <span class='ocr_line' id='line_1_13' title="bbox 562 1747 2948 1838; baseline -0.002 -21"><span class='ocrx_word' id='word_1_93' title='bbox 562 1760 675 1818; x_wconf 89' lang='lat' dir='ltr'>aut</span> <span class='ocrx_word' id='word_1_94' title='bbox 734 1751 983 1838; x_wconf 79' lang='lat' dir='ltr'>syllaba</span> <span class='ocrx_word' id='word_1_95' title='bbox 1047 1753 1257 1816; x_wconf 83' lang='lat' dir='ltr'>brevis</span> <span class='ocrx_word' id='word_1_96' title='bbox 1320 1774 1437 1837; x_wconf 92' lang='lat' dir='ltr'>pro</span> <span class='ocrx_word' id='word_1_97' title='bbox 1502 1750 1699 1838; x_wconf 86' lang='lat' dir='ltr'>longa</span> <span class='ocrx_word' id='word_1_98' title='bbox 1716 1800 1732 1828; x_wconf 88' lang='lat'><em>,</em></span> <span class='ocrx_word' id='word_1_99' title='bbox 1784 1771 1943 1836; x_wconf 89' lang='lat' dir='ltr'>quae</span> <span class='ocrx_word' id='word_1_100' title='bbox 1989 1748 2244 1814; x_wconf 77' lang='lat' dir='ltr'>litterae</span> <span class='ocrx_word' id='word_1_101' title='bbox 2289 1747 2584 1834; x_wconf 86' lang='lat' dir='ltr'>Aeolicae</span> <span class='ocrx_word' id='word_1_102' title='bbox 2630 1748 2948 1813; x_wconf 84' lang='lat' dir='ltr'>auxilium</span> 
     </span>
     <span class='ocr_line' id='line_1_14' title="bbox 558 1853 2949 1946; baseline -0.003 -22"><span class='ocrx_word' id='word_1_103' title='bbox 558 1858 906 1946; x_wconf 83' lang='lat' dir='ltr'>postulent.</span> <span class='ocrx_word' id='word_1_104' title='bbox 955 1857 1124 1922; x_wconf 87' lang='lat' dir='ltr'>Nam</span> <span class='ocrx_word' id='word_1_105' title='bbox 1163 1856 1411 1944; x_wconf 80' lang='lat' dir='ltr'>syllaba</span> <span class='ocrx_word' id='word_1_106' title='bbox 1448 1857 1664 1922; x_wconf 84' lang='lat' dir='ltr'>brevis</span> <span class='ocrx_word' id='word_1_107' title='bbox 1703 1863 1849 1921; x_wconf 86' lang='lat' dir='ltr'>ante</span> <span class='ocrx_word' id='word_1_108' title='bbox 1890 1875 2217 1921; x_wconf 88' lang='lat' dir='ltr'>caesuram</span> <span class='ocrx_word' id='word_1_109' title='bbox 2253 1853 2549 1941; x_wconf 87' lang='lat' dir='ltr'>legitime</span> <span class='ocrx_word' id='word_1_110' title='bbox 2573 1854 2949 1939; x_wconf 82' lang='lat' dir='ltr'>producitur</span> 
     </span>
     <span class='ocr_line' id='line_1_15' title="bbox 559 1966 895 2037; baseline -0.024 0"><span class='ocrx_word' id='word_1_111' title='bbox 559 1967 662 2037; x_wconf 71' lang='lat' dir='ltr'>his</span> <span class='ocrx_word' id='word_1_112' title='bbox 707 1966 895 2031; x_wconf 90' lang='lat' dir='ltr'>locis:</span> 
     </span>
    </p>

    <p class='ocr_par' dir='ltr' id='par_1_7' title="bbox 562 2067 2414 2254">
     <span class='ocr_line' id='line_1_16' title="bbox 564 2067 2414 2148; baseline -0.004 -10"><span class='ocrx_word' id='word_1_113' title='bbox 564 2081 607 2138; x_wconf 87' lang='grc' dir='ltr'>Ξ</span> <span class='ocrx_word' id='word_1_114' title='bbox 638 2071 787 2137; x_wconf 83' lang='grc'><strong>150.</strong></span> <span class='ocrx_word' id='word_1_115' title='bbox 837 2071 1059 2144; x_wconf 75' lang='grc' dir='ltr'><strong><em>τόσσην</em></strong></span> <span class='ocrx_word' id='word_1_116' title='bbox 1110 2071 1177 2134; x_wconf 76' lang='grc' dir='ltr'>ἐκ</span> <span class='ocrx_word' id='word_1_117' title='bbox 1226 2070 1566 2148; x_wconf 68' lang='grc' dir='ltr'><strong><em>στήθεσφιν</em></strong></span> <span class='ocrx_word' id='word_1_118' title='bbox 1615 2067 1774 2133; x_wconf 79' lang='grc' dir='ltr'><strong><em>ὅποι</em></strong></span> <span class='ocrx_word' id='word_1_119' title='bbox 1823 2071 2024 2148; x_wconf 82' lang='grc' dir='ltr'><strong><em>κρείων</em></strong></span> <span class='ocrx_word' id='word_1_120' title='bbox 2071 2068 2414 2147; x_wconf 71' lang='grc' dir='ltr'>ἐνοσίχθων.</span> 
     </span>
     <span class='ocr_line' id='line_1_17' title="bbox 562 2172 2350 2254; baseline -0.005 -10"><span class='ocrx_word' id='word_1_121' title='bbox 562 2176 795 2244; x_wconf 80' lang='grc' dir='ltr'><strong>Σ222.</strong></span> <span class='ocrx_word' id='word_1_122' title='bbox 845 2177 896 2240; x_wconf 77' lang='grc' dir='ltr'>οἱ</span> <span class='ocrx_word' id='word_1_123' title='bbox 946 2175 999 2239; x_wconf 79' lang='grc' dir='ltr'>δ’</span> <span class='ocrx_word' id='word_1_124' title='bbox 1044 2178 1121 2248; x_wconf 81' lang='grc' dir='ltr'>ὦς</span> <span class='ocrx_word' id='word_1_125' title='bbox 1169 2172 1269 2240; x_wconf 82' lang='grc' dir='ltr'>οὖν</span> <span class='ocrx_word' id='word_1_126' title='bbox 1321 2177 1451 2239; x_wconf 81' lang='grc' dir='ltr'><strong><em>άιον</em></strong></span> <span class='ocrx_word' id='word_1_127' title='bbox 1498 2174 1652 2239; x_wconf 78' lang='grc' dir='ltr'>ὅποι</span> <span class='ocrx_word' id='word_1_128' title='bbox 1697 2175 1975 2254; x_wconf 78' lang='grc' dir='ltr'><strong><em>χάλκεον</em></strong></span> <span class='ocrx_word' id='word_1_129' title='bbox 2029 2173 2350 2238; x_wconf 66' lang='grc' dir='ltr'>Λίακίδαο.</span> 
     </span>
    </p>

    <p class='ocr_par' dir='ltr' id='par_1_8' title="bbox 560 2279 2377 2360">
     <span class='ocr_line' id='line_1_18' title="bbox 560 2279 2377 2360; baseline -0.002 -12"><span class='ocrx_word' id='word_1_130' title='bbox 560 2309 609 2359; x_wconf 82' lang='grc' dir='ltr'><em>μ</em></span> <span class='ocrx_word' id='word_1_131' title='bbox 638 2283 744 2348; x_wconf 82' lang='lat'>52.</span> <span class='ocrx_word' id='word_1_132' title='bbox 840 2282 1003 2360; x_wconf 75' lang='grc' dir='ltr'><strong><em>ὄφρά</em></strong></span> <span class='ocrx_word' id='word_1_133' title='bbox 1052 2303 1116 2344; x_wconf 79' lang='grc' dir='ltr'><strong><em>κε</em></strong></span> <span class='ocrx_word' id='word_1_134' title='bbox 1169 2281 1539 2357; x_wconf 75' lang='grc' dir='ltr'><strong><em>τερπόμενος</em></strong></span> <span class='ocrx_word' id='word_1_135' title='bbox 1586 2279 1706 2344; x_wconf 75' lang='grc' dir='ltr'>ὄπ’</span> <span class='ocrx_word' id='word_1_136' title='bbox 1757 2281 1984 2359; x_wconf 67' lang='grc' dir='ltr'><strong><em>ἀκούῃς</em></strong></span> <span class='ocrx_word' id='word_1_137' title='bbox 2037 2279 2377 2360; x_wconf 70' lang='grc' dir='ltr'>Σειρήνοιιν.</span> 
     </span>
    </p>

    <p class='ocr_par' dir='ltr' id='par_1_9' title="bbox 559 2383 2573 2466">
     <span class='ocr_line' id='line_1_19' title="bbox 559 2383 2573 2466; baseline -0.003 -12"><span class='ocrx_word' id='word_1_138' title='bbox 559 2414 609 2466; x_wconf 79' lang='grc' dir='ltr'>μ</span> <span class='ocrx_word' id='word_1_139' title='bbox 641 2388 791 2453; x_wconf 89' lang='grc'><strong>169.</strong></span> <span class='ocrx_word' id='word_1_140' title='bbox 840 2383 951 2451; x_wconf 76' lang='grc' dir='ltr'><strong><em>οἷον</em></strong></span> <span class='ocrx_word' id='word_1_141' title='bbox 1004 2386 1103 2461; x_wconf 79' lang='grc' dir='ltr'>ἔμ’</span> <span class='ocrx_word' id='word_1_142' title='bbox 1176 2383 1408 2464; x_wconf 72' lang='grc' dir='ltr'><strong><em>ἤνωγεν</em></strong></span> <span class='ocrx_word' id='word_1_143' title='bbox 1455 2385 1554 2451; x_wconf 77' lang='grc' dir='ltr'>ὄπ’</span> <span class='ocrx_word' id='word_1_144' title='bbox 1602 2387 1942 2464; x_wconf 71' lang='grc' dir='ltr'><strong><em>ἀκουέμεν·</em></strong></span> <span class='ocrx_word' id='word_1_145' title='bbox 1991 2386 2168 2451; x_wconf 85' lang='grc' dir='ltr'><strong><em>άλλά</em></strong></span> <span class='ocrx_word' id='word_1_146' title='bbox 2217 2410 2300 2462; x_wconf 78' lang='grc' dir='ltr'><strong><em>με</em></strong></span> <span class='ocrx_word' id='word_1_147' title='bbox 2347 2384 2573 2464; x_wconf 71' lang='grc' dir='ltr'><strong><em>δεσμῷ.</em></strong></span> 
     </span>
    </p>

    <p class='ocr_par' dir='ltr' id='par_1_10' title="bbox 557 2491 2544 2678">
     <span class='ocr_line' id='line_1_20' title="bbox 652 2491 2327 2578; baseline -0.001 -19"><span class='ocrx_word' id='word_1_148' title='bbox 652 2493 968 2559; x_wconf 85' lang='lat' dir='ltr'>Similiter</span> <span class='ocrx_word' id='word_1_149' title='bbox 1009 2491 1348 2578; x_wconf 85' lang='lat' dir='ltr'>legitimus</span> <span class='ocrx_word' id='word_1_150' title='bbox 1398 2501 1494 2559; x_wconf 90' lang='lat' dir='ltr'>est</span> <span class='ocrx_word' id='word_1_151' title='bbox 1540 2493 1759 2558; x_wconf 88' lang='lat' dir='ltr'>hiatus</span> <span class='ocrx_word' id='word_1_152' title='bbox 1807 2501 1952 2560; x_wconf 89' lang='lat' dir='ltr'>ante</span> <span class='ocrx_word' id='word_1_153' title='bbox 2001 2513 2327 2559; x_wconf 86' lang='lat' dir='ltr'>caesuram</span> 
     </span>
     <span class='ocr_line' id='line_1_21' title="bbox 557 2597 2544 2678; baseline 0.001 -15"><span class='ocrx_word' id='word_1_154' title='bbox 557 2598 777 2664; x_wconf 52' lang='lat'>2421.</span> <span class='ocrx_word' id='word_1_155' title='bbox 850 2599 1242 2676; x_wconf 68' lang='grc' dir='ltr'><strong><em>οἰκτροτάτην</em></strong></span> <span class='ocrx_word' id='word_1_156' title='bbox 1292 2600 1344 2663; x_wconf 77' lang='grc' dir='ltr'>δ’</span> <span class='ocrx_word' id='word_1_157' title='bbox 1391 2599 1620 2673; x_wconf 74' lang='grc' dir='ltr'><strong><em>ἥκουσα</em></strong></span> <span class='ocrx_word' id='word_1_158' title='bbox 1670 2597 1830 2663; x_wconf 74' lang='grc' dir='ltr'>ὅπα</span> <span class='ocrx_word' id='word_1_159' title='bbox 1879 2600 2173 2678; x_wconf 77' lang='grc' dir='ltr'><strong><em>Πριάμοιο</em></strong></span> <span class='ocrx_word' id='word_1_160' title='bbox 2224 2599 2544 2678; x_wconf 77' lang='grc' dir='ltr'><strong><em>θυγατρός.</em></strong></span> 
     </span>
    </p>

    <p class='ocr_par' dir='ltr' id='par_1_11' title="bbox 552 2703 2948 3316">
     <span class='ocr_line' id='line_1_22' title="bbox 648 2703 2948 2790; baseline 0 -22"><span class='ocrx_word' id='word_1_161' title='bbox 648 2703 907 2790; x_wconf 87' lang='lat' dir='ltr'>Reliqui</span> <span class='ocrx_word' id='word_1_162' title='bbox 966 2711 1183 2769; x_wconf 89' lang='lat' dir='ltr'>autem</span> <span class='ocrx_word' id='word_1_163' title='bbox 1244 2703 1367 2768; x_wconf 90' lang='lat' dir='ltr'>loci</span> <span class='ocrx_word' id='word_1_164' title='bbox 1429 2725 1649 2770; x_wconf 89' lang='grc'><strong>01111166</strong></span> <span class='ocrx_word' id='word_1_165' title='bbox 1669 2753 1685 2782; x_wconf 92' lang='grc'><em>,</em></span> <span class='ocrx_word' id='word_1_166' title='bbox 1753 2707 1810 2770; x_wconf 87' lang='grc'>61</span> <span class='ocrx_word' id='word_1_167' title='bbox 1855 2704 1993 2770; x_wconf 91' lang='lat' dir='ltr'>fieri</span> <span class='ocrx_word' id='word_1_168' title='bbox 2037 2711 2254 2790; x_wconf 82' lang='lat' dir='ltr'>potest</span> <span class='ocrx_word' id='word_1_169' title='bbox 2272 2753 2288 2782; x_wconf 90' lang='lat'><strong>,</strong></span> <span class='ocrx_word' id='word_1_170' title='bbox 2336 2707 2538 2769; x_wconf 85' lang='lat' dir='ltr'>etiam</span> <span class='ocrx_word' id='word_1_171' title='bbox 2583 2707 2801 2768; x_wconf 90' lang='lat' dir='ltr'>minus</span> <span class='ocrx_word' id='word_1_172' title='bbox 2850 2704 2948 2769; x_wconf 87' lang='lat' dir='ltr'>de-</span> 
     </span>
     <span class='ocr_line' id='line_1_23' title="bbox 555 2808 2948 2876; baseline -0 -2"><span class='ocrx_word' id='word_1_173' title='bbox 555 2817 915 2876; x_wconf 88' lang='lat' dir='ltr'>monstrant</span> <span class='ocrx_word' id='word_1_174' title='bbox 960 2816 1167 2875; x_wconf 85' lang='lat' dir='ltr'>aetate</span> <span class='ocrx_word' id='word_1_175' title='bbox 1212 2808 1559 2875; x_wconf 86' lang='lat' dir='ltr'>Homerica</span> <span class='ocrx_word' id='word_1_176' title='bbox 1603 2811 1764 2875; x_wconf 88' lang='lat' dir='ltr'>banc</span> <span class='ocrx_word' id='word_1_177' title='bbox 1809 2830 2033 2876; x_wconf 85' lang='lat' dir='ltr'>vocem</span> <span class='ocrx_word' id='word_1_178' title='bbox 2073 2813 2410 2876; x_wconf 87' lang='lat' dir='ltr'>retinuisse</span> <span class='ocrx_word' id='word_1_179' title='bbox 2453 2815 2733 2876; x_wconf 88' lang='lat' dir='ltr'>veterem</span> <span class='ocrx_word' id='word_1_180' title='bbox 2776 2809 2948 2874; x_wconf 87' lang='lat' dir='ltr'>litte-</span> 
     </span>
     <span class='ocr_line' id='line_1_24' title="bbox 556 2914 2944 3004; baseline -0.001 -22"><span class='ocrx_word' id='word_1_181' title='bbox 556 2938 697 2982; x_wconf 87' lang='lat' dir='ltr'>ram</span> <span class='ocrx_word' id='word_1_182' title='bbox 744 2916 1080 2980; x_wconf 86' lang='lat' dir='ltr'>initialem.</span> <span class='ocrx_word' id='word_1_183' title='bbox 1130 2914 1435 2995; x_wconf 83' lang='lat' dir='ltr'>Quocirca</span> <span class='ocrx_word' id='word_1_184' title='bbox 1451 2965 1469 2995; x_wconf 90' lang='lat'>‚</span> <span class='ocrx_word' id='word_1_185' title='bbox 1518 2937 1668 2981; x_wconf 92' lang='lat' dir='ltr'>cum</span> <span class='ocrx_word' id='word_1_186' title='bbox 1707 2923 1836 2982; x_wconf 90' lang='lat' dir='ltr'>tres</span> <span class='ocrx_word' id='word_1_187' title='bbox 1875 2915 2002 2982; x_wconf 89' lang='lat' dir='ltr'>loci</span> <span class='ocrx_word' id='word_1_188' title='bbox 2040 2916 2372 3004; x_wconf 87' lang='lat' dir='ltr'>digamma</span> <span class='ocrx_word' id='word_1_189' title='bbox 2409 2937 2537 2982; x_wconf 91' lang='lat' dir='ltr'>non</span> <span class='ocrx_word' id='word_1_190' title='bbox 2578 2916 2944 2992; x_wconf 80' lang='lat' dir='ltr'>admittant,</span> 
     </span>
     <span class='ocr_line' id='line_1_25' title="bbox 554 3021 2946 3109; baseline -0 -22"><span class='ocrx_word' id='word_1_191' title='bbox 554 3022 775 3087; x_wconf 85' lang='lat' dir='ltr'>nullus</span> <span class='ocrx_word' id='word_1_192' title='bbox 841 3043 996 3088; x_wconf 83' lang='lat' dir='ltr'>vero</span> <span class='ocrx_word' id='word_1_193' title='bbox 1071 3021 1388 3107; x_wconf 85' lang='lat' dir='ltr'>postulet,</span> <span class='ocrx_word' id='word_1_194' title='bbox 1464 3024 1814 3088; x_wconf 84' lang='lat' dir='ltr'>necessario</span> <span class='ocrx_word' id='word_1_195' title='bbox 1879 3022 2294 3088; x_wconf 88' lang='lat' dir='ltr'>statuendum</span> <span class='ocrx_word' id='word_1_196' title='bbox 2357 3031 2455 3089; x_wconf 87' lang='lat' dir='ltr'>est</span> <span class='ocrx_word' id='word_1_197' title='bbox 2519 3022 2657 3089; x_wconf 85' lang='lat' dir='ltr'>falli</span> <span class='ocrx_word' id='word_1_198' title='bbox 2723 3026 2836 3109; x_wconf 90' lang='lat' dir='ltr'>qui</span> <span class='ocrx_word' id='word_1_199' title='bbox 2879 3026 2946 3087; x_wconf 87' lang='lat' dir='ltr'>in</span> 
     </span>
     <span class='ocr_line' id='line_1_26' title="bbox 552 3129 2944 3217; baseline -0.001 -22"><span class='ocrx_word' id='word_1_200' title='bbox 552 3137 808 3196; x_wconf 78' lang='lat' dir='ltr'>textum</span> <span class='ocrx_word' id='word_1_201' title='bbox 825 3177 843 3206; x_wconf 87' lang='lat'>‚</span> <span class='ocrx_word' id='word_1_202' title='bbox 927 3129 1315 3215; x_wconf 90' lang='lat' dir='ltr'>ubicumque</span> <span class='ocrx_word' id='word_1_203' title='bbox 1390 3129 1529 3195; x_wconf 90' lang='lat' dir='ltr'>fieri</span> <span class='ocrx_word' id='word_1_204' title='bbox 1605 3135 1852 3217; x_wconf 87' lang='lat' dir='ltr'>potest,</span> <span class='ocrx_word' id='word_1_205' title='bbox 1935 3131 2097 3195; x_wconf 88' lang='lat' dir='ltr'>hanc</span> <span class='ocrx_word' id='word_1_206' title='bbox 2157 3129 2446 3196; x_wconf 89' lang='lat' dir='ltr'>litteram</span> <span class='ocrx_word' id='word_1_207' title='bbox 2517 3130 2944 3196; x_wconf 84' lang='lat' dir='ltr'>introducant.</span> 
     </span>
     <span class='ocr_line' id='line_1_27' title="bbox 555 3234 2334 3316; baseline 0 -16"><span class='ocrx_word' id='word_1_208' title='bbox 555 3235 736 3316; x_wconf 82' lang='lat' dir='ltr'>Quod</span> <span class='ocrx_word' id='word_1_209' title='bbox 782 3238 841 3301; x_wconf 89' lang='lat' dir='ltr'>si</span> <span class='ocrx_word' id='word_1_210' title='bbox 885 3237 978 3299; x_wconf 88' lang='lat' dir='ltr'>ita</span> <span class='ocrx_word' id='word_1_211' title='bbox 1024 3241 1121 3300; x_wconf 89' lang='lat' dir='ltr'>est</span> <span class='ocrx_word' id='word_1_212' title='bbox 1142 3285 1158 3313; x_wconf 88' lang='lat'><em>,</em></span> <span class='ocrx_word' id='word_1_213' title='bbox 1206 3234 1345 3302; x_wconf 93' lang='grc'><strong>1060</strong></span> <span class='ocrx_word' id='word_1_214' title='bbox 1398 3245 1452 3301; x_wconf 91' lang='grc' dir='ltr'><em>Π</em></span> <span class='ocrx_word' id='word_1_215' title='bbox 1484 3234 1589 3315; x_wconf 83' lang='grc'>76,</span> <span class='ocrx_word' id='word_1_216' title='bbox 1639 3239 1756 3302; x_wconf 87' lang='lat' dir='ltr'>ubi</span> <span class='ocrx_word' id='word_1_217' title='bbox 1803 3235 1980 3302; x_wconf 90' lang='lat' dir='ltr'>codd.</span> <span class='ocrx_word' id='word_1_218' title='bbox 2031 3237 2334 3302; x_wconf 79' lang='lat' dir='ltr'>exhibent</span> 
     </span>
    </p>

    <p class='ocr_par' dir='ltr' id='par_1_12' title="bbox 550 3340 2949 3959">
     <span class='ocr_line' id='line_1_28' title="bbox 828 3340 2558 3423; baseline 0.001 -18"><span class='ocrx_word' id='word_1_219' title='bbox 828 3341 961 3405; x_wconf 76' lang='grc' dir='ltr'>οὐδὲ</span> <span class='ocrx_word' id='word_1_220' title='bbox 1011 3365 1103 3404; x_wconf 84' lang='grc' dir='ltr'>πω</span> <span class='ocrx_word' id='word_1_221' title='bbox 1161 3340 1597 3423; x_wconf 75' lang='grc' dir='ltr'><strong><em>’Λτρείδεω</em></strong></span> <span class='ocrx_word' id='word_1_222' title='bbox 1645 3345 1834 3413; x_wconf 76' lang='grc' dir='ltr'><strong><em>ὀπὸς</em></strong></span> <span class='ocrx_word' id='word_1_223' title='bbox 1883 3342 2094 3407; x_wconf 77' lang='grc' dir='ltr'><strong><em>ἔκλυον</em></strong></span> <span class='ocrx_word' id='word_1_224' title='bbox 2141 3343 2558 3420; x_wconf 72' lang='grc' dir='ltr'><strong><em>αὐδήσαντος,</em></strong></span> 
     </span>
     <span class='ocr_line' id='line_1_29' title="bbox 554 3446 2949 3534; baseline -0.001 -22"><span class='ocrx_word' id='word_1_225' title='bbox 554 3449 943 3533; x_wconf 88' lang='lat' dir='ltr'>quicumque</span> <span class='ocrx_word' id='word_1_226' title='bbox 1012 3446 1296 3512; x_wconf 90' lang='lat' dir='ltr'>Homero</span> <span class='ocrx_word' id='word_1_227' title='bbox 1382 3448 1705 3513; x_wconf 86' lang='lat' dir='ltr'>abiudicat</span> <span class='ocrx_word' id='word_1_228' title='bbox 1792 3451 2110 3534; x_wconf 83' lang='lat' dir='ltr'>synizesin</span> <span class='ocrx_word' id='word_1_229' title='bbox 2194 3470 2321 3514; x_wconf 91' lang='lat' dir='ltr'>non</span> <span class='ocrx_word' id='word_1_230' title='bbox 2405 3448 2676 3512; x_wconf 87' lang='lat' dir='ltr'>scribere</span> <span class='ocrx_word' id='word_1_231' title='bbox 2757 3446 2949 3512; x_wconf 89' lang='lat' dir='ltr'>debet</span> 
     </span>
     <span class='ocr_line' id='line_1_30' title="bbox 556 3553 2948 3639; baseline -0.001 -19"><span class='ocrx_word' id='word_1_232' title='bbox 556 3576 706 3620; x_wconf 95' lang='lat' dir='ltr'>cum</span> <span class='ocrx_word' id='word_1_233' title='bbox 768 3555 1146 3620; x_wconf 86' lang='lat' dir='ltr'>Leeuwenio</span> <span class='ocrx_word' id='word_1_234' title='bbox 1212 3555 1473 3639; x_wconf 85' lang='lat' dir='ltr'>eiusque</span> <span class='ocrx_word' id='word_1_235' title='bbox 1529 3557 1699 3620; x_wconf 89' lang='lat' dir='ltr'>socio</span> <span class='ocrx_word' id='word_1_236' title='bbox 1750 3554 2173 3631; x_wconf 74' lang='grc' dir='ltr'><strong><em>’Λτρεΐδαο</em></strong></span> <span class='ocrx_word' id='word_1_237' title='bbox 2221 3555 2454 3624; x_wconf 63' lang='lat' dir='ltr'>ron-bc</span> <span class='ocrx_word' id='word_1_238' title='bbox 2505 3553 2782 3630; x_wconf 81' lang='grc' dir='ltr'><strong><em>κλύον,</em></strong></span> <span class='ocrx_word' id='word_1_239' title='bbox 2837 3553 2948 3618; x_wconf 86' lang='grc'><strong>66(1</strong></span> 
     </span>
     <span class='ocr_line' id='line_1_31' title="bbox 556 3657 2948 3740; baseline -0 -15"><span class='ocrx_word' id='word_1_240' title='bbox 556 3660 960 3740; x_wconf 75' lang='grc' dir='ltr'><strong><em>Ἀτρεΐδοι’</em></strong></span> <span class='ocrx_word' id='word_1_241' title='bbox 1025 3660 1213 3730; x_wconf 75' lang='grc' dir='ltr'>ὀπὸς</span> <span class='ocrx_word' id='word_1_242' title='bbox 1265 3657 1569 3727; x_wconf 81' lang='grc' dir='ltr'><strong><em>ἔκλυον.</em></strong></span> <span class='ocrx_word' id='word_1_243' title='bbox 1643 3659 1714 3724; x_wconf 84' lang='lat' dir='ltr'>Si</span> <span class='ocrx_word' id='word_1_244' title='bbox 1760 3665 1979 3725; x_wconf 90' lang='lat' dir='ltr'>autem</span> <span class='ocrx_word' id='word_1_245' title='bbox 2025 3663 2181 3726; x_wconf 88' lang='lat' dir='ltr'>satis</span> <span class='ocrx_word' id='word_1_246' title='bbox 2227 3667 2396 3726; x_wconf 86' lang='lat' dir='ltr'>certa</span> <span class='ocrx_word' id='word_1_247' title='bbox 2442 3659 2608 3726; x_wconf 89' lang='lat' dir='ltr'>foret</span> <span class='ocrx_word' id='word_1_248' title='bbox 2651 3663 2948 3726; x_wconf 82' lang='lat' dir='ltr'>universa</span> 
     </span>
     <span class='ocr_line' id='line_1_32' title="bbox 550 3765 2944 3854; baseline -0.001 -22"><span class='ocrx_word' id='word_1_249' title='bbox 550 3767 666 3832; x_wconf 83' lang='lat' dir='ltr'>illa</span> <span class='ocrx_word' id='word_1_250' title='bbox 716 3768 792 3832; x_wconf 87' lang='lat' dir='ltr'>de</span> <span class='ocrx_word' id='word_1_251' title='bbox 840 3770 1117 3854; x_wconf 81' lang='lat' dir='ltr'>synizesi</span> <span class='ocrx_word' id='word_1_252' title='bbox 1156 3787 1474 3852; x_wconf 88' lang='lat' dir='ltr'>nusquam</span> <span class='ocrx_word' id='word_1_253' title='bbox 1512 3770 1579 3831; x_wconf 89' lang='lat' dir='ltr'>in</span> <span class='ocrx_word' id='word_1_254' title='bbox 1619 3765 1982 3832; x_wconf 87' lang='lat' dir='ltr'>Homericis</span> <span class='ocrx_word' id='word_1_255' title='bbox 2023 3767 2420 3832; x_wconf 90' lang='lat' dir='ltr'>admittenda</span> <span class='ocrx_word' id='word_1_256' title='bbox 2461 3765 2746 3832; x_wconf 87' lang='lat' dir='ltr'>doctrina</span> <span class='ocrx_word' id='word_1_257' title='bbox 2762 3814 2778 3843; x_wconf 94' lang='lat'><strong><em>,</em></strong></span> <span class='ocrx_word' id='word_1_258' title='bbox 2803 3765 2944 3831; x_wconf 93' lang='lat' dir='ltr'>loco</span> 
     </span>
     <span class='ocr_line' id='line_1_33' title="bbox 556 3873 2608 3959; baseline -0.003 -21"><span class='ocrx_word' id='word_1_259' title='bbox 556 3884 610 3938; x_wconf 90' lang='grc' dir='ltr'>Ο</span> <span class='ocrx_word' id='word_1_260' title='bbox 640 3873 748 3952; x_wconf 81' lang='grc'>21,</span> <span class='ocrx_word' id='word_1_261' title='bbox 797 3875 912 3938; x_wconf 90' lang='lat' dir='ltr'>ubi</span> <span class='ocrx_word' id='word_1_262' title='bbox 956 3873 1199 3959; x_wconf 86' lang='lat' dir='ltr'>legitur</span> <span class='ocrx_word' id='word_1_263' title='bbox 2593 3873 2608 3880; x_wconf 79' lang='grc'><strong><em>’</em></strong></span> 
     </span>
    </p>

    <p class='ocr_par' dir='ltr' id='par_1_13' title="bbox 1100 3978 2676 4060">
     <span class='ocr_line' id='line_1_34' title="bbox 1100 3978 2676 4060; baseline 0.001 -19"><span class='ocrx_word' id='word_1_264' title='bbox 1100 3979 1494 4053; x_wconf 79' lang='grc' dir='ltr'><strong><em>ἠλάστεον</em></strong></span> <span class='ocrx_word' id='word_1_265' title='bbox 1544 3978 1607 4043; x_wconf 78' lang='grc' dir='ltr'>δὲ</span> <span class='ocrx_word' id='word_1_266' title='bbox 1655 3978 1768 4043; x_wconf 74' lang='grc' dir='ltr'><strong><em>θεοὶ</em></strong></span> <span class='ocrx_word' id='word_1_267' title='bbox 1823 3979 1994 4044; x_wconf 73' lang='grc' dir='ltr'><strong><em>κατὰ</em></strong></span> <span class='ocrx_word' id='word_1_268' title='bbox 2041 3980 2275 4060; x_wconf 78' lang='grc' dir='ltr'><strong><em>μακρὸν</em></strong></span> <span class='ocrx_word' id='word_1_269' title='bbox 2315 3979 2676 4056; x_wconf 55' lang='lat' dir='ltr'>&#39;&#39;Ozoa-arou,</span> 
     </span>
    </p>

    <p class='ocr_par' dir='ltr' id='par_1_14' title="bbox 827 4084 2240 4164">
     <span class='ocr_line' id='line_1_35' title="bbox 827 4084 2240 4164; baseline 0.001 -16"><span class='ocrx_word' id='word_1_270' title='bbox 827 4090 1017 4150; x_wconf 73' lang='grc' dir='ltr'><strong><em>λῦσαι</em></strong></span> <span class='ocrx_word' id='word_1_271' title='bbox 1067 4084 1121 4148; x_wconf 77' lang='grc' dir='ltr'>δ’</span> <span class='ocrx_word' id='word_1_272' title='bbox 1170 4085 1278 4148; x_wconf 80' lang='grc' dir='ltr'>οὐκ</span> <span class='ocrx_word' id='word_1_273' title='bbox 1326 4084 1611 4149; x_wconf 77' lang='grc' dir='ltr'><strong><em>ἐδύναντο</em></strong></span> <span class='ocrx_word' id='word_1_274' title='bbox 1665 4084 2063 4164; x_wconf 70' lang='grc' dir='ltr'><strong><em>παρασταδόν</em></strong></span> <span class='ocrx_word' id='word_1_275' title='bbox 2110 4086 2240 4150; x_wconf 76' lang='grc' dir='ltr'>κτέ.</span> 
     </span>
    </p>

    <p class='ocr_par' dir='ltr' id='par_1_15' title="bbox 554 4188 1822 4276">
     <span class='ocr_line' id='line_1_36' title="bbox 554 4188 1822 4276; baseline 0.002 -22"><span class='ocrx_word' id='word_1_276' title='bbox 554 4192 756 4254; x_wconf 83' lang='grc'><strong>6011161</strong></span> <span class='ocrx_word' id='word_1_277' title='bbox 799 4197 1012 4276; x_wconf 87' lang='lat' dir='ltr'>posset</span> <span class='ocrx_word' id='word_1_278' title='bbox 1058 4189 1377 4268; x_wconf 79' lang='grc' dir='ltr'><strong><em>ἦλέεον,</em></strong></span> <span class='ocrx_word' id='word_1_279' title='bbox 1428 4188 1563 4255; x_wconf 90' lang='grc'><strong>6611.</strong></span> <span class='ocrx_word' id='word_1_280' title='bbox 1611 4192 1822 4270; x_wconf 75' lang='grc' dir='ltr'><strong><em>Ἥρην.</em></strong></span> 
     </span>
    </p>
   </div>
  </div>
 </body>
</html>
