3192 5009
598 262 726 329 186
1448 278 2096 327 onsnnumuncum

591 447 915 513 adnotatio
932 496 949 525 ‚
1014 450 1294 533 exceptis
1337 447 1606 513 fortasse
1651 448 1734 512 iis
1749 495 1764 523 ,
1813 463 1974 533 quae
2021 445 2102 511 ad
2145 445 2739 512 condemnationem
2787 443 2988 509 adno-

591 558 839 619 taverat
876 552 946 632 (1.
991 552 1032 618 3
1070 553 1149 619 D.
1194 552 1298 618 13.
1326 553 1415 632 3).
1462 552 1640 619 Haec
1673 556 1848 618 enim
1884 556 2094 640 magis
2130 551 2210 618 ad
2248 551 2595 618 formulam
2630 554 2984 638 pertinere,

592 662 881 746 sequenti
932 662 1137 747 capite
1185 660 1545 726 evidentius
1592 659 1722 725 fiet.

1683 1144 1863 1211 XXI.

1412 1346 1496 1393 nn
1543 1345 1765 1395 omme
1809 1346 2148 1394 romnms.

677 1510 1020 1597 Duplicem
1066 1510 1261 1577 fuisse
1307 1519 1547 1577 certam
1592 1511 1943 1577 formulam
1963 1560 1979 1589 ,
2029 1508 2231 1578 Gaius
2272 1512 2456 1578 docet
2495 1512 2669 1598 (1V§
2697 1511 2806 1591 50,
2835 1512 2978 1593 33).

588 1616 741 1682 Fuit
799 1620 973 1683 enim
1036 1617 1314 1683 formula
1358 1637 1485 1703 qua
1529 1624 1702 1683 certa
1745 1624 2071 1704 peteretur
2119 1620 2420 1704 pecunia,
2471 1622 2654 1684 cuius
2698 1622 2980 1685 intentio

588 1728 755 1789 erat:
825 1724 937 1801 „ei
985 1730 1229 1806 paret
1276 1722 1389 1788 HS
1434 1723 1499 1787 X
1540 1724 1778 1787 milia
1821 1724 2010 1788 dari
2057 1725 2508 1807 oportere-”3
2559 1724 2760 1791 altera
2807 1726 2975 1802 fuit,

588 1852 714 1917 qua
756 1836 1079 1917 peteretur
1124 1836 1295 1895 certa
1340 1851 1459 1895 res.
1507 1830 1602 1897 De
1642 1830 1836 1896 huius
1876 1829 2187 1896 formulae
2227 1833 2578 1897 intentione
2619 1834 2974 1917 quaeritur.

586 1934 979 2004 Graecorum
1016 1934 1140 2001 fide
1181 1934 1379 2001 talem
1417 1935 1616 2002 Lenel
1652 1936 1938 2002 exhibet:
1983 1936 2098 2015 „ei
2130 1944 2379 2019 paret
2423 1936 2710 2000 tritici
2747 1937 2978 2022 Afri-

588 2044 771 2107 cani
816 2042 1104 2126 optimi
1150 2042 1449 2106 modios
1495 2050 1611 2106 tot
1657 2044 1843 2125 dari
1888 2042 2326 2125 oportere’'.
2376 2043 2464 2108 At
2511 2042 2666 2107 alias
2713 2062 2972 2127 quoque

585 2148 894 2215 formulas
940 2154 1141 2214 certas
1188 2149 1393 2214 edicto
1440 2170 1556 2214 suo
1604 2148 1974 2215 Praetorem
2021 2152 2424 2234 proposuisse
2473 2150 2632 2215 dico·
2681 2148 2771 2212 Ut
2809 2154 2974 2233 puta

589 2254 969 2321 formulam:
1025 2255 1137 2333 „si
1172 2261 1415 2337 paret
1459 2255 1834 2319 hominem
1879 2255 2232 2319 Stichum
2277 2256 2477 2319 dari
2524 2254 2970 2337 oportere'',

586 2364 767 2428 cuius
827 2361 997 2447 apud
1058 2358 1358 2425 Ottonem
1422 2360 1620 2426 Lenel
1682 2360 1860 2425 nulla
1903 2360 1978 2425 fit
2024 2363 2291 2425 mentio.
2356 2361 2540 2427 Hanc
2587 2366 2804 2425 tamen
2847 2360 2972 2424 for-

582 2467 831 2533 mulam
874 2470 942 2531 in
990 2467 1196 2533 edicto
1244 2466 1439 2532 fuisse
1486 2470 1877 2552 propositam
1891 2516 1908 2543 ,
1957 2467 2239 2532 efficiunt
2291 2466 2552 2553 Ulpiani
2597 2466 2789 2532 verba
2835 2465 2879 2529 1.
2927 2463 2965 2531 7

952 2678 1256 2742 00πῶἰοὺἰο
1325 2680 1415 2742 rei
1466 2680 1758 2765 furtivae
1773 2728 1788 2756 ‚
1863 2680 2008 2765 quia
2079 2680 2170 2743 rei
2231 2680 2406 2743 habet
2453 2679 2928 2762 persecutionem
2947 2728 2963 2757 ,

851 2786 1119 2848 heredem
1178 2806 1403 2870 quoquc
1445 2785 1633 2871 fwric
1694 2785 1920 2865 obligat
1936 2812 1956 2847 .·
2019 2808 2124 2849 nec
2171 2792 2402 2850 tantum
2445 2786 2502 2848 ci
2548 2786 2716 2848 vivat
2759 2806 2966 2848 servu

837 2890 1127 2977 furtiva-i
1143 2939 1160 2968 ,
1206 2892 1314 2954 ced
1357 2890 1533 2954 ctiam
1578 2891 1635 2955 ci
1683 2892 1996 2954 decesserit
2043 2939 2243 2956 .....

674 2998 877 3078 Quare
939 3019 1066 3063 non
1122 2997 1311 3075 dicit,
1375 3018 1511 3063 rem
1558 2998 1869 3062 furtivam
1915 2998 2159 3063 condici
2205 2982 2423 3084 posse,
2473 3000 2727 3063 etiamsi
2769 2998 2968 3062 fuerit

582 3109 895 3182 extincta,
968 3106 1161 3169 sicuti
1226 3110 1322 3169 est
1384 3103 1553 3190 apud
1618 3101 1856 3170 Gaium
1919 3102 2007 3183 (II
2053 3106 2088 3189 §t
2116 3102 2270 3183 79)?
2341 3104 2547 3184 Quare
2616 3106 2964 3169 transitum

582 3216 839 3297 repente
899 3209 1051 3275 facit
1112 3229 1150 3274 a
1208 3231 1276 3275 re
1324 3210 1566 3274 furtiva
1613 3209 1690 3274 ad
1737 3231 1998 3275 servum
2045 3210 2364 3274 furtivum
2382 3258 2399 3288 ,
2449 3212 2631 3295 quasi
2678 3230 2805 3275 non
2850 3209 2962 3273 fiat

582 3320 831 3384 furtum
868 3322 1312 3403 praeterquam
1352 3314 1559 3382 servi?
1607 3316 1865 3382 Scilicet
1906 3320 2120 3382 animo
2162 3318 2621 3383 obversabatur
2645 3316 2957 3391 formula;

582 3431 717 3491 erat
740 3428 959 3489 autem
980 3425 1047 3487 in
1072 3422 1347 3487 formula
1382 3426 1730 3509 scriptum:
1776 3424 1885 3500 „si
1913 3430 2156 3505 paret
2196 3423 2574 3488 hominem
2615 3424 2958 3486 Stichum

582 3530 768 3594 dari
830 3528 1263 3611 oportere'’.
1328 3528 1481 3593 Fuit
1541 3535 1866 3615 praeterea
1909 3532 1975 3593 in
2025 3529 2231 3596 edicto
2280 3528 2556 3595 formula
2599 3532 2956 3615 proposita,

581 3658 741 3725 quae
787 3638 880 3701 ita
926 3635 1432 3719 concipiebatur:

850 3742 921 3806 ci
955 3748 1200 3823 paret
1243 3742 1617 3805 hominem
1664 3741 2019 3804 Stichum
2064 3749 2201 3806 aut
2248 3740 2363 3807 HS
2400 3741 2465 3805 X
2511 3741 2742 3805 milia
2776 3741 2959 3804 dari-

849 3870 882 3911 0
888 3870 940 3930 p
957 3870 990 3911 0
1006 3870 1041 3909 r
1058 3854 1176 3911 ter
1192 3870 1240 3912 e.

668 3952 851 4019 Hanc
896 3974 1145 4038 quoque
1190 3952 1533 4017 formulam
1578 3954 1749 4037 apud
1795 3952 2098 4019 Ottonem
2143 3952 2338 4018 Lenel
2377 3952 2683 4018 desidero.
2730 3950 2954 4017 Fuisse

565 4060 957 4145 proditam),
1018 4059 1085 4124 id
1146 4065 1244 4125 est
1304 4080 1341 4124 a
1388 4059 1687 4126 Praetore
1734 4062 2128 4147 propositam
2147 4110 2164 4139 ,
2215 4082 2293 4125 ne
2343 4062 2448 4125 cui
2493 4080 2746 4125 necesse
2792 4066 2958 4123 esset

575 4166 720 4253 plus
784 4171 1033 4250 petere,
1104 4166 1333 4230 diserte
1396 4164 1670 4229 traditur
1731 4164 2073 4230 Iustiniani
2135 4164 2291 4230 Inst.
2357 4163 2444 4228 IV
2493 4164 2532 4229 6
2581 4162 2728 4249 §33
2754 4164 2813 4241 d,
2875 4184 2952 4229 ex

578 4272 727 4341 Gaii
771 4272 983 4339 Rebus
1031 4270 1466 4351 Quotidianis,
1518 4274 1574 4335 si
1622 4272 1776 4355 quid
1821 4272 2028 4337 video.

672 4379 824 4445 Fuit
869 4362 1075 4465 igitur
1114 4380 1366 4464 proprie
1407 4383 1612 4443 certae
1649 4378 1959 4443 formulae
1998 4400 2121 4443 non
2169 4376 2404 4462 duplex
2429 4376 2536 4442 sed
2561 4373 2954 4461 quadruplex
