3192 5009
1242 979 1826 1071 HOMERICA.

1405 1186 1653 1229 sempsl'r

978 1340 1037 1407 J.
1101 1340 1306 1407 VAN
1366 1338 1880 1407 LEEUWEN
1937 1339 2080 1406 J.r.

828 1494 1300 1575 (Contiomaoztur
1346 1517 1417 1559 ex
1477 1493 1607 1558 Vol.
1657 1493 1820 1556 XIX
1848 1516 1997 1576 paq.
2058 1491 2234 1575 160.)

1316 1739 1746 1783 wago*—

428 1939 601 2007 XIV.
656 1940 757 2007 Dn
799 1959 1037 2007 16111116
1078 1956 1521 2007 msomro
1568 1958 2012 2017 momento
2059 1960 2269 2007 mmm
2313 1958 2618 2007 6111111116.

346 2122 351 2127 ’
427 2123 600 2190 Inter
654 2128 1241 2191 vetustissimorum
1300 2122 1708 2189 voluminum
1754 2124 2113 2211 fragmenta
2128 2174 2146 2203 ,
2196 2145 2354 2210 quae
2403 2130 2718 2189 scrutator

332 2229 685 2296 indefessus
745 2239 810 2297 et
870 2236 1115 2319 peritus
1176 2231 1463 2297 Flinders
1524 2231 1738 2296 Petrie
1803 2253 1882 2297 ex
1937 2232 2241 2317 sepulcris
2299 2233 2717 2319 Aegyptiacis

334 2358 551 2402 secum
612 2340 681 2402 in
746 2337 1146 2403 Britanniam
1191 2336 1424 2403 detulit
1440 2387 1457 2415 ,
1505 2337 1678 2402 haud
1722 2340 1850 2402 scio
1900 2358 1980 2403 an
2025 2338 2284 2402 nullum
2329 2341 2413 2402 sit
2458 2338 2715 2425 dignius

334 2444 503 2530 quod
561 2465 816 2510 summa
877 2466 1029 2511 cura
1077 2448 1495 2522 examinetur,
1546 2466 1742 2531 quam
1784 2443 2015 2511 lacinia
2058 2448 2127 2509 in
2175 2465 2298 2530 qua
2344 2444 2714 2530 rhapsodiae

331 2548 551 2614 Hiadis
620 2562 677 2615 A
748 2571 893 2637 pars
964 2551 1124 2616 olim
1188 2554 1423 2637 scripta
1487 2551 1612 2614 fuit
1629 2599 1646 2628 ,
1707 2571 1876 2615 nunc
1940 2548 2394 2616 nonnullorum
2456 2557 2714 2615 tantum

334 2677 641 2722 versuum
701 2660 911 2723 exitus
973 2657 1080 2723 vel
1136 2660 1405 2723 initium
1464 2662 1678 2743 potest
1725 2656 2012 2721 discerni.
2086 2656 2360 2743 Reperta
2405 2663 2501 2722 est
2547 2660 2716 2722 inter

333 2760 611 2827 aliorum
670 2766 1251 2849 manuscriptorum
1317 2764 1677 2850 frag-menta
1694 2812 1712 2841 ,
1777 2784 1938 2849 quae
2000 2784 2241 2855 annum
2303 2784 2430 2849 quo
2478 2766 2714 2849 scripta

332 2874 486 2933 sunt
527 2872 596 2933 in
642 2869 846 2935 fronte
888 2870 1131 2945 ‚habent
1190 2870 1545 2935 indicatum
1561 2918 1578 2947 ,
1644 2869 1811 2935 unde
1883 2869 2189 2935 discimus
2253 2869 2502 2936 saeculo
2565 2876 2710 2936 ante

334 2972 666 3041 Christum
726 2982 953 3041 natum
1012 2979 1203 3041 tertio
1222 3024 1240 3054 ,
1302 2974 1687 3041 Ptolemaeis
1749 2974 1970 3041 Sotere
2030 2982 2095 3041 et
2154 2974 2574 3062 Philadelpho
2621 2996 2716 3040 re-

331 3083 677 3169 gnantibus
694 3132 711 3161 ,
761 3104 894 3150 esse
939 3088 1213 3147 exarata.
1260 3082 1429 3147 Hinc
1468 3085 1649 3167 sequi
1685 3082 1941 3147 videtur
1979 3082 2198 3147 Iliadis
2239 3084 2358 3147 hoc
2396 3082 2714 3170 fragmen-

333 3194 478 3252 tum
540 3188 825 3254 eiusdem
887 3189 1014 3254 fere
1079 3209 1213 3254 esse
1272 3191 1577 3273 temporis
1596 3236 1614 3265 ,
1665 3194 1729 3253 et
1775 3188 2129 3252 Aristarchi
2170 3190 2396 3276 igitur,
2448 3190 2712 3255 fortasse

330 3292 666 3372 Zenodoti,
740 3301 1017 3360 aetatem
1091 3293 1476 3359 antecedere.
1552 3292 1732 3373 Quod
1803 3297 1859 3358 si
1927 3314 2155 3359 verum
2224 3299 2353 3372 est,
2419 3298 2712 3361 omnium

332 3399 862 3465 documentorum
877 3449 894 3478 ,
965 3401 1195 3486 quibus
1255 3400 1561 3465 hactenus
1621 3404 1688 3465 in
1749 3401 1899 3466 crisi
1958 3399 2302 3465 Homerica
2345 3404 2446 3465 uti
2490 3401 2708 3480 licuit,

328 3506 449 3571 hoc
510 3513 605 3571 est
662 3504 855 3594 longe
902 3509 1444 3592 antiquissimum.
1492 3505 1555 3571 N
1556 3527 1590 3571 6
1638 3514 1852 3571 tamen
1901 3505 2166 3571 calidius
2212 3508 2492 3573 iudicare
2541 3508 2713 3573 vide-

332 3632 536 3689 amur,
585 3633 699 3698 par
743 3618 840 3677 est
878 3634 990 3678 nos
1030 3612 1255 3677 addere
1273 3660 1290 3689 ,
1332 3610 1695 3677 litterarum
1733 3611 1963 3677 ductus
2001 3612 2161 3678 tales
2199 3633 2334 3678 esse
2378 3616 2489 3698 qui
2514 3615 2710 3679 etiam

330 3718 599 3784 saeculis
644 3718 887 3804 aliquot
929 3724 1150 3805 postea
1196 3721 1439 3785 exarari
1485 3721 1828 3805 potuerint.

422 3824 734 3911 Quicquid
772 3825 839 3889 id
876 3829 973 3889 est
990 3874 1007 3902 ,
1050 3826 1503 3912 perantiquum
1541 3825 1819 3910 profecto
1861 3831 1956 3890 est
1995 3824 2340 3912 exemplar,
2382 3831 2447 3890 et
2487 3846 2706 3891 revera

329 3934 567 3997 criticis
624 3931 1070 3997 Alexandrinis
1118 3952 1252 3997 esse
1299 3934 1625 4017 antiquius
1642 3981 1658 4010 ,
1710 3932 1782 3997 fit
1828 3934 1964 3997 veri
2011 3932 2421 3996 simillimum
2467 3936 2522 3996 si
2570 3954 2706 4018 per-

327 4037 667 4125 pendimus
728 4046 1114 4125 quantopere
1177 4058 1216 4103 a
1279 4044 1463 4103 textu
1522 4038 1712 4104 hodie
1759 4045 2008 4124 recepto
2057 4039 2386 4125 discrepet.
2457 4037 2705 4125 Nempe

328 4148 499 4210 intra
568 4144 988 4232 quadraginta
1006 4193 1023 4222 ,
1090 4166 1246 4231 quos
1312 4144 1779 4230 complectitur,
1834 4166 2140 4211 versuum
2187 4148 2469 4231 spatium
2515 4146 2706 4211 habet

330 4258 602 4338 quatuor
664 4272 887 4317 versus
950 4251 1203 4317 aliunde
1264 4253 1518 4338 ignotos
1537 4300 1553 4330 ,
1624 4272 1753 4316 uno
1814 4252 1951 4317 loco
2004 4272 2118 4337 pro
2165 4272 2355 4316 versu
2401 4251 2703 4339 vulgatae

330 4360 710 4424 recensionis
775 4358 980 4424 alium
1054 4358 1343 4445 praebet,
1411 4356 1566 4423 alibi
1627 4378 1739 4444 pro
1803 4357 2050 4422 duobus
2111 4361 2222 4443 qui
2267 4361 2336 4422 in
2383 4357 2702 4423 codicibus

332 4472 552 4531 extant
612 4488 779 4531 unus
841 4465 969 4531 fuit
987 4514 1003 4543 ,
1065 4470 1389 4552 praeterea
1446 4464 1686 4531 leviora
1734 4463 2042 4550 quaedam
2090 4464 2456 4529 discrimina
2501 4465 2705 4530 obser-
