3192 5009
927 288 1011 336 nn
1054 285 1674 336 mansuumomus
1719 287 2020 336 nonaum.
2537 267 2669 334 435

292 473 451 540 quae
512 459 691 519 erant
741 473 893 519 vera
938 455 1201 518 comitia
1242 451 1469 538 populi
1495 449 1581 530 ¹);
1631 452 1742 518 sed
1789 455 2238 538 quaerentibus
2283 453 2468 520 nobis
2513 475 2672 518 num

292 561 489 625 etiam
546 559 625 625 ad
684 561 946 624 comitia
1000 559 1117 625 illa
1169 580 1331 644 quae
1379 557 1581 625 calata
1629 559 1999 626 dicebantur
2045 560 2332 626 adhibita
2377 564 2464 626 sit
2507 563 2670 626 ratio

289 665 573 731 edicendi
618 671 685 731 et
726 665 1179 752 promulgandi
1224 668 1471 731 trinum
1513 665 1868 732 nondinum
1883 715 1902 744 ,
1948 665 2160 733 multa
2201 687 2336 732 esse
2374 666 2674 732 videntur

290 793 451 859 quae
515 772 765 838 obstent
827 775 1169 858 quominus
1216 771 1284 837 id
1328 771 1742 838 affirmemus.
1812 772 1946 838 Lex
1994 775 2237 838 curiata
2284 773 2359 838 de
2403 775 2676 858 imperio

290 885 356 944 et
413 885 727 965 potestate
784 881 1287 966 magistratuum
1304 927 1323 956 ,
1384 880 1519 944 sine
1580 899 1708 964 qua
1753 899 1958 965 neque
2001 901 2139 945 rem
2186 879 2537 946 militarem
2585 884 2678 944 at-

290 988 539 1072 tingere
600 985 965 1051 consulibus
1020 991 1085 1050 et
1130 985 1545 1050 dictatoribus
1562 1034 1579 1063 ,
1628 1007 1834 1072 neque
1879 988 1982 1051 ius
2029 985 2236 1051 dicere
2279 987 2676 1073 praetoribus

284 1090 551 1170 licebat,
592 1096 667 1156 ut
702 1095 951 1157 trinum
988 1091 1348 1156 nundinum
1384 1091 1905 1178 promulgaretur
1943 1092 2081 1157 fieri
2117 1114 2267 1158 sane
2305 1115 2428 1158 non
2460 1095 2674 1178 potuit

285 1201 423 1264 sine
467 1200 723 1286 magnis
770 1197 1081 1263 molestiis
1127 1200 1281 1283 quin
1326 1200 1525 1263 etiam
1570 1218 2052 1283 nonnumquam
2099 1201 2233 1265 sine
2279 1196 2562 1283 periculo
2609 1205 2674 1266 et

284 1305 667 1370 detrimento
730 1307 1009 1370 civitatis
1071 1323 1231 1390 quae
1294 1303 1407 1368 diu
1466 1304 1686 1370 futura
1730 1305 1958 1370 fuisset
2001 1307 2136 1370 sine
2181 1305 2674 1393 imperatoribus

284 1420 352 1477 et
387 1412 730 1478 iudicibus.
778 1410 1137 1476 Dictatores
1174 1412 1608 1476 recentissime
1646 1417 1884 1476 creatos
1924 1431 2108 1497 saepe
2141 1412 2222 1476 ad
2244 1433 2343 1476 res
2365 1412 2676 1498 gerendas

283 1518 601 1604 profectos
639 1539 774 1583 esse
812 1518 1132 1583 novimus.
1182 1514 1487 1585 Censores
1528 1538 1680 1582 vero
1719 1539 1834 1582 cur
1870 1522 2006 1583 tam
2047 1518 2158 1582 diu
2192 1520 2430 1583 otiosos
2475 1519 2672 1583 fuisse

279 1632 589 1710 putemus
628 1645 823 1710 quam
861 1645 996 1690 esse
1035 1623 1391 1689 debuerunt
1426 1625 1483 1687 si
1518 1625 1766 1688 trinum
1804 1622 2165 1688 nundinum
2202 1623 2670 1711 promulganda

282 1731 411 1796 fuit
452 1731 556 1796 lex
602 1733 955 1796 centuriata
998 1751 1160 1815 quae
1206 1732 1297 1794 eis
1344 1730 1495 1794 ferri
1542 1728 1807 1795 debebat
1823 1778 1842 1807 ,
1883 1729 2064 1794 nulla
2100 1730 2444 1816 probabilis
2481 1751 2672 1796 causa

280 1840 558 1902 inveniri
601 1842 830 1923 potest.
900 1835 1189 1901 Maxime
1234 1834 1583 1901 verisimile
1624 1839 1722 1900 est
1738 1883 1755 1912 ‚
1793 1836 1910 1900 has
1948 1835 2124 1922 leges
2161 1833 2322 1901 latas
2362 1857 2497 1902 esse
2537 1839 2670 1902 sine

280 1942 801 2030 promulgatione
818 1991 835 2018 ,
901 1963 1027 2026 quo
1089 1941 1265 2007 fieret
1320 1947 1396 2005 ut
1441 1940 1593 2005 ferri
1639 1947 1894 2026 possent
1941 1942 2240 2007 omnibus
2283 1944 2674 2028 magistrati-

282 2051 407 2114 bus
452 2051 621 2113 intra
664 2068 897 2134 paucos
944 2046 1075 2112 dies
1122 2067 1317 2133 quam
1361 2049 1655 2112 inierant.
1729 2046 2181 2127 Quaestoribus
2227 2050 2410 2114 novis
2455 2047 2669 2134 legem

282 2154 488 2220 latam
552 2175 687 2220 esse
734 2153 1111 2219 crediderim
1156 2174 1195 2218 a
1238 2159 1453 2218 vetere
1497 2158 1786 2239 praetore
1830 2174 2048 2219 mense
2093 2153 2428 2220 Decembri
2447 2202 2463 2232 ,
2513 2160 2674 2220 cete·

282 2263 375 2326 ris
436 2262 921 2348 magistratibus
984 2261 1337 2325 minoribus
1397 2281 1547 2325 vero
1609 2265 1674 2326 et
1731 2262 1888 2347 ipsis
1951 2261 2348 2347 praetoribus
2409 2281 2446 2326 a
2505 2282 2669 2327 novo

280 2373 573 2454 praetore
615 2370 801 2432 initio
846 2370 1084 2451 mensis
1128 2365 1415 2432 Januarii
1438 2364 1494 2446 ⁹)
1513 2416 1529 2444 ‚
1574 2369 1861 2451 itemque
1908 2365 2271 2432 consulibus
2319 2387 2356 2431 a
2392 2367 2666 2432 consule.

284 2472 669 2542 Censoribus
710 2477 893 2539 novis
928 2474 1101 2540 idem
1141 2472 1363 2538 consul
1399 2475 1511 2558 qui
1546 2475 1714 2538 veris
1754 2475 2034 2538 comitiis
2061 2473 2419 2559 praefuerat
2455 2473 2670 2561 legem

285 2583 706 2647 centuriatam
772 2579 996 2645 tulisse
1056 2580 1313 2645 videtur
1374 2578 1594 2644 eodem
1659 2577 1759 2644 die
1822 2599 1946 2664 quo
2005 2582 2200 2645 creati
2261 2587 2472 2658 erant,
2522 2587 2668 2644 tum

283 2691 503 2774 ipsum
537 2686 803 2752 fortasse
842 2707 993 2751 cum
1029 2705 1317 2750 censores
1357 2683 1655 2764 „comitiis
1692 2685 1984 2770 confectis
2019 2685 2088 2748 ix
2132 2687 2344 2768 Campo
2381 2687 2466 2748 ad
2499 2709 2668 2749 aram

287 2795 519 2859 Martie
566 2793 736 2856 selus
783 2793 1089 2856 anubibus
1136 2792 1565 2869 comedissent,
1615 2798 1683 2855 ut
1731 2791 2020 2854 &aditum
2057 2791 2394 2877 antiquitus
2431 2791 2558 2855 (ἐπ”
2583 2789 2633 2872 ³)
2653 2841 2670 2870 ,

284 2902 597 2967 cornicine
657 2902 899 2964 iterum
958 2902 1027 2963 in
1091 2901 1297 2964 muris
1342 2919 1562 2964 canere
1607 2901 1782 2962 iusso
1801 2947 1816 2974 ,
1867 2900 2084 2984 paucis
2131 2899 2375 2962 civibus
2431 2897 2672 2962 adhibi·

287 3011 371 3072 tis
425 3009 537 3092 qui
583 3005 989 3092 singularum
1038 3008 1473 3099 centuriarum
1518 3007 1730 3070 vicem
1769 3010 2307 3087 repraesentarent
2325 3053 2342 3082 ‚
2383 3007 2668 3070 contione

286 3112 627 3189 advocata;
696 3134 821 3198 quo
882 3113 1051 3177 facto
1096 3132 1381 3177 censores
1427 3113 1495 3175 in
1544 3108 1936 3196 Capitolium
1984 3109 2208 3176 deduci
2256 3117 2546 3195 poterant
2591 3117 2668 3175 ut

284 3222 378 3287 ibi
422 3222 757 3284 victimam
806 3218 1137 3283 caederent
1182 3223 1247 3283 et
1294 3225 1588 3282 senatum
1635 3216 1900 3282 adirent.
1963 3215 2034 3281 Si
2077 3217 2232 3281 haec
2285 3218 2668 3280 caerimonia

284 3329 378 3390 ita
419 3328 600 3410 quasi
636 3323 1057 3411 appendicula
1096 3323 1407 3409 quaedam
1445 3323 1571 3388 fuit
1601 3325 1922 3387 iustorum
1945 3324 2357 3387 comitiorum
2374 3371 2391 3399 ,
2431 3322 2666 3388 melius

284 3430 677 3518 intelligitur
739 3433 851 3514 qui
912 3430 1155 3496 factum
1217 3432 1301 3493 sit
1358 3437 1433 3494 ut
1476 3427 1728 3494 nullam
1764 3431 1902 3493 eius
1947 3431 2342 3494 mentionem
2387 3429 2668 3492 invenia-

287 3559 435 3604 mus
495 3538 665 3624 apud
726 3543 1013 3603 auctores
1069 3543 1318 3601 nostros
1378 3539 1447 3600 in
1502 3557 1718 3602 rerum
1777 3535 2242 3600 narrationibus
2260 3582 2276 3612 ,
2350 3555 2429 3600 ne
2496 3533 2667 3619 apud

286 3644 553 3710 Livium
616 3643 877 3729 quidem
938 3642 1025 3709 40
1087 3664 1140 3708 c.
1201 3642 1289 3707 45
1352 3649 1417 3708 et
1477 3642 1585 3708 46.
1639 3679 1724 3691 -
1775 3641 1873 3706 Ad
1931 3643 2194 3706 comitia
2236 3661 2386 3706 vero
2435 3639 2668 3726 quibus

287 3752 386 3816 bis
441 3771 605 3816 anno
666 3756 1199 3816 testamentorum
1259 3749 1531 3814 faciendi
1593 3751 1776 3834 copia
1834 3747 2103 3812 dabatur
2163 3747 2408 3812 civibus
2425 3795 2441 3824 ‚
2507 3745 2671 3810 nihil

289 3865 423 3922 erat
484 3879 599 3922 cur
654 3857 1103 3922 admitteretur
1154 3853 1587 3942 promulgatio
1636 3857 1880 3919 trinum
1928 3853 2321 3932 nundinum3
2375 3873 2448 3918 ea
2494 3855 2668 3917 enim

357 4080 411 4145 1)
450 4079 549 4128 Cic.
582 4079 709 4128 dom.
747 4076 825 4126 16.
844 4077 926 4136 41,
964 4078 1055 4126 Dio
1090 4069 1269 4126 89.'11.
1290 4077 1337 4126 2.
1374 4103 1440 4113 —
1473 4074 1523 4135 2)
1551 4075 1692 4140 Quod
1724 4073 1930 4124 Ovidius
1945 4073 2142 4136 (sunl.
2163 4073 2274 4133 1⁶5)
2295 4071 2408 4120 dicit
2429 4070 2670 4120 amcino

290 4161 451 4212 litibus
486 4161 699 4224 (suine)
730 4159 941 4224 primam
970 4159 1091 4208 dien
1130 4156 1345 4224 (anni)”‚
1381 4161 1544 4207 ortum
1578 4172 1677 4206 case
1713 4156 1851 4206 debet
1881 4161 2098 4222 tempore
2126 4173 2220 4221 quo
2247 4155 2342 4204 iam
2376 4157 2669 4204 evanuerant

290 4243 415 4308 leges
463 4243 673 4292 curiatae
720 4245 769 4290 et
816 4238 1111 4290 centuriam
1160 4241 1219 4290 dc
1268 4243 1504 4306 potestate
1556 4239 1952 4303 magistratuum
2011 4253 2122 4287 nam
2173 4235 2398 4287 credibile
2450 4251 2544 4286 non
2594 4237 2668 4285 est

294 4325 597 4390 magistratus
638 4325 804 4373 solitos
848 4323 991 4373 suisa
1035 4323 1159 4372 ferre
1205 4323 1332 4388 leges
1372 4322 1581 4372 curiatae
1614 4321 1830 4371 kalendis
1864 4321 2128 4380 Ianuariis,
2163 4321 2246 4384 qui
2278 4319 2378 4368 dies
2411 4317 2670 4369 comitialis

294 4422 386 4456 non
420 4419 525 4456 erat
559 4409 606 4456 et
640 4422 735 4471 quo
768 4405 861 4471 ipsi
896 4406 953 4455 de
983 4405 1113 4455 caelo
1148 4411 1466 4456 servaverat.
1504 4431 1567 4442 -
1607 4407 1661 4468 8)
1695 4405 1798 4454 Liv.
1833 4405 1917 4453 40.
1934 4405 2020 4456 45.
