3192 5009
522 160 654 227 268
1320 181 1402 227 011
1448 181 1600 228 man
1647 181 2097 228 oannmmrmr.

520 366 670 409 cum
730 347 1151 429 magistratus
1212 352 1608 422 crearentur3
1673 346 1792 410 hac
1839 366 1906 409 re
1956 346 2212 411 tollitur
2255 345 2661 409 levissimum
2709 345 2886 408 vesti·

519 453 707 536 gium
762 453 1223 515 controversiae
1268 454 1447 516 iuris.
1498 449 1720 519 Cicero
1765 452 1884 516 1100
1931 450 2147 537 palam
2194 452 2513 538 professus
2561 456 2658 516 est
2700 470 2754 514 a.
2801 448 2882 512 44

518 560 589 620 in
650 555 935 641 Philipp.
1000 554 1062 619 ΙΙ
1124 563 1325 642 (supr.
1374 578 1523 643 pag.
1572 556 1706 622 264
1755 557 1896 622 adn.
1949 556 2038 638 5).
2106 556 2229 623 Sed
2277 579 2427 622 cum
2471 557 2643 621 hunc
2684 555 2891 619 locum

522 660 843 729 Ciceronis
910 667 1173 748 tangam
1192 710 1208 740 ,
1276 663 1476 729 facere
1525 685 1650 728 non
1697 684 1961 749 possum
2006 665 2163 747 quin
2209 666 2406 729 etiam
2450 662 2726 727 indicem
2768 661 2897 725 fon·

522 774 656 833 tem
720 770 921 832 totius
982 767 1178 832 huius
1240 771 1503 847 erroris,
1569 772 1704 833 sine
1767 791 1893 854 quo
1941 790 2129 834 nemo
2178 771 2248 835 in
2291 768 2473 855 iilam
2519 770 2892 833 sententiam

518 877 731 939 iturus
792 874 1035 939 fuisset.
1102 873 1230 938 Res
1292 880 1429 939 tota
1490 878 1852 940 continetur
1896 896 2097 962 prava
2141 878 2662 961 interpretatione
2708 875 2895 938 huius

518 979 645 1045 loci
706 977 1061 1046 Ciceronis:
1129 981 1272 1060 ,‚(de
1333 980 1495 1044 caelo
1540 987 1828 1061 servare),
1878 983 2036 1066 quod
2076 1004 2264 1065 neque
2311 981 2452 1044 bicec
2495 979 2751 1044 comitiis
2783 1001 2898 1061 per

523 1088 679 1167 leffe-9
695 1134 712 1163 ,
784 1092 841 1149 et
858 1134 873 1162 ,
944 1085 1000 1147 si
1061 1085 1167 1169 qui
1225 1086 1489 1149 servavit
1504 1134 1521 1163 ,
1586 1108 1706 1150 non
1766 1088 2023 1150 comitiis
2082 1087 2308 1151 habitis
2325 1136 2340 1164 ,
2406 1088 2514 1150 sed
2544 1085 2894 1169 priusquam

522 1194 853 1255 habeantwr
916 1192 1083 1254 debet
1140 1191 1488 1255 nuntiare&
1553 1192 1692 1256 Iam
1758 1200 1942 1258 antea
2005 1192 2347 1272 (Mnemos.
2399 1190 2614 1255 XVIII
2659 1213 2722 1276 p.
2771 1186 2896 1252 449

524 1298 667 1363 adn.
717 1297 785 1377 2)
856 1299 1077 1362 notavi
1144 1296 1465 1362 infelicem
1536 1318 1850 1375 errorem,
1918 1319 2043 1384 quo
2107 1298 2394 1384 plerique
2457 1298 2630 1361 hunc
2692 1295 2902 1361 locum

524 1405 926 1487 interpretati
986 1408 1137 1466 sunt
1200 1405 1382 1487 quasi
1452 1405 1569 1480 „de
1617 1403 1779 1466 caelo
1823 1426 2062 1467 servare
2106 1403 2402 1468 comitiis''
2450 1403 2702 1467 dictum
2747 1406 2906 1465 esset

524 1530 638 1595 pro
705 1508 1101 1585 „obnuntiare
1163 1507 1463 1571 comitii-5²⁹
1516 1510 1654 1573 sive
1706 1510 1823 1586 „de
1871 1509 2032 1573 eaelo
2077 1532 2319 1573 servare
2366 1508 2734 1572 comitiorum
2767 1529 2907 1589 pro-

526 1614 911 1677 hibendorum
958 1612 1203 1690 caned’,
1255 1615 1437 1699 quasi
1483 1611 1702 1680 Cicero
1749 1614 1850 1678 his
1897 1615 2108 1679 verbis
2156 1614 2392 1679 diceret
2432 1620 2640 1677 totam
2677 1612 2913 1676 obnun-

529 1722 869 1784 tiationem
932 1721 1439 1804 magistratuum
1484 1718 1630 1805 lege
1675 1721 2063 1804 prohibitam
2114 1726 2250 1785 esse
2270 1768 2288 1797 ,
2336 1726 2403 1784 et
2446 1722 2585 1804 ipse
2631 1719 2736 1783 his
2780 1738 2916 1782 ver-

526 1826 624 1890 bis
683 1830 951 1911 negaret
1012 1824 1181 1909 quod
1242 1845 1369 1889 non
1415 1823 1630 1890 solum
1675 1825 1890 1911 paullo
1938 1832 2082 1890 ante
2129 1828 2199 1889 in
2245 1825 2468 1890 eadem
2513 1822 2912 1910 paragrapho

529 1933 761 1997 diserte
826 1930 1255 1995 affirmaverat
1316 1937 1495 2011 (cum
1558 1932 1796 1997 diceret
1850 1931 2177 1997 consulem
2223 1932 2402 1995 etiam
2429 1930 2706 2017 facibim
2755 1948 2918 1993 crea-

530 2040 735 2103 tiones
799 2036 1231 2103 obnuntiando
1294 2037 1605 2122 impedire
1665 2059 1850 2123 posse
1899 2059 2091 2123 quam
2139 2046 2504 2125 augurem),
2557 2036 2666 2101 sed
2715 2038 2914 2101 etiam

526 2147 596 2209 in
642 2145 763 2208 hac
807 2145 949 2229 ipsa
996 2145 1311 2207 sententia
1356 2141 1523 2207 clare
1570 2142 1914 2209 affirmavit
1959 2144 2231 2224 (verbisz
2281 2143 2340 2206 si
2378 2142 2481 2227 qui
2517 2140 2824 2205 servavit.
2857 2188 2870 2203 .
2901 2188 2915 2202 .

529 2250 698 2314 debet
764 2250 1093 2329 nuntiare).
1159 2248 1417 2314 Scilicet
1476 2270 1606 2314 non
1668 2255 2129 2335 reputaverunt
2182 2249 2527 2314 formulam
2577 2248 2696 2325 „de
2743 2245 2918 2311 caelo

528 2354 821 2423 servare'’
871 2377 997 2420 non
1044 2375 1227 2439 posse
1269 2358 1572 2442 coniungi
1618 2376 1766 2420 cum
1816 2356 2031 2420 dativo
2078 2357 2431 2436 (comitiis),
2481 2374 2682 2438 neque
2727 2350 2920 2417 intel-

527 2462 825 2528 lexerunt
884 2460 1140 2524 comitiis
1200 2481 1334 2525 esse
1400 2460 1759 2526 ablativum
1820 2460 2244 2547 temporalem
2303 2466 2410 2540 (---τ
2457 2461 2516 2523 ἐν
2581 2469 2658 2538 τῇ
2721 2480 2920 2537 χειρο-

530 2569 700 2650 τονίᾳ
762 2568 899 2631 sive
957 2573 1068 2640 τῆς
1114 2568 1487 2645 χειροτονίας
1537 2566 1755 2644 οὔσης,
1799 2567 2032 2652 quibus
2079 2565 2377 2632 formulis
2425 2568 2635 2630 utitur
2681 2564 2920 2649 Appia—

530 2693 651 2737 nus
715 2672 777 2735 3.
806 2668 866 2749 ’7,
931 2692 1104 2756 supr.
1167 2691 1316 2758 pag.
1382 2670 1467 2736 99
1532 2672 1650 2737 sub
1706 2670 1865 2752 14⁰),
1938 2678 2002 2735 et
2062 2674 2298 2761 opponi
2361 2670 2548 2736 alteri
2607 2670 2921 2754 temporis

532 2780 884 2846 definitioni
947 2778 1336 2863 „priusquam
1381 2779 1622 2841 comitia
1666 2778 2077 2856 habeantur-”3
2127 2775 2346 2844 Cicero
2395 2778 2550 2843 dicit
2568 2826 2585 2854 ‚
2631 2776 2701 2841 id
2749 2774 2922 2861 quod

532 2887 735 2951 facere
782 2885 963 2948 liceat
1008 2882 1256 2949 consuli
1301 2886 1679 2969 priusquam
1726 2886 1986 2948 comitia
2031 2884 2408 2958 habeantur,
2449 2882 2623 2947 idem
2660 2880 2923 2966 legibus

522 2990 897 3074 prohibitum
959 3012 1081 3053 esse
1140 3009 1219 3052 ne
1268 2988 1448 3053 fieret
1494 2995 1838 3075 postquam
1883 2984 2048 3053 insta
2097 2992 2227 3053 sint
2264 2990 2526 3053 comitia
2565 2988 2922 3067 (comitiis),

534 3102 599 3162 et
668 3094 1030 3170 contendit,
1119 3094 1508 3171 Antonium,
1590 3116 1742 3159 cum
1813 3096 1872 3158 ἐν
1923 3105 1998 3173 τῇ
2071 3096 2412 3177 χειροτονίᾳ
2484 3092 2930 3157 obnuntiasset

535 3208 869 3287 tamquam
940 3221 1167 3287 augur,
1237 3220 1314 3264 ex
1385 3203 1688 3285 auspiciis
1734 3201 2012 3287 fortuito
2073 3202 2290 3264 oblatis
2353 3202 2490 3265 sive
2556 3200 2891 3265 ementitis
2911 3248 2927 3275 ,

536 3330 665 3375 non
725 3328 909 3393 posse
971 3308 1090 3371 hoc
1154 3306 1399 3371 factum
1444 3309 1539 3371 ita
1585 3327 1885 3373 excusare
1931 3312 2008 3371 ut
2056 3306 2293 3394 diceret
2339 3327 2407 3371 se
2457 3305 2534 3371 de
2581 3303 2752 3370 caelo
2802 3324 2932 3369 ser-

537 3436 719 3481 vasse
804 3412 1091 3478 adhibita
1174 3415 1494 3497 spectione
1564 3413 1880 3477 consulari
1896 3434 1912 3490 ;
1983 3413 2116 3478 vid.
2191 3434 2363 3497 supr.
2437 3432 2584 3497 pag.
2654 3409 2761 3475 96.
2837 3446 2930 3457 -

538 3521 819 3606 Apparet
879 3520 1108 3604 igitur,
1170 3516 1420 3582 nullam
1479 3520 1640 3581 iuris
1705 3520 2204 3583 controversiam
2265 3517 2463 3582 fuisse
2480 3566 2497 3594 ‚
2548 3515 2658 3581 sed
2703 3536 2933 3580 omnes

536 3646 789 3710 semper
859 3626 1247 3689 consensisse
1265 3672 1282 3700 ‚
1368 3625 1718 3688 creationes
1797 3626 2305 3709 magistratuum
2372 3642 2556 3707 posse
2623 3620 2936 3705 impediri

538 3732 841 3816 auspiciis
912 3731 1217 3813 quaesitis
1235 3777 1251 3805 ,
1324 3730 1475 3813 quia
1542 3727 1786 3794 valeret
1852 3728 1956 3793 lex
2027 3726 2250 3795 Clodia
2299 3748 2481 3819 *quae
2552 3726 2932 3814 abrogasset

539 3835 791 3901 Aeliam
838 3834 1110 3900 Fufiam.

632 3944 692 4005 d.
756 3940 1044 4026 Denique
1085 3940 1340 4006 afferam
1382 3946 1841 4026 argumentum
1878 3940 2047 4025 quod
2087 3939 2296 4005 solum
2337 3939 2626 4004 sufficiat.
2677 3935 2747 4005 C.
2775 3939 2934 4004 Por-

544 4049 680 4111 cius
751 4044 909 4112 Gato
980 4050 1093 4131 qui
1162 4066 1217 4110 a.
1285 4043 1369 4110 56
1433 4046 1730 4110 tribunus
1787 4044 1874 4130 pl.
1938 4048 2188 4131 primus
2251 4065 2447 4110 ausus
2511 4052 2649 4108 erat
2707 4048 2933 4111 omnia

544 4155 807 4218 comitia
866 4155 1002 4216 eius
1066 4155 1214 4216 anni
1276 4151 1499 4216 tollere
1546 4152 1623 4217 de
1670 4150 1842 4216 caelo
1892 4151 2198 4216 servando
2249 4156 2313 4217 et
2357 4148 2736 4215 Marcellino
2785 4172 2930 4216 con-

546 4258 673 4325 suli
718 4279 751 4322 e
799 4259 1093 4322 manibus
1140 4260 1380 4344 eripere
1426 4260 1688 4323 comitia
1706 4307 1723 4336 ,
1771 4264 1915 4343 post
1963 4258 2123 4323 duos
2171 4278 2367 4323 annos
2413 4266 2746 4323 accusatus
2793 4264 2912 4337 est,
