3192 5009
1199 355 1282 404 nr
1326 356 1476 404 1111111
1520 354 1802 404 aomo.
2562 333 2693 401 315

309 524 600 592 exclusas
659 522 864 590 videri
881 571 899 601 ‚
961 527 1037 588 ut
1101 523 1186 586 sit
1230 521 1410 588 locus
1457 522 1617 587 certi
1662 519 2041 585 condictioni
2088 519 2166 584 ab
2211 521 2351 604 ipso
2398 517 2565 606 legis
2610 503 2699 584 la-

227 633 234 636 ’
307 635 455 696 tore
499 633 848 716 promptae.
897 626 1118 713 Neque
1166 628 1360 692 huius
1407 629 1502 692 rei
1547 631 1929 714 argumenta
1963 628 2032 691 in
2069 628 2211 711 ipsa
2245 625 2389 713 lege
2430 626 2694 704 desunt3

307 742 556 802 resecta
622 736 1002 820 penitusque
1073 753 1110 798 a
1176 733 1431 798 iudiciis
1490 738 1736 798 remota
1797 753 1874 798 ex
1940 730 2254 817 stipulatu
2317 735 2474 798 certi
2533 734 2697 797 actio

309 841 387 922 (l.
435 841 522 906 24
573 840 650 907 D.
706 840 811 905 12.
841 839 906 921 1)
953 860 1158 904 nonne
1204 839 1603 918 testificatur,
1652 837 1933 905 voluisse
1982 835 2446 924 Gompilatores
2494 838 2698 905 solam

307 949 386 1012 in
444 968 567 1012 usu
628 967 764 1012 esse
824 949 981 1012 certi
1043 946 1506 1012 condictionem
1525 994 1541 1024 ,
1615 947 1790 1010 omni
1836 942 2093 1030 speciali
2138 944 2531 1010 condictione
2578 965 2703 1010 ces-

311 1050 536 1118 sante?
576 1051 718 1117 Hoc
754 1053 961 1138 igitur
998 1053 1177 1136 quasi
1218 1050 1573 1118 voluntatis
1608 1048 2121 1136 Gompilatorum
2142 1050 2455 1116 indicium
2478 1051 2703 1136 magni

309 1163 682 1246 interpretis
742 1159 968 1225 fuisset
1026 1159 1328 1244 subsequi
1343 1207 1360 1236 ,
1431 1177 1556 1243 qua
1617 1157 1693 1222 de
1741 1178 1808 1223 re
1855 1156 2011 1223 olim
2054 1157 2226 1223 haud
2270 1178 2421 1224 sane
2464 1178 2702 1245 magno

310 1268 580 1354 negotio
627 1267 962 1331 convenire
1009 1285 1212 1349 quum
1257 1265 1571 1349 potuisset
1587 1311 1605 1341 ,
1655 1269 1723 1328 at
1766 1283 1935 1328 nunc
1982 1264 2245 1330 fortasse
2285 1285 2500 1338 serum
2538 1269 2654 1330 est.

410 1372 505 1437 Ea
571 1373 640 1436 ni
708 1369 898 1436 fallor
967 1373 1124 1436 certi
1187 1369 1603 1435 condictionis
1666 1369 2106 1454 proponendae
2168 1391 2356 1435 causa
2416 1371 2541 1436 fuit
2557 1418 2575 1448 ,
2626 1374 2703 1434 ut

312 1477 591 1564 simplex
652 1477 800 1542 inde
861 1481 1223 1541 nasceretur
1282 1477 1384 1541 ius
1403 1523 1420 1553 ,
1486 1496 1611 1540 non
1629 1522 1645 1552 ,
1696 1475 1865 1560 quod
1909 1476 2145 1561 partim
2192 1473 2705 1562 Compilatorum

309 1585 564 1650 incuria
578 1631 596 1660 ,
644 1584 884 1669 partim
927 1585 1355 1668 interpretum
1401 1580 1684 1646 socordia
1722 1581 2018 1646 effectum
2056 1587 2185 1660 est,
2226 1582 2306 1646 ad
2346 1581 2503 1648 alias
2540 1581 2705 1647 mul-

311 1696 420 1756 tas
465 1709 628 1754 nova
673 1689 916 1753 actione
961 1687 1292 1753 accedente
1340 1687 1450 1752 sed
1493 1685 1856 1752 multarum
1894 1690 2103 1753 vicem
2141 1689 2471 1755 subeunte.
2520 1689 2703 1755 Hanc

311 1800 490 1863 certe
534 1815 791 1860 causam
835 1794 1030 1859 fuisse
1077 1795 1426 1859 triticariae
1441 1813 1444 1816 ’
1462 1793 1897 1880 proponendae
1936 1794 2350 1860 condictionis
2367 1843 2384 1873 ,
2427 1817 2527 1860 res
2564 1798 2705 1882 ipsa

314 1903 733 1967 demonstrat.
782 1898 1135 1986 Occupavit
1178 1902 1352 1965 enim
1397 1901 1709 1965 triticaria
1755 1900 2067 1965 condictio
2113 1900 2389 1966 duarum
2404 1950 2422 1979 ,
2470 1909 2547 1967 ut
2586 1903 2706 1966 mi-

311 2010 577 2074 nimum
644 2005 1067 2072 formularum
1134 2004 1384 2083 locum,
1459 2007 1524 2070 et
1584 2008 1723 2072 eius
1788 2026 1913 2092 qua
1974 2007 2064 2071 sic
2120 2006 2572 2072 intendebatur
2632 2008 2704 2071 si

301 2121 564 2199 paret
605 2113 978 2177 hominem
1025 2097 1372 2176 Stichum
1419 2112 1605 2176 dari
1648 2119 2053 2194 oportere,
2104 2113 2168 2177 et
2214 2115 2351 2179 eius
2397 2134 2522 2199 qua
2567 2115 2707 2178 tri-

315 2219 480 2286 tici
543 2226 850 2283 tantum
909 2218 1096 2282 dari
1154 2225 1525 2300 oportere
1583 2218 2032 2284 intendebatur
2074 2223 2260 2285 antea
2304 2220 2461 2301 (vid.
2513 2241 2705 2307 supra

313 2346 458 2412 cap.
509 2324 717 2405 XXI).
764 2324 904 2389 Hac
952 2326 1125 2390 enim
1163 2326 1407 2390 actione
1447 2326 1513 2389 et
1550 2327 1939 2410 quantitates
1976 2330 2286 2410 petuntur
2322 2327 2387 2390 et
2425 2347 2702 2413 corpora,

317 2435 470 2498 iura
528 2430 798 2515 denique
815 2478 832 2508 ,
880 2429 948 2494 id
995 2434 1090 2494 est
1135 2431 1350 2495 omnia
1395 2433 1564 2494 omni
1572 2451 1653 2494 no
1700 2450 1861 2515 quae
1908 2430 2046 2495 dari
2092 2430 2387 2498 deberive
2434 2434 2701 2518 possint.

313 2536 472 2604 Sola
507 2538 824 2622 excipitur
858 2541 1194 2603 numerata
1231 2538 1516 2621 pecunia.
1566 2537 1656 2600 At
1693 2538 1851 2602 certi
1885 2536 2281 2603 condictione
2303 2545 2704 2604 numeratam

315 2646 659 2732 pecuniam
679 2690 696 2719 ,
761 2639 924 2706 nihil
971 2647 1294 2727 praeterea
1337 2644 1641 2728 petimus.
1689 2641 1888 2728 quue
1934 2643 2165 2709 diserte
2214 2645 2476 2708 tradunt
2521 2642 2705 2711 Gom-

310 2749 620 2836 pilatores
661 2747 707 2813 1.
764 2747 797 2813 1
849 2769 942 2834 pr.
990 2745 1094 2813 13.
1124 2746 1163 2812 3
1209 2749 1290 2812 iis
1336 2749 1546 2814 verbis
1593 2767 1753 2832 quae
1800 2768 1993 2834 supra
2039 2754 2127 2833 (p.
2175 2748 2331 2828 184)
2379 2751 2701 2835 exscripsi.

313 2854 724 2940 Quamquam
793 2853 1121 2918 fatendum
1193 2859 1290 2918 est
1307 2901 1324 2931 ,
1391 2856 1458 2916 in
1517 2853 1637 2918 hac
1698 2859 1876 2938 parte
1934 2874 2163 2939 parum
2228 2856 2350 2920 sibi
2413 2862 2698 2920 constare

311 2960 799 3026 Tribonianum.
878 2959 1137 3025 Etenim
1198 2958 1244 3024 l.
1300 2957 1380 3025 17
1445 2958 1546 3044 §2
1610 2959 1689 3024 D.
1740 2958 1847 3024 25.
1876 2959 1918 3025 2
1983 2981 2241 3047 corpora
2304 2969 2517 3027 amota
2576 2982 2704 3026 non

309 3089 436 3155 per
476 3069 852 3133 triticariam
896 3066 1006 3133 sed
1052 3087 1166 3152 per
1205 3069 1364 3132 certi
1402 3067 1865 3132 condictionem
1900 3075 2184 3154 repetere
2223 3089 2373 3134 eum
2395 3069 2699 3134 vidimus.

311 3174 470 3241 Iura
526 3195 678 3241 vero
695 3223 711 3253 ,
777 3195 902 3260 quo
951 3194 1216 3238 numero
1263 3179 1412 3239 sunt
1461 3176 1807 3240 servitutes
1854 3180 1992 3239 tam
2044 3196 2457 3261 personarum
2504 3197 2700 3262 quam

309 3281 723 3368 praediorum
780 3284 845 3346 et
906 3278 1326 3366 obligationes
1371 3301 1499 3345 non
1543 3301 1672 3345 uno
1717 3279 1859 3346 loco
1887 3277 1941 3361 ¹)
1985 3283 2214 3346 incerti
2259 3281 2699 3361 condicuntur,

316 3408 525 3474 quum
569 3387 840 3452 sufficiat
886 3388 1213 3452 triticaria.

415 3493 551 3559 Hac
597 3493 794 3559 ducor
837 3492 1269 3558 observatione
1286 3541 1302 3570 ,
1353 3498 1429 3558 ut
1475 3493 1683 3558 dicam
1723 3492 2047 3579 duplicem
2084 3495 2341 3560 subesse
2366 3496 2701 3561 Pandectis

313 3598 894 3685 interpolationem.
958 3596 1238 3683 Ulpiano
1285 3600 1398 3683 qui
1443 3598 1800 3664 subdiderit
1846 3599 2285 3686 fragmentum
2334 3601 2411 3666 de
2458 3601 2703 3666 condic-

319 3709 496 3771 tione
572 3705 881 3769 triticaria
897 3751 914 3780 ,
999 3705 1060 3768 ei
1127 3703 1304 3768 cordi
1375 3709 1512 3768 erat
1528 3752 1544 3782 ,
1618 3703 2044 3769 condictiones
2110 3726 2329 3771 omnes
2398 3705 2479 3770 ad
2546 3709 2705 3772 certi

317 3810 784 3876 condictionem
852 3814 918 3874 et
987 3808 1066 3873 ad
1125 3808 1590 3874 condictionem
1652 3812 2032 3875 triticariam
2091 3809 2378 3898 redigere
2391 3832 2407 3890 ;
2475 3818 2707 3878 cetera-

317 3937 470 3982 rum
526 3921 810 3981 auctores
873 3913 1443 4000 interpolationum
1511 3917 1663 3996 (nisi
1736 3914 1906 4001 quod
1975 3937 2313 3994 commune
2383 3939 2543 4003 opus
2611 3921 2704 3983 vi-

319 4023 547 4089 deatur
610 4024 827 4108 ipsum
887 4020 963 4086 de
1025 4023 1182 4087 certi
1243 4021 1639 4087 condictione
1704 4021 2171 4110 fragmentum)
2233 4025 2543 4090 triticaria
2601 4025 2705 4090 ab-

392 4307 438 4369 1)
488 4307 543 4358 1..
580 4307 643 4357 16
678 4309 750 4370 §s
790 4305 1715 4372 n.4.4;1.5510.'1.5;1.s⁵
1754 4311 1813 4360 n.
1851 4311 1977 4369 s.2;
2032 4308 2067 4360 1.
2103 4310 2273 4372 2251
2312 4311 2703 4372 n.1s.c;1.8

327 4393 382 4440 D.
422 4389 648 4447 12.·1;1.
687 4393 714 4439 5
751 4393 820 4453 §1
859 4393 916 4441 D.
959 4391 1118 4451 1⁹.1;
1147 4392 1183 4443 1.
1219 4393 1250 4441 8
1285 4407 1358 4457 pr.
1399 4393 1458 4442 D.
1497 4390 1722 4454 12131.
1757 4393 1823 4441 46
1860 4407 1935 4458 pr.
1967 4393 2027 4444 D.
2058 4393 2217 4452 aa&
2252 4392 2436 4456 l.8§8
2468 4395 2702 4456 n.8s.5;

321 4471 356 4522 l.
391 4471 454 4521 12
489 4473 547 4522 D.
583 4471 731 4524 4⁰2.
