3192 5009
554 220 683 288 398
1555 242 1931 291 muamus.

550 427 781 471 novem
844 411 1183 491 supersunt
1242 406 1571 472 columnae
1631 409 1736 473 hic
1796 407 1933 472 illic
1987 408 2328 474 mutilatae
2345 457 2361 486 ,
2411 409 2640 495 quibus
2687 409 2928 474 ultima

550 533 695 599 pars
754 515 1055 578 orationis
1116 513 1273 594 (fere
1338 517 1680 600 peroratio)
1745 517 2122 579 continetur.
2189 511 2544 580 Columnae
2590 522 2740 581 sunt
2791 537 2932 602 per-

549 625 855 706 augustae
874 669 889 698 ,
940 622 1176 706 quippe
1222 641 1383 705 quae
1429 619 1722 706 singulae
1775 619 2037 685 16-19
2079 620 2480 707 (plerumque
2527 619 2636 700 17)
2674 621 2930 687 litteras

543 729 797 812 capiant
840 725 1120 791 unciales
1166 727 1324 792 bene
1373 732 1679 804 exaratas,
1729 726 1946 813 paullo
1993 730 2271 793 minores
2311 735 2376 793 et
2417 728 2779 794 subtiliores
2819 731 2926 806 iis,

542 834 773 918 quibus
808 835 1193 919 perscriptae
1232 837 1383 897 sunt
1420 832 1770 919 Hyperidis
1808 836 2121 899 orationes
2163 840 2382 898 contra
2404 833 2928 913 Demosthenem,

540 959 654 1026 pro
716 938 1133 1024 Lycophrone
1152 987 1168 1016 ,
1235 960 1347 1024 pro
1393 938 1773 1024 Euxenippo
1793 988 1808 1016 ,
1860 960 2016 1024 quas
2066 961 2143 1004 ex
2189 961 2334 1026 pap.
2387 937 2590 1006 CVIII
2640 946 2702 1004 et
2747 938 2929 1007 CXV

543 1065 597 1109 a.
653 1041 828 1108 1850
875 1048 940 1108 et
990 1041 1162 1108 1853
1209 1047 1457 1130 primus
1504 1044 1745 1130 publici
1783 1047 1944 1110 iuris
1985 1045 2136 1110 fecit
2177 1043 2514 1112 Churchill
2537 1045 2925 1132 Babington.

542 1149 819 1214 Nullum
879 1156 976 1215 est
1034 1153 1103 1214 in
1164 1171 1406 1238 papyro
1454 1154 1802 1236 scripturae
1851 1151 2302 1238 compendium
2320 1200 2335 1229 ,
2387 1151 2496 1217 sed
2543 1155 2806 1240 signum
2856 1169 2928 1234 7

542 1259 775 1335 (rarius
820 1264 924 1336 =)
994 1263 1343 1341 usurpatur
1410 1257 1489 1322 ad
1561 1256 1948 1343 explendum
2019 1259 2124 1323 hic
2183 1251 2317 1322 illic
2383 1280 2931 1344 supervacaneum

544 1383 769 1427 versus
815 1364 1117 1448 spatium.
1180 1361 1445 1428 Lineola
1492 1368 1666 1428 recta
1711 1373 1824 1427 aut
1871 1362 2279 1428 circumflexa
2322 1367 2496 1449 picta
2542 1366 2660 1430 sub
2705 1385 2934 1430 versus

544 1471 732 1533 initio
793 1467 1033 1533 indicat
1093 1472 1440 1534 sententiae
1498 1471 1565 1533 in
1627 1491 1700 1534 eo
1764 1491 1955 1534 versu
2017 1490 2287 1555 pausam
2331 1473 2650 1536 minorem
2667 1520 2682 1548 ,
2729 1473 2932 1536 unius

547 1596 696 1641 vero
756 1573 1111 1640 duarumve
1155 1574 1521 1640 litterarum
1569 1578 1851 1661 spatium
1898 1597 2177 1641 vacuum
2223 1580 2552 1642 maiorem.
2620 1577 2932 1666 Singulae

546 1681 877 1746 columnae
925 1702 1148 1746 versus
1195 1684 1519 1747 continent
1566 1679 1856 1748 26—28.
1905 1681 2200 1770 Papyrus
2248 1690 2344 1748 est
2389 1688 2668 1770 optimae
2714 1693 2929 1762 notae,

546 1789 961 1853 correctiones
1028 1790 1448 1873 paucissimae
1467 1837 1483 1866 ,
1558 1809 1718 1874 quae
1789 1788 2035 1853 duobus
2105 1794 2363 1854 tantum
2430 1790 2588 1856 locis
2648 1791 2930 1877 produnt

545 1913 813 1960 manum
876 1893 1167 1959 alienam.
1230 1894 1479 1960 Addere
1543 1894 1621 1960 de
1677 1916 1822 1961 meo
1883 1894 2108 1974 liceat,
2157 1895 2218 1960 N
2265 1901 2729 1984 paragogicum
2779 1919 2926 1962 nus-

544 2021 737 2086 quam
756 2049 771 2078 ,
822 2002 957 2065 sive
1005 2021 1348 2066 consonans
1396 2003 1530 2066 sive
1578 2001 1818 2066 vocalis
1867 2007 2188 2088 sequatur,
2239 2023 2276 2067 a
2313 2002 2571 2069 librario
2611 2007 2925 2069 omissum

547 2128 701 2276 ess&
751 2213 1108 2300 frag-mento
1168 2212 1410 2298 liquido
1473 2219 1718 2278 constat
1775 2213 2209 2299 Philippidem
2273 2219 2394 2294 (vs.
2461 2213 2596 2296 92),
2662 2215 2732 2280 de
2793 2237 2916 2301 quo

420 2306 423 2309 ¹
544 2318 837 2404 pluribus
885 2321 1022 2405 egit
1066 2317 1345 2384 Koehler
1388 2321 1457 2382 in
1502 2318 1744 2384 Herme
1792 2317 1846 2383 V
1895 2317 2023 2386 347
2051 2342 2208 2405 sqq„
2249 2324 2652 2406 proposuisse
2689 2319 2917 2408 populo

540 2429 609 2490 in
686 2427 966 2490 comitiis
986 2473 1001 2501 ,
1064 2431 1141 2488 ut
1201 2446 1498 2490 coronam
1558 2425 1920 2491 decerneret
1981 2427 2263 2512 proedris
2325 2426 2402 2491 ob
2468 2449 2705 2493 munus
2764 2427 2922 2493 bene

542 2535 837 2618 gestum,
904 2529 1279 2604 δικαιοσύνης
1328 2555 1399 2594 τε
1446 2538 1555 2604 τῆς
1609 2532 1692 2602 εἷς
1739 2533 1840 2596 τὸν
1888 2531 2075 2606 δῆμον
2121 2531 2222 2594 τὸν
2270 2533 2620 2609 Ἀθηναίων,
2677 2532 2782 2596 καὶ
2833 2531 2922 2596 ὅτι

544 2636 715 2700 κατὰ
763 2635 901 2707 τοὺς
951 2637 1166 2710 νόμους
1215 2637 1717 2716 προηδρεύκασιν,
1782 2643 1856 2702 ut
1902 2645 1998 2702 est
2045 2659 2170 2702 vsa.
2223 2636 2512 2716 86-90,
2561 2639 2728 2724 quod
2779 2638 2928 2703 Phi-

540 2741 852 2828 lippidem
914 2741 1133 2806 fecisse
1195 2746 1555 2828 suspicatur
1614 2743 1834 2820 editor,
1900 2764 2024 2829 quo
2088 2743 2332 2808 facinus
2393 2743 2651 2830 aliquod
2701 2766 2922 2810 eorum

540 2848 795 2934 legibus
860 2851 1250 2913 contrarium
1311 2849 1545 2914 honore
1591 2848 1842 2936 publico
1890 2849 2318 2936 obtegeretur.
2367 2849 2509 2915 Hoc
2555 2857 2775 2916 autem
2820 2850 2922 2914 de-

540 2961 793 3022 cretum
852 2955 1176 3041 perlatum
1195 3004 1210 3032 ,
1274 2959 1409 3021 sive
1471 2959 1687 3042 potius
1747 2959 1886 3022 eius
1949 2955 2252 3034 latorem,
2305 2956 2668 3043 Hyperides
2686 2955 2762 3038 (Y)
2809 2965 2924 3023 aut

544 3083 660 3127 suo
724 3069 837 3126 aut
898 3061 1101 3127 alieno
1164 3064 1419 3126 nomine
1480 3065 1883 3147 persequitur
1937 3063 2326 3142 παρανόμων,
2375 3085 2634 3149 prorsus
2689 3071 2763 3129 ut
2807 3063 2930 3130 De·

544 3168 910 3232 mosthenes
969 3169 1035 3230 in
1102 3170 1383 3232 oratione
1428 3189 1543 3253 pro
1591 3189 1817 3233 corona
1863 3168 2119 3253 publico
2169 3170 2290 3234 hoc
2337 3169 2574 3235 iudicio
2624 3192 2782 3236 usus
2828 3178 2930 3235 est

542 3281 617 3338 ut
662 3274 1069 3339 inveheretur
1113 3276 1180 3337 in
1226 3273 1568 3340 factionem
1615 3274 2092 3340 Macedonicam
2114 3324 2130 3353 ,
2173 3275 2251 3340 ad
2293 3297 2486 3360 quam
2527 3276 2932 3364 Philippides

544 3383 806 3464 eiusque
853 3379 1103 3443 adiutor
1150 3379 1559 3444 Democrates
1611 3380 2018 3467 Aphidnaeus
2065 3382 2486 3466 pertinebant.
2535 3380 2649 3449 Off.
2679 3382 2925 3448 3—12.

549 3483 924 3549 125—134.
979 3485 1353 3550 139-143.
1410 3485 1784 3551 153—155.

634 3590 731 3654 Ad
779 3590 1214 3676 Philippidem
1262 3591 1428 3676 quod
1470 3597 1735 3671 attinet,
1776 3596 2010 3658 iniuria
2047 3595 2212 3658 mihi
2250 3595 2523 3682 Kenyon
2548 3596 2932 3664 contendere

539 3696 811 3773 videtur,
878 3717 1029 3761 eum
1091 3696 1532 3782 Philippidem
1550 3747 1565 3776 ,
1631 3702 1742 3794 qui
1805 3703 2079 3765 occurrit
2145 3701 2312 3786 apud
2363 3700 2928 3787 [Demosthenem]

538 3806 606 3867 in
670 3822 758 3866 or.
823 3809 1043 3868 contra
1105 3802 1522 3868 Theocrinem
1571 3811 1635 3871 et
1684 3809 1752 3869 in
1797 3805 2086 3872 Midiana
2132 3809 2204 3891 ξς
2229 3806 2381 3872 208.
2433 3807 2563 3873 215
2611 3830 2744 3874 esse
2793 3831 2926 3875 non

539 3927 718 3993 posse
789 3908 1062 3973 eundem
1082 3958 1097 3986 ,
1173 3930 1364 3994 quem
1438 3909 1800 3996 Hyperides
1862 3934 2044 3978 reum
2109 3916 2346 4000 egerit,
2416 3917 2717 4000 quoniam
2780 3918 2927 3981 eius

537 4013 821 4079 εὐτέλεια
872 4023 1086 4079 notata
1131 4017 1209 4080 ab
1257 4017 1582 4083 Athenaeo
1636 4017 1728 4082 l.l.
1780 4025 2026 4105 pugnet
2071 4041 2220 4084 cum
2269 4021 2546 4086 hominis
2592 4021 2926 4106 opulentia

540 4140 700 4204 quae
748 4141 825 4185 ex
874 4120 1161 4186 Midiana
1208 4129 1524 4207 appareat.
1576 4123 1822 4209 Nempe
1868 4125 2234 4190 Athenaeus
2282 4126 2557 4192 scribens
2605 4125 2672 4200 ἦν
2723 4126 2778 4189 δ’
2829 4131 2929 4192 εῦ-

540 4228 723 4300 naeu
776 4225 843 4289 τὸ
892 4233 1073 4301 σῶμα
1120 4227 1223 4292 διὰ
1272 4228 1632 4300 λεπτότητα
1681 4237 1894 4314 aperte
1937 4251 2062 4296 non
2101 4231 2314 4296 cultus
2351 4232 2530 4298 illius
2571 4233 2680 4298 sed
2715 4236 2928 4317 ipsius

541 4334 815 4418 corporis
880 4332 1201 4401 vilitatem
1252 4337 1513 4400 notavit.
1570 4373 1652 4382 —-
1705 4333 2006 4402 Ceterum
2053 4337 2214 4401 hanc
2262 4342 2611 4412 orationem
2659 4339 2736 4404 ab
2783 4337 2928 4432 Hy-
