3192 5009
603 264 733 332 336
1687 283 1910 331 PLA'ro.

688 451 762 514 P.
816 447 945 514 594
971 449 1045 514 B.
1111 449 1229 515 Καὶ
1296 450 1439 527 μήν,
1504 443 1541 523 ἦ
1603 448 1655 512 δ’
1703 443 1801 526 ὅς,
1864 448 2134 527 ἐπιθυμῶ
2199 447 2332 513 καὶ
2383 447 2628 520 αὐτὸς
2677 449 2962 526 ἀκοῦσαι,

594 556 764 624 τίνας
831 556 1078 633 ἔλεγες·
1111 556 1228 629 τὰς
1276 555 1584 634 τέτταρας
1637 555 1977 626 πολιτείας.
2038 553 2193 635 Quis
2237 557 2445 641 igitur
2489 559 2740 640 praeter
2783 550 2965 620 Glau-

597 683 821 727 conem
882 662 1003 727 hoc
1066 656 1455 726 desiderium
1502 664 1571 725 in
1621 663 2008 748 praegressis
2055 659 2568 748 significaverat?
2613 660 2816 726 Locus
2855 662 2968 724 vix

594 763 787 834 sanus
806 817 823 846 ,
874 769 982 833 sed
1029 788 1153 853 quo
1199 772 1383 852 pacto
1432 767 1845 853 corrigendus
1895 769 1981 831 sit
2025 787 2152 832 non
2197 767 2406 832 viden.

683 873 757 936 P·.
812 872 942 938 548
965 875 1043 938 A.
1108 879 1405 950 τιμῶντες
1454 871 1652 952 οὶγρί
1667 896 1757 944 ως
1809 871 1925 937 ὑπὸ
1973 872 2194 937 σκότου
2241 871 2473 954 χρυσόν
2519 896 2589 936 τε
2637 871 2742 938 καὶ
2790 871 2970 951 ἀργύ-

589 1002 726 1058 ριον.
797 977 1113 1044 Notabilis
1181 977 1480 1044 vocabuli
1550 999 1743 1056 usus,
1816 981 1928 1064 qui
1987 977 2167 1043 nullo
2231 977 2356 1044 alio
2417 999 2624 1065 neque
2683 985 2970 1044 veterum

589 1105 794 1169 neque
841 1085 1267 1148 recentiorum
1310 1082 1447 1148 loco
1494 1081 1810 1148 illustrari
1855 1103 2038 1169 posse
2085 1083 2362 1149 videtur.
2411 1083 2592 1148 Num
2637 1081 2902 1149 sanum?

681 1189 755 1255 P.
806 1187 937 1255 548
963 1189 1038 1253 E.
1090 1189 1533 1268 αὐθαδέστερόν
1580 1213 1652 1254 τε
1699 1188 1795 1254 δεῖ
1835 1191 2022 1255 αὐτὸν
2075 1229 2161 1239 -
2210 1185 2365 1254 εἶναι
2413 1190 2517 1255 καὶ
2569 1189 2976 1268 ὑπαμουσότε-

591 1319 704 1377 ρον,
755 1297 1131 1376 φιλόμουσον
1173 1295 1233 1358 δὲ
1274 1301 1377 1359 καὶ
1424 1294 1719 1376 φιλήκοον
1759 1294 1895 1373 μέν,
1935 1297 2234 1378 ῥητορικὸν
2258 1294 2311 1360 δ’
2336 1296 2638 1372 οὐδαμῶς.
2689 1294 2974 1360 Universi

590 1403 720 1468 loci
785 1405 947 1467 ratio
1018 1407 1084 1466 et
1150 1406 1489 1467 contextus
1550 1401 1878 1486 postulant
1896 1450 1913 1480 ‚
1976 1408 2053 1467 ut
2112 1400 2534 1488 intellegatur
2593 1403 2817 1478 hom0‚
2865 1402 2974 1485 qui

591 1508 744 1574 licet
802 1511 937 1594 ipse
1002 1510 1285 1572 musicae
1347 1510 1433 1572 sit
1491 1510 1872 1594 imperitior,
1935 1513 2100 1572 artes
2163 1514 2379 1573 tamen
2425 1509 2552 1573 huc
2598 1511 2975 1594 pertinentes

592 1618 661 1678 in
727 1613 871 1679 aliis
931 1613 1306 1690 admiratur,
1355 1615 1589 1699 quique
1635 1613 1908 1679 libenter
1955 1613 2112 1679 alios
2161 1614 2343 1679 audit
2391 1614 2670 1680 dicentes
2713 1615 2846 1698 ipse
2891 1611 2974 1676 di-

594 1718 776 1784 cendi
814 1721 1083 1784 minime
1122 1721 1387 1804 peritus.
1437 1716 1644 1798 Quare
1680 1718 1898 1784 locum
1937 1719 2026 1784 sic
2071 1719 2388 1807 distingui
2427 1719 2690 1806 malimg
2719 1757 2799 1767 -
2829 1719 2976 1783 ῦπα-

593 1825 950 1905 μουσότερον
979 1826 1140 1902 (μὲν
1157 1822 1253 1901 ?>‚
1279 1824 1656 1904 φιλόμουσον
1683 1825 1766 1903 δέ,
1795 1826 1899 1888 κα)
1924 1829 2220 1903 φιλήκοον
2243 1827 2380 1904 μέν,
2408 1826 2706 1907 ῥητορικὸν
2731 1824 2782 1888 δ’
2809 1825 2975 1889 οὖδα-

596 1936 749 2010 μῶς.
798 1929 873 1995 111
913 1931 1213 2012 ῥητορικὸν
1252 1933 1387 1996 81116
1426 1951 1616 1996 causa
1655 1932 1882 1996 idonea
1919 1931 2260 1997 haerebam
2298 1930 2545 1997 Mnem.
2589 1930 2795 2016 an.
2825 1927 2970 1994 327.

686 2038 759 2101 P.
811 2036 944 2101 550
967 2035 1047 2101 D.
1112 2036 1181 2099 τὸ
1246 2044 1528 2114 ταμιεῖον
1580 2073 1664 2084 —-
1715 2037 1744 2099 ἐ
1761 2043 1998 2102 κεῖνο.
2050 2037 2294 2102 Indicat
2357 2058 2709 2122 pronomen
2751 2038 2973 2122 respici

596 2142 675 2208 ad
711 2142 882 2207 dicta
921 2166 984 2229 p.
1015 2140 1145 2207 548
1168 2144 1227 2207 A
1270 2139 1386 2207 ἅτε
1412 2141 1769 2217 κεκτημένοι
1796 2151 2056 2218 ταμιεῖα
2087 2143 2189 2207 καὶ
2218 2143 2466 2214 οἰκείους
2494 2141 2817 2221 θησαυροὺς
2848 2141 2971 2204 κτέ.

684 2249 760 2314 Ρ.
810 2246 937 2312 531
966 2248 1041 2314 E.
1106 2247 1139 2322 ἢ
1206 2250 1293 2325 μὴ
1354 2246 1704 2329 χρωμένους
1757 2252 1867 2328 (86.
1915 2249 1999 2328 τῷ
2047 2249 2294 2328 πλήθει)
2342 2250 2394 2312 οἱ
2444 2249 2680 2321 ἀληθῶς
2727 2248 2972 2325 ὀλιγαρ-

593 2359 809 2436 χικοὺς
880 2361 1153 2434 φανῆναι
1226 2355 1286 2417 ἐν
1348 2355 1517 2434 αὐτῷ
1582 2356 1666 2433 τῷ
1732 2354 2080 2435 μάχεσθαι.
2148 2352 2286 2417 Vox
2333 2353 2768 2435 ὀλιγαρχικός,
2817 2372 2971 2438 quae

591 2463 888 2546 usurpari
948 2459 1107 2524 solet
1153 2461 1227 2523 dc
1258 2461 1512 2542 paucis,
1561 2461 1667 2544 qui
1717 2461 1920 2523 multis
1963 2460 2291 2542 imperant,
2339 2461 2446 2524 hic
2493 2480 2530 2523 a
2576 2458 2840 2524 Platone
2884 2457 2972 2521 lu·

594 2566 874 2630 dibundo
894 2614 909 2642 ,
974 2568 1385 2650 permittente
1448 2566 1746 2630 vocabuli
1806 2567 2264 2651 compositione
2285 2613 2301 2643 ,
2365 2568 2456 2630 sic
2503 2565 2856 2640 adhibetur,
2900 2567 2969 2626 ut

592 2675 677 2737 811
746 2672 967 2748 ὀλίγων
1038 2668 1263 2750 ἄρχων,
1337 2691 1730 2757 quamquam
1800 2691 2158 2756 numquam
2229 2667 2458 2736 Graeci
2518 2691 2592 2736 ea
2653 2693 2804 2736 voce
2859 2671 2969 2734 hoc

590 2799 779 2842 sensu
826 2779 930 2842 usi
977 2783 1146 2841 sunt.
1194 2776 1630 2842 Luculentum
1677 2779 1884 2863 igitur
1923 2776 2184 2862 praebet
2221 2777 2326 2841 1116
2363 2776 2546 2842 106118
2585 2773 2962 2864 exemplum,

588 2887 656 2948 in
717 2881 957 2948 talibus
1020 2880 1185 2946 nihil
1226 2881 1459 2946 referre
1504 2888 1732 2946 utrum
1779 2902 1907 2946 una
1953 2887 2209 2946 tantum
2258 2881 2554 2948 vocabuli
2599 2883 2966 2969 significatio

586 2991 658 3053 in
720 3009 845 3052 usu
910 2988 1139 3064 fuerit,
1201 2987 1393 3052 modo
1456 2987 1651 3052 aliam
1712 2987 1875 3052 ferat
1938 2991 2077 3052 eius
2143 2990 2324 3074 origo
2342 3036 2357 3065 ,
2409 3009 2602 3074 quare
2649 2993 2790 3054 iure
2833 3007 2964 3052 meo

588 3093 834 3159 Mnem.
897 3090 1028 3156 XII
1084 3113 1229 3180 pag.
1280 3091 1413 3158 294
1478 3095 1838 3177 suspicatus
1902 3114 2048 3158 sum
2098 3093 2538 3180 Theognidem
2584 3116 2677 3160 vs.
2722 3092 2806 3159 45
2853 3097 2966 3167 ἁμ-

589 3201 871 3281 φιβόλως
921 3219 1115 3263 11811111
1162 3219 1296 3264 6886
1343 3198 1658 3264 adiectivo
1705 3196 1908 3270 ἄδικος
1931 3247 1946 3276 ,
1996 3205 2073 3263 111
2119 3199 2321 3264 81111111
2357 3199 2621 3264 ὑπέμεινε
2657 3203 2741 3265 811
2781 3195 2966 3264 81111111

588 3305 745 3368 iuris
806 3327 1033 3386 expers.
1100 3304 1280 3384 Quod
1342 3325 1570 3369 moneo
1633 3309 1895 3391 propter
1956 3325 2030 3369 ea
2079 3325 2240 3390 quae
2289 3305 2513 3370 doctus
2558 3309 2810 3372 iuvenis
2855 3305 2967 3370 Eu-

589 3427 821 3476 GENIUS
882 3409 1075 3474 LOEW
1143 3413 1212 3473 in
1284 3411 1740 3490 Quaestionibus
1807 3411 2195 3490 Tbeoynideis
2257 3431 2408 3497 pag.
2475 3411 2514 3474 5
2580 3413 2730 3477 huic
2797 3429 2964 3477 meae

587 3519 937 3582 sententia-e
1000 3518 1319 3601 opposuit.
1372 3552 1457 3562 -—
1506 3515 1606 3580 Ex
1673 3517 1792 3580 hoc
1841 3522 2058 3581 autem
2105 3515 2396 3581 Platonis
2440 3516 2580 3583 loco
2625 3518 2838 3584 lucem
2879 3535 2964 3580 ac-

588 3625 869 3707 cipiunt,
937 3643 1098 3706 quae
1145 3621 1531 3686 subobscure
1578 3621 1749 3685 dicta
1795 3621 2105 3707 leguntur
2151 3622 2320 3686 infra
2366 3645 2428 3708 p.
2483 3621 2613 3687 555
2639 3626 2698 3689 A
2745 3623 2962 3700 ὀλίγοις

585 3729 742 3791 τισὶν
792 3727 1010 3791 ἑαυτοῦ
1062 3733 1345 3803 πολεμῶν
1393 3729 1808 3807 ὀλιγαρχικῶς
1853 3727 1937 3791 τοὶ
1978 3728 2188 3791 πολλοὶ
2235 3729 2508 3803 ἡττᾶται
2552 3731 2656 3794 κα)
2697 3733 2958 3794 πλουτεῖ.

674 3835 748 3898 P.
802 3831 931 3897 556
956 3832 1029 3896 Β.
1080 3832 1395 3897 Notabilis
1436 3839 1532 3897 est
1570 3833 1766 3897 huius
1803 3833 1927 3898 loci
1967 3833 2476 3919 breviloquentia
2516 3843 2582 3900 et
2619 3841 2960 3900 structurae

580 3939 862 4004 libertas.
935 3937 1133 4002 Plena
1194 3940 1368 4001 enim
1435 3941 1634 4003 oratio
1694 3938 1848 4002 haec
1909 3939 2106 4003 foret:
2173 3944 2306 4003 Νῦν
2356 3939 2420 4003 δέ
2467 3943 2557 4019 γ’,
2607 3943 2763 4021 ἔφην
2809 3940 2954 4017 ἐγώ,

582 4044 681 4108 διὰ
733 4043 942 4107 πάντα
993 4044 1077 4107 τα
1126 4047 1389 4107 τοιαῦτα
1442 4041 1594 4109 οὕτω
1649 4043 2023 4109 διατιθέασιν
2075 4045 2134 4108 ἐν
2181 4056 2258 4124 τῇ
2311 4046 2486 4111 πόλει
2535 4048 2585 4112 οἱ
2637 4046 2954 4128 ἄρχοντες·

585 4154 759 4230 σφοῖς
809 4148 871 4212 δὲ
916 4147 1139 4220 αὐτοὺς
1194 4150 1297 4212 καὶ
1350 4149 1487 4220 τοὺς
1539 4151 1737 4214 αὐτῶν
1789 4149 2189 4230 (διατιθέασιν
2237 4146 2411 4232 ὦδε·)
2453 4158 2812 4233 τρυφῶντας
2851 4148 2954 4228 μὲν

581 4254 719 4328 τοὺς
787 4255 945 4326 νέους
1012 4261 1331 4337 (ποιοῦσιν)
1399 4255 1502 4319 καὶ
1572 4256 1830 4328 οὲπόνους
1891 4257 1996 4321 καὶ
2045 4256 2191 4337 πρὸς
2242 4259 2328 4321 τὰ
2374 4263 2481 4322 τοῦ
2528 4263 2812 4336 σώματος
2858 4253 2952 4320 καὶ

588 4361 730 4440 πρὸς
797 4362 880 4424 τὰ
945 4367 1053 4432 τῆς
1118 4369 1371 4442 ψυχῆς,
1439 4363 1769 4440 μαλακοὺς
1829 4362 1892 4426 δὲ
1940 4371 2247 4443 καρτερεῖν
2294 4365 2436 4444 πρὸς
2486 4365 2698 4439 ἡδονάς
2746 4389 2814 4430 τε
2859 4359 2952 4424 καὶ
