3192 5009
462 297 596 368 272
1229 319 1313 368 nn
1358 319 1673 370 Asisium}
1716 321 2039 370 musi-ons.

460 484 742 573 τινακαὶ
783 484 1320 552 δυσαπάλλακτον
1359 488 1605 566 θεωρίαν
1647 483 1825 569 εἶχε,
1868 488 2268 554 ἀδιάλειπτον
2310 489 2538 564 κίνησιν
2577 487 2841 568 λαμβά-

459 614 668 665 νουσης
715 599 825 668 τῆς
873 591 1122 672 διῦφῆς,
1169 593 1273 659 διὰ
1320 592 1426 672 τὸ,
1477 594 1576 658 ἐπ’
1630 593 1896 674 ἐδάφους
1944 597 2274 674 γενομένης
2324 602 2434 668 τῆς
2476 595 2839 675 ὑποδρομιῖς,

459 698 844 763 κατατείνειν
891 699 1000 772 τὴν
1026 700 1335 764 κόλπωσιν
1359 699 1548 782 μέχρι
1576 708 1685 772 τῆς
1714 699 1835 765 άνω
1858 701 2199 774 διατάσεως
2226 708 2332 768 τοῦ
2358 702 2839 780 πετάσματος”.

457 803 634 870 Haec
679 805 1146 890 quodammodo
1193 806 1490 894 intellegi
1540 829 1723 892 posse
1769 829 1897 874 non
1940 809 2189 896 negabo
2205 858 2222 888 ,
2275 829 2668 895 quamquam
2712 828 2841 873 non

455 909 662 989 viden,
689 911 842 997 quid
863 915 948 976 sit
973 913 1356 976 κατατείνειν
1380 915 1488 985 την
1513 913 1839 978 κόλπωσιν.
1880 913 2119 980 Verum
2144 917 2287 1002 quis
2311 915 2523 981 credet
2546 936 2582 980 e
2606 913 2841 980 talibus

457 1023 674 1082 ortum
711 1038 847 1083 esse
885 1025 1137 1083 textum
1167 1017 1423 1105 qualem
1447 1040 1616 1084 nunc
1642 1020 1883 1086 codices
1908 1018 2252 1086 exhibent?
2276 1021 2545 1087 Leviore
2570 1019 2840 1086 medica-

457 1128 674 1187 mento
692 1170 709 1200 ,
741 1125 811 1188 ni
851 1122 1053 1202 fallor,
1093 1126 1476 1190 sententiam
1517 1127 1773 1189 restitui
1810 1131 2078 1210 oportet.
2121 1125 2293 1205 Quae
2316 1129 2372 1190 si
2394 1147 2521 1190 non
2544 1125 2797 1212 elegans
2818 1173 2838 1202 ,

455 1248 583 1294 non
623 1235 836 1294 tamen
879 1251 1138 1316 prorsus
1186 1232 1451 1296 obscura
1495 1233 1618 1296 erit
1665 1233 1720 1295 si
1766 1230 2151 1318 legerimus:
2205 1235 2351 1310 „xxi
2403 1232 2693 1307 μάλιστα
2732 1231 2839 1296 διὰ

459 1337 568 1410 τὴν
606 1339 713 1400 τοῦ
755 1336 1105 1413 πνεύματος
1148 1337 1481 1416 ὑποδρομὴν
1520 1337 1947 1417 (ἀδιάλειπτον
1990 1341 2219 1411 κίνησιν
2251 1337 2698 1416 λαμβανούσης
2726 1346 2839 1411 τῆς

459 1439 716 1522 διυφῆς,
782 1440 882 1507 διὰ
948 1450 1088 1517 τῆς
1152 1443 1280 1508 ἄπ’
1328 1442 1593 1518 ἐδάφους
1642 1445 1967 1521 γενομένης
2022 1447 2192 1529 [τῆς]
2243 1444 2617 1522 ὑποδρομῆς,
2668 1445 2841 1508 κατὰ

456 1549 565 1622 την
611 1545 921 1612 κόλπωσιν
966 1549 1153 1628 μέχρι
1205 1555 1310 1621 τῆς
1361 1547 1483 1614 ἅνω
1531 1550 1900 1628 διατάσεως)
1945 1549 2150 1624 ἧδεῑάν
2189 1573 2327 1614 τινα
2370 1551 2472 1614 καὶ
2521 1549 2845 1620 δυςαπάλ-

458 1668 690 1719 λακτον
736 1655 846 1725 την
889 1655 1134 1730 θεωρίαν
1182 1656 1554 1734 παρέχοντος
1606 1661 1711 1719 τοῦ
1762 1655 2211 1734 πράγματος”.

548 1759 775 1826 Finem
821 1761 1049 1826 faciam
1083 1764 1152 1825 in
1191 1761 1607 1848 descriptione
1650 1766 1757 1827 τοῦ
1798 1763 2239 1841 θυσιαστηρίου.
2290 1764 2455 1829 Arae
2496 1764 2839 1849 descriptio

458 1867 613 1933 haec
663 1873 796 1933 est:

549 1994 613 2058 p.
638 1971 747 2038 29.
775 1971 883 2038 23.
936 1970 1060 2051 „⁰11
1085 1997 1156 2037 τε
1179 1979 1286 2039 τοῦ
1310 1975 1733 2053 θυσιαστηρίου
1762 1977 2120 2048 κατασκευὴ
2148 1974 2496 2053 σύμμετρον
2522 1972 2845 2056 ἔχουσαον)

463 2077 605 2158 πρὸς
671 2077 774 2142 τὸν
836 2078 1021 2144 τόπον
1083 2080 1188 2143 καὶ
1237 2082 1320 2144 τὰ
1369 2081 1627 2156 θύματα
1674 2079 1777 2144 δια
1825 2085 1933 2144 τοῦ
1984 2083 2163 2161 πυρὸς
2214 2077 2687 2156 ἐξαναλούμενα
2736 2081 2849 2152 την

463 2184 831 2264 διοικοδομὺν
901 2181 1072 2266 εἶχε,
1144 2193 1252 2256 τῆς
1317 2184 1374 2250 δ’
1441 2185 1817 2265 ἀναβάσεως
1883 2193 1990 2260 τῆς
2060 2189 2201 2265 πρὸς
2270 2187 2459 2266 αὐτὸ,
2526 2188 2668 2266 πρὸς
2734 2189 2845 2259 τὴν

463 2292 800 2368 εὐκοσμίαν
861 2290 1106 2372 ἔχοντος
1177 2298 1282 2356 τοῦ
1345 2291 1534 2357 τόπου
1585 2292 2002 2374 καθηκόντως,
2052 2296 2121 2357 τὸ
2169 2293 2370 2367 κλίμα
2418 2300 2533 2358 τῶν
2580 2309 2846 2372 λειτουρ-

461 2403 631 2475 γιῶν,
672 2403 788 2460 τῶν
825 2397 1023 2474 ἱερέων
1049 2398 1534 2475 κεκαλυμμένων
1559 2399 1745 2480 μέχρι
1774 2405 1888 2462 τῶν
1915 2405 2158 2478 σφυρῶν
2181 2397 2491 2474 βυσσίνοις
2517 2398 2845 2479 χιτῶσιν”.

551 2503 744 2569 Recte
791 2502 1084 2568 Schmidt
1130 2526 1243 2590 pro
1293 2505 1529 2586 ἔχουσα
1578 2508 1795 2591 posuit
1842 2504 2131 2584 ἔχουσαν,
2179 2527 2304 2590 quo
2352 2505 2579 2572 ducere
2626 2504 2847 2570 viden—

460 2617 569 2676 tur
613 2609 955 2675 Lumbi-osi
993 2611 1236 2676 codices
1275 2614 1386 2697 qui
1427 2611 1683 2690 ἔχουσαι
1733 2613 2052 2678 exhibent.
2102 2611 2245 2677 Non
2292 2612 2647 2679 audiendus
2694 2631 2851 2677 vero

460 2725 558 2784 est
595 2717 789 2784 codex
811 2716 888 2794 B,
929 2720 1034 2782 cui
1071 2717 1412 2783 obsecutus
1451 2717 1847 2784 Schmidtius
1886 2727 2031 2786 ante
2078 2717 2253 2797 πυρὸς
2304 2721 2527 2797 ,,τοῦ”
2554 2721 2851 2784 inseruit.

461 2822 700 2889 Verum
745 2824 899 2888 haec
944 2823 1114 2890 levia
1159 2831 1308 2888 sunt
1325 2846 1341 2903 ;
1397 2827 1532 2891 sive
1581 2823 1817 2904 ἔχουσα
1868 2827 2002 2891 sive
2052 2822 2320 2905 ἔχουσαν
2364 2825 2575 2911 16393,
2624 2824 2849 2890 locum

461 2952 587 3001 non
655 2929 1011 3017 intelleges.
1099 2929 1266 2995 Nam
1329 2929 1564 2995 durum
1626 2940 1722 2996 est
1784 2954 1934 2996 cum
1994 2931 2354 2997 Schmidtio
2402 2931 2481 2996 ad
2527 2939 2596 2996 τὸ
2643 2932 2855 3007 κλίμα

465 3036 1028 3124 „subintellegerez
1056 3031 1196 3118 εἶχε
1222 3037 1629 3112 σύμμετρον”.
1648 3036 1899 3103 Vitium
1923 3037 2221 3123 equidem
2246 3038 2501 3103 subesse
2526 3039 2819 3122 suspicor
2833 3058 2851 3115 ;

464 3143 632 3229 quod
687 3149 912 3207 natum
960 3149 1058 3208 est
1105 3164 1254 3208 cum
1303 3141 1448 3222 ἔχον
1496 3148 1604 3207 τοῦ
1651 3168 1721 3208 τε
1766 3146 1835 3208 in
1883 3142 2127 3224 ἔχοντος
2182 3167 2289 3214 του
2338 3151 2713 3228 corruptum
2760 3163 2859 3208 es-

463 3255 580 3314 set.
629 3249 853 3334 Itaque
899 3252 1174 3315 conicio:
1221 3247 1342 3326 ,,Ἥ
1383 3275 1456 3314 τε
1493 3255 1600 3314 τοῦ
1644 3251 2060 3324 θυσιαστηρίου
2104 3252 2459 3324 κατασκευὴ
2501 3255 2856 3325 σύμμετρον

465 3353 734 3435 ἔχουσαν
774 3354 915 3431 πρὸς
955 3355 1058 3420 τὸν
1098 3355 1282 3419 τόπον
1321 3355 1425 3418 καὶ
1462 3357 1548 3419 τὰ
1574 3357 1825 3430 θύματα
1854 3355 1954 3420 διὰ
1980 3359 2145 3439 [τοῦ]
2170 3357 2351 3435 πυρὸς
2380 3354 2853 3430 ἐξαναλούμενα

467 3464 574 3537 την
634 3460 1000 3538 διοικοδομην
1060 3458 1238 3541 εἶχε,
1288 3469 1398 3535 τῆς
1452 3459 1508 3525 δ’
1559 3461 1931 3537 ἀναβάσεως
1984 3469 2093 3535 τῆς
2146 3461 2287 3539 πρὸς
2336 3462 2492 3527 αὐτὸ
2544 3460 2688 3536 πρὸς
2740 3461 2855 3532 τὴν

470 3568 801 3644 εὐκοσμίαν
851 3563 994 3648 ἔχον
1044 3573 1150 3632 τοῦ
1197 3591 1267 3631 τε
1317 3567 1502 3632 τόπου
1551 3567 1929 3641 καθηκόντως
1971 3569 2040 3633 τὸ
2081 3571 2283 3643 κλίμα
2326 3573 2439 3632 τῶν
2481 3591 2552 3631 τε
2594 3581 2861 3644 λειτουρ-

469 3679 619 3753 γιῶν
665 3679 783 3737 τῶν
826 3671 1022 3752 ἱερέων
1072 3686 1257 3738 κ.τ.λ.

563 3855 918 3940 Supersunt
984 3855 1289 3920 nonnulla
1307 3905 1324 3933 ‚
1407 3861 1544 3921 tam
1612 3859 1681 3920 in
1752 3855 1979 3942 templi
2049 3855 2367 3941 Urbisque
2440 3857 2865 3942 descriptione

473 3983 669 4047 quam
728 3963 798 4025 in
860 3959 1104 4046 reliqua
1149 3959 1417 4046 epistola
1433 4010 1448 4039 ,
1500 3981 1663 4047 quae
1710 3965 1927 4026 minus
1976 3962 2309 4028 emendata
2356 3960 2436 4026 ad
2482 3982 2595 4028 nos
2639 3982 2867 4046 perve-

473 4073 725 4132 nerunt.
788 4065 884 4132 De
947 4067 1180 4152 quibus
1202 4116 1216 4143 ,
1285 4069 1340 4131 si
1405 4069 1568 4132 tanti
1618 4068 1961 4145 videbitur,
2010 4067 2271 4152 posthac
2319 4067 2685 4152 disputandi
2736 4067 2867 4132 for-

473 4180 638 4240 tasse
685 4174 926 4238 occasio
975 4175 1116 4238 erit.
1166 4172 1352 4238 Nunc
1399 4173 1661 4258 quidem
1707 4173 1811 4237 hic
1858 4173 2199 4238 subsistere
2246 4179 2545 4258 praestat.

608 4337 756 4388 Serib.
795 4337 1044 4387 Hui-lomi
1081 4338 1153 4388 Id.
1195 4339 1297 4387 len.
1337 4337 1480 4386 18⁹2.

1489 4497 1858 4506 -—·—-———-
