3192 5009
562 301 692 367 216
1318 324 1402 369 An
1450 324 1798 372 merosum
1844 323 2177 373 scemam.

560 487 939 552 abhorreret.
1004 487 1306 554 Revocati
1350 495 1499 554 sunt
1544 493 1770 576 igitur,
1821 498 1988 556 certe
2036 490 2357 555 redierunt
2401 491 2688 574 impune.
2767 486 2966 549 Nam

559 592 966 680 Pythodorus
1012 594 1135 658 fuit
1177 597 1345 660 inter
1390 617 1495 660 eos
1542 617 1818 680 quorum
1867 599 2124 659 nomina
2169 598 2312 681 paci
2357 595 2532 659 fuere
2571 594 2964 677 subscripta

558 698 784 779 (Thuc.
833 698 889 762 V
943 699 1049 779 19)
1124 704 1406 787 itemque
1471 702 1708 767 foederi
1769 701 1937 786 quod
2001 702 2181 766 brevi
2243 708 2383 786 post
2443 697 2960 763 Lacedaemonii

560 828 709 871 cum
754 806 1247 873 Atheniensibus
1290 811 1571 873 inierunt
1616 808 1793 885 (ibid.
1841 830 1894 873 c.
1944 807 2091 885 24);
2142 828 2342 893 neque
2390 807 2509 871 hoc
2555 804 2956 869 mirandum

560 918 686 990 est,
738 914 1037 998 quoniam
1083 913 1321 979 Laches
1369 936 1618 1000 quoque
1661 918 1729 980 in
1766 914 2029 979 illorum
2069 935 2332 979 numero
2374 914 2500 977 fuit
2520 961 2535 989 ,
2575 914 2686 998 qui
2714 918 2958 975 tamen

560 1018 825 1083 eandem
874 1019 953 1084 ob
999 1041 1255 1084 causam
1302 1026 1364 1085 et
1411 1021 1633 1085 eodem
1673 1020 1800 1086 fere
1839 1026 2126 1107 tempore
2159 1005 2226 1084 in
2267 1022 2368 1084 ius
2415 1019 2620 1083 fuerat
2668 1024 2958 1081 vocatus

559 1125 715 1204 (vid.
778 1126 886 1189 Ar.
950 1124 1136 1211 Vesp.
1200 1125 1379 1207 240).
1450 1126 1737 1212 Denique
1811 1126 1909 1191 Ol.
1979 1124 2086 1203 91,
2114 1125 2154 1191 3
2225 1126 2633 1213 Pythodorus
2707 1144 2956 1188 rursus

558 1236 811 1317 praetor
849 1237 1097 1296 creatus
1128 1230 1174 1310 ¹)
1214 1253 1362 1297 cum
1401 1230 1742 1298 Demarato
1780 1240 1844 1298 et
1881 1232 2247 1317 Laespodia‚
2290 1231 2952 1297 Lacedaemoniorum

560 1356 749 1423 agros
816 1340 1093 1401 vastavit
1161 1343 1226 1402 et
1284 1341 1373 1403 sic
1434 1360 1655 1423 pacem
1718 1337 1962 1402 dudum
2022 1337 2467 1402 labefactatam
2515 1338 2954 1415 φκνερώτκτι

562 1442 820 1507 tandem
866 1442 1075 1506 ἔλυσεν
1126 1442 1351 1524 (Thuc.
1400 1444 1489 1508 VI
1538 1443 1712 1519 105).

651 1548 942 1613 Duorum
986 1552 1191 1635 igitur
1236 1557 1600 1636 praetorum
1622 1598 1637 1625 ‚
1687 1554 1798 1636 qui
1841 1571 1969 1615 una
2015 1550 2360 1635 eademque
2408 1550 2484 1614 de
2531 1532 2718 1613 causa
2761 1547 2956 1612 dam-

562 1656 697 1720 nati
756 1661 939 1732 sunt,
1004 1654 1164 1721 alter
1225 1655 1390 1721 redit
1454 1678 1864 1742 summosque
1930 1656 2132 1721 denuo
2182 1657 2451 1721 honores
2497 1657 2566 1719 in
2613 1652 2956 1739 republica

563 1762 854 1845 capissit:
901 1760 1255 1827 alterumue
1300 1765 1370 1827 in
1415 1763 1605 1828 exilio
1652 1766 2071 1849 permansisse
2114 1759 2476 1827 credimus?
2523 1760 2729 1825 Immo
2777 1780 2944 1824 eum

563 1886 813 1951 quoque
872 1869 1203 1932 revertisse
1245 1867 1686 1955 intellegimus
1705 1917 1721 1945 ,
1773 1889 1920 1933 cum
1970 1870 2346 1954 praesertim
2393 1870 2660 1931 tertium
2709 1886 2902 1930 reum
2927 1915 2944 1942 ,

564 1971 1145 2057 Eurymedontem,
1208 1971 1470 2039 Thuclis
1538 1973 1747 2038 filium
1766 2022 1783 2050 ,
1847 1972 2092 2058 aliquot
2161 1974 2340 2037 annis
2390 1976 2533 2057 post
2579 1979 2950 2057 praetorem

564 2078 895 2143 videamus
965 2080 1032 2143 in
1101 2078 1386 2143 Siciliam
1447 2082 1625 2144 mitti
1684 2084 1760 2143 ut
1821 2078 2038 2144 Niciae
2102 2079 2372 2144 adducat
2419 2077 2660 2143 auxilia
2707 2076 2946 2157 (Thuc.

565 2182 686 2247 VH
736 2182 1047 2267 16-52),
1115 2205 1229 2249 nec
1290 2206 1414 2248 non
1477 2184 1855 2261 Lachetem,
1919 2187 2023 2249 cui
2080 2187 2241 2250 item
2302 2205 2380 2248 ex
2442 2182 2662 2248 Sicilia
2723 2182 2950 2247 reduci

567 2288 900 2376 peculatus
939 2292 1177 2355 crimen
1216 2292 1604 2354 intentatum
1643 2291 1884 2367 fuerat,
1929 2296 2071 2377 post
2097 2286 2350 2355 Cleonis
2374 2298 2644 2353 mortem
2669 2308 2950 2374 magnas

568 2397 635 2459 in
684 2393 1006 2479 republica
1052 2398 1258 2481 egisse
1305 2402 1514 2480 partes
1560 2400 1855 2462 sciamus.

660 2499 1001 2585 Sophocles
1061 2504 1270 2588 igitur
1327 2504 1381 2565 is
1402 2550 1418 2578 ,
1468 2505 1579 2587 qui
1629 2502 1796 2587 apud
1841 2501 2281 2589 Thucydidem
2330 2500 2715 2567 Sostratidae
2761 2498 2946 2565 filius

566 2614 849 2683 vocatur,
918 2612 1167 2691 praetor
1222 2607 1347 2670 fuit
1394 2606 1491 2671 Ol.
1543 2606 1650 2683 88,
1680 2606 1718 2671 3
1767 2617 1832 2673 et
1880 2608 1941 2684 4,
1989 2611 2056 2672 in
2105 2606 2371 2672 exilium
2419 2607 2644 2693 pulsus
2693 2614 2788 2671 est
2834 2604 2948 2669 01.

568 2710 677 2790 89,
710 2712 767 2789 1,
831 2719 973 2797 post
1028 2710 1279 2779 Cleonis
1326 2718 1544 2778 autem
1593 2720 1868 2801 mortem
1915 2712 2010 2778 Ol.
2063 2712 2168 2789 89,
2199 2712 2238 2777 3
2290 2734 2439 2778 eum
2488 2712 2748 2777 rediisse
2796 2732 2950 2776 con-

568 2824 943 2883 sentaneum
1004 2824 1119 2883 est.
1184 2818 1436 2884 Niciam
1499 2840 1652 2885 vero
1717 2820 2115 2907 Olympiadis
2181 2818 2266 2884 88
2330 2821 2510 2883 annis
2554 2820 2764 2904 primo
2785 2867 2802 2895 ,
2849 2838 2952 2882 se-

569 2924 807 3002 cund0,
895 2931 1117 3010 quarto
1204 2932 1560 3011 strategum
1635 2926 1830 2991 fuisse
1901 2930 2138 2990 scimus
2209 2923 2436 3007 (Thuc.
2507 2922 2602 2987 111
2674 2923 2780 3000 51,
2828 2920 2948 2999 91,

569 3029 656 3096 IV
703 3028 838 3114 27),
887 3036 951 3094 et
997 3034 1183 3097 tertio
1232 3052 1479 3117 quoque
1524 3052 1684 3097 anno
1731 3032 1953 3097 eodem
1993 3052 2256 3097 munere
2294 3031 2584 3095 functum
2627 3050 2760 3094 esse
2801 3032 2944 3093 veri

570 3148 667 3202 est
724 3136 1168 3215 simillimum3
1234 3158 1385 3224 ergo
1446 3136 1760 3224 collegam
1819 3142 1886 3203 in
1948 3146 2241 3223 praetura
2303 3137 2517 3202 Nicias
2561 3136 2787 3200 habuit
2833 3134 2950 3201 So-

569 3242 864 3330 phoclem
923 3242 1118 3308 illum
1179 3244 1256 3308 de
1315 3266 1438 3329 quo
1486 3242 1889 3330 Thucydides
1937 3244 2242 3330 loquitur,
2294 3264 2406 3307 nec
2454 3241 2722 3307 dubium
2769 3242 2948 3306 vide-

572 3356 679 3413 tur
725 3352 879 3435 quin
926 3349 1112 3414 ambo
1158 3347 1355 3431 simul
1399 3349 1668 3414 Athenis
1715 3350 1970 3414 fuerint.

661 3457 749 3520 At
808 3463 1066 3540 poetam
1112 3455 1490 3540 Sophoclem
1535 3456 1657 3520 hoc
1704 3462 1987 3541 tempore
2015 3454 2068 3540 ⁵¹)
2117 3454 2334 3519 Niciae
2381 3452 2697 3541 collegam
2746 3454 2944 3518 fuisse

572 3559 955 3626 Plutarchus
1003 3561 1158 3625 dicit
1202 3561 1339 3626 loco
1386 3580 1578 3647 supra
1627 3564 1876 3647 saepius
1922 3564 2134 3626 citato,
2186 3598 2270 3609 —-
2319 3558 2467 3623 Utri
2514 3558 2763 3625 credere
2809 3579 2948 3622 ma-

572 3666 807 3744 vultis,
872 3662 1191 3745 Quirites?
1254 3664 1653 3754 Thucydidi,
1718 3670 1868 3731 testi
1915 3665 2163 3731 oculato
2183 3714 2198 3742 ,
2248 3686 2328 3729 an
2373 3663 2718 3729 Plutarcho
2738 3714 2754 3741 ,
2802 3686 2944 3729 sero

572 3776 721 3837 nato
790 3772 1036 3837 homini
1056 3821 1072 3849 ,
1142 3775 1255 3857 qui
1319 3793 1395 3836 ex
1460 3770 1693 3858 Satyro
1756 3779 1870 3836 aut
1931 3769 2224 3858 Carystio
2289 3770 2686 3856 Pergameno
2734 3766 2944 3857 sapit?

572 3878 825 3944 Dixeris
872 3878 1139 3943 dubium
1186 3900 1311 3943 non
1358 3899 1491 3943 esse
1538 3881 1747 3943 utrius
1793 3881 1995 3943 maior
2042 3880 2128 3942 sit
2171 3876 2344 3942 fides.

641 4106 689 4167 1)
736 4107 805 4154 De
837 4104 934 4154 alio
967 4106 1173 4170 quodam
1206 4106 1481 4169 Pythodoro
1518 4120 1788 4155 sermonem
1821 4121 1920 4155 esse
1954 4122 2046 4155 non
2083 4110 2154 4153 est
2188 4121 2275 4154 cur
2309 4105 2618 4170 suspicemur,
2654 4120 2940 4169 quamqua-

574 4186 865 4237 Muellerum
910 4186 1265 4252 Struebingium
1308 4188 1357 4237 id
1401 4189 1696 4238 contendisse
1731 4188 1994 4252 (At-iatoph.
2029 4203 2074 4252 p.
2114 4188 2214 4237 630
2248 4191 2295 4236 et
2331 4190 2465 4235 Stant
2499 4187 2585 4235 der
2620 4187 2734 4237 Ath.
2769 4203 2814 4252 p.
2849 4186 2942 4251 87)

572 4284 668 4318 non
703 4269 871 4319 nescio.
910 4271 1203 4334 Argumenta
1238 4270 1467 4320 desidero.

640 4350 696 4414 2)
732 4351 898 4401 Niciae
934 4356 1230 4417 praeturam,
1266 4368 1408 4415 quam
1444 4352 1732 4402 Plutarchus
1766 4356 1968 4417 spectet,
2010 4352 2060 4401 iu
2097 4350 2208 4400 beni
2243 4365 2422 4399 annum
2457 4350 2682 4401 decimu
2698 4350 2936 4415 apti-nm

572 4432 763 4495 adero,
798 4450 885 4485 cur
915 4438 1098 4484 statuat
1131 4433 1323 4483 Schultz
1354 4433 1406 4483 in
1441 4433 1541 4483 vita
1577 4435 1826 4500 Sophoclis
1861 4450 1910 4501 1³.
1944 4435 2026 4493 48,
2065 4449 2138 4483 mc
2173 4432 2364 4499 quidem
2400 4432 2539 4497 fugit.
