3192 5009
498 345 629 414 378
1317 371 1398 418 nr.
1447 371 1716 418 ramme
1762 370 2056 418 nomme.

493 533 756 600 effatum
803 556 914 621 per
960 540 1162 603 totius
1207 537 1383 601 urbis
1427 538 1768 602 circuitum
1814 557 1978 622 pone
2016 557 2235 603 muros
2274 537 2639 624 regionibus
2678 539 2869 602 certis

494 641 1020 718 determinatus’'.

589 747 719 815 Cic.
769 749 897 835 leg.
948 748 1010 814 2.
1039 749 1101 815 8.
1129 749 1216 816 20
1241 770 1366 836 sq.:
1410 757 1741 836 (augures)
1778 750 2126 835 urbemque
2167 755 2233 815 et
2278 771 2463 838 agros
2510 757 2575 816 et
2620 749 2868 836 templa

491 853 758 923 liberata
804 862 868 921 et
915 855 1096 921 effata
1142 857 1492 934 babento”;
1540 858 1585 920 i.
1614 877 1667 920 e.
1718 876 1996 941 augures
2044 863 2408 922 asservanto
2448 855 2759 922 formulae
2797 859 2870 920 in

493 961 724 1045 quibus
788 961 1226 1026 describuntur
1287 961 1440 1026 fines
1501 961 1625 1026 loci
1670 965 1841 1026 muri
1858 983 1874 1040 ;
1924 963 1987 1026 hi
2040 961 2197 1028 fines
2216 1013 2233 1042 ‚
2284 966 2395 1049 qui
2440 963 2517 1028 ab
2562 965 2871 1028 interiore

493 1074 670 1153 parte
717 1067 912 1132 simul
955 1073 1105 1131 sunt
1149 1067 1302 1132 fines
1346 1068 1558 1146 urbia,
1607 1068 1684 1132 ab
1731 1071 2041 1134 exteriore
2088 1077 2267 1155 parte
2306 1077 2458 1135 sunt
2496 1068 2650 1134 fines
2688 1090 2875 1156 agro-

491 1194 669 1249 rum,
717 1173 1132 1259 designantur
1175 1172 1502 1238 vocabulis
1552 1174 1745 1251 „urbe
1792 1182 1855 1239 et
1900 1174 2121 1260 agri’';
2170 1179 2239 1238 in
2286 1176 2385 1240 his
2424 1174 2718 1239 formulis
2756 1196 2873 1239 no-

491 1281 791 1344 minatim
828 1279 1350 1366 significabantur
1387 1279 1667 1344 aedificia
1704 1280 1946 1344 urbana
1985 1280 2287 1346 nonnulla
2309 1283 2481 1345 intra
2502 1283 2875 1366 pomerium

491 1387 650 1462 sita,
725 1391 788 1450 et
858 1389 1001 1472 agri
1061 1385 1334 1450 confines
1396 1391 1574 1451 extra
1636 1389 1998 1470 pomerium
2062 1389 2189 1451 siti.
2242 1387 2523 1465 „Urbem
2569 1394 2633 1452 et
2678 1407 2879 1473 agros

492 1491 750 1554 liberata
809 1491 1059 1554 haberd’
1127 1499 1222 1556 est
1291 1501 1735 1578 „prospectum
1783 1513 1859 1556 ex
1907 1513 2046 1556 arce
2091 1495 2159 1556 in
2206 1495 2596 1578 pomerium,
2647 1492 2755 1557 vel
2798 1495 2881 1556 in

496 1618 569 1662 ea
614 1596 897 1663 aedificia
940 1597 1180 1661 urbana
1229 1617 1388 1681 quae
1435 1600 1793 1682 pomerium
1840 1597 2187 1674 definiunt,
2237 1600 2663 1684 pertinentem
2681 1647 2699 1675 ‚
2748 1600 2879 1661 im-

497 1709 824 1769 mutatum
887 1725 1135 1769 servare
1154 1751 1169 1780 ,
1233 1727 1306 1766 ne
1368 1704 1516 1788 quid
1556 1703 1843 1786 auspiciis
1888 1704 2134 1767 urbanis
2172 1705 2432 1786 officiat”
2462 1704 2639 1784 ·(vid.
2688 1725 2876 1789 supr.

499 1831 644 1897 pag.
696 1809 826 1874 365
851 1817 1003 1896 sq.);
1073 1811 1339 1886 „urbem
1403 1815 1467 1874 et
1529 1830 1714 1896 agros
1776 1809 1963 1894 effata
2024 1809 2275 1872 haber-&³
2338 1808 2503 1874 nihil
2550 1808 2727 1874 aliud
2772 1815 2885 1874 eet

497 1938 690 2002 quam
740 1915 996 1993 „locum
1042 1919 1214 1980 muri
1261 1914 1520 1980 effatum
1563 1915 1860 1980 habere”.

587 2022 660 2086 In
719 2022 982 2107 reliquis
1045 2022 1302 2107 templis
1368 2021 1627 2087 effandis
1647 2071 1663 2100 ,
1729 2024 1883 2107 quin
1930 2021 2153 2086 eodem
2202 2021 2390 2087 modo
2438 2025 2601 2086 rat-io
2647 2022 2883 2086 habita

495 2133 581 2194 sit
627 2129 972 2194 fundorum
1015 2137 1130 2193 aut
1177 2128 1611 2194 aedificiorum
1656 2128 2081 2193 adiacentium
2100 2177 2115 2205 ,
2158 2127 2437 2193 dubitari
2473 2149 2598 2192 non
2638 2135 2880 2212 potest,

495 2237 789 2322 quamvis
837 2237 1198 2300 testimonia
1243 2233 1470 2299 desint.

585 2340 975 2405 Huiusmodi
1022 2339 1445 2406 formularum
1509 2347 1692 2426 (quas
1741 2342 1927 2426 effata
1974 2339 2173 2406 dictae
2218 2342 2415 2407 fuisse
2460 2342 2638 2406 docet
2686 2340 2881 2406 locus

499 2446 706 2512 Servii
755 2446 942 2512 modo
989 2446 1286 2513 laudatus
1335 2453 1398 2511 et
1443 2445 1621 2511 Varr.
1671 2447 1762 2512 1.1.
1815 2445 1875 2510 6.
1906 2446 2026 2511 53:
2080 2447 2303 2526 „hinc‚
2354 2470 2391 2512 a
2436 2449 2641 2526 fando,
2682 2449 2883 2532 effata

497 2555 868 2634 dicuntur'’)
915 2553 1041 2618 duo
1087 2553 1446 2640 frag-menta
1494 2553 1679 2618 valde
1729 2553 2166 2618 memorabilia
2212 2554 2390 2619 nobis
2437 2555 2737 2640 praebent
2784 2563 2885 2618 ta-

497 2659 682 2725 bulae
721 2658 1048 2746 Iguvinae.
1099 2658 1174 2722 In
1221 2658 1438 2724 tabula
1485 2658 1573 2722 VI
1620 2659 1779 2724 duae
1828 2659 2139 2724 eiusmodi
2184 2659 2495 2726 formulae
2541 2659 2875 2746 leguntur,

493 2770 763 2830 insertae
811 2765 976 2850 quod
1024 2785 1244 2830 earum
1293 2767 1454 2829 ratio
1501 2763 1721 2828 haberi
1769 2764 2022 2830 deberet
2061 2765 2137 2830 ab
2175 2786 2248 2830 eo
2288 2769 2398 2851 qui
2438 2768 2883 2852 auspicaretur

495 2871 633 2950 (cfr.
697 2871 1009 2936 Mnemos.
1065 2869 1256 2935 1890.
1313 2869 1394 2935 18
1439 2891 1585 2956 pag.
1638 2869 1820 2950 248).
1888 2869 2107 2936 Altera
2151 2870 2265 2951 (VI
2310 2875 2367 2936 A
2414 2870 2665 2952 8—12)
2728 2893 2881 2936 con-

497 2982 658 3042 tinet
717 2977 1206 3064 descriptionem
1252 2976 1479 3040 finium
1525 2975 1701 3040 iilius
1754 2976 2018 3063 templi,
2064 2979 2133 3041 in
2182 2998 2306 3062 quo
2352 2978 2722 3042 versabatur
2768 2977 2883 3042 fla-

496 3107 640 3150 men
667 3087 777 3168 qui
801 3087 1146 3169 expiationi
1169 3083 1582 3163 (lustrationi)
1608 3086 1769 3148 arcis
1792 3089 2111 3168 praeerat;
2140 3083 2339 3148 altera
2358 3083 2471 3164 (VI
2494 3088 2551 3149 A
2580 3083 2878 3164 12-15)

497 3191 750 3277 praebet
817 3189 1307 3274 descriptionem
1375 3191 1662 3274 pomerii.
1734 3189 1873 3254 Hae
1944 3188 2251 3254 formulae
2271 3240 2287 3267 ,
2358 3193 2481 3255 etsi
2548 3212 2624 3254 ex
2686 3190 2877 3255 libris

495 3295 982 3361 sacerdotalibus
1027 3297 1264 3379 petitae
1313 3317 1444 3359 esse
1491 3294 1810 3372 videntur,
1862 3303 2077 3360 tamen
2121 3316 2247 3360 non
2292 3294 2592 3359 videntur
2638 3295 2877 3362 referre

496 3405 630 3487 ipsa
679 3402 897 3486 effata;
946 3422 1022 3464 ex
1063 3401 1165 3465 hie
1201 3422 1400 3484 pauca
1439 3408 1733 3484 excerpta
1774 3409 1921 3465 sunt
1943 3450 1958 3477 ,
1999 3400 2109 3465 sed
2148 3400 2313 3465 nihil
2354 3405 2681 3467 omittitur
2702 3403 2875 3487 quod

497 3511 803 3592 pertineat
867 3506 947 3571 ad
1011 3515 1249 3570 tractus
1309 3505 1628 3572 linearum
1692 3509 2031 3593 (regiones)
2094 3506 2443 3571 secundum
2508 3506 2647 3572 loca
2708 3507 2877 3572 adia-

496 3616 700 3678 centia
745 3611 1149 3677 definiendoe.
1197 3611 1293 3675 Ex
1343 3616 1550 3697 priore
1597 3612 1873 3677 formula
1920 3619 2216 3698 apparet,
2266 3612 2585 3698 templum
2628 3616 2699 3678 in
2744 3635 2873 3699 quo

495 3733 856 3784 versaretur
901 3719 1130 3782 flamen
1180 3718 1372 3782 fuisse
1422 3719 1806 3803 quadratum
1825 3769 1842 3796 ,
1892 3732 1952 3783 et
2002 3741 2208 3784 unum
2254 3719 2427 3784 latus
2466 3723 2605 3784 eiua
2642 3721 2875 3807 templi

495 3825 712 3890 cadere
781 3827 848 3886 iu
911 3831 1159 3909 partem
1217 3823 1448 3888 limitis
1509 3828 1829 3890 interioris
1894 3829 2163 3910 pomerii
2226 3825 2395 3904 (finis
2442 3826 2695 3906 urbici),
2744 3848 2873 3911 quo

495 3931 684 3996 fiebat
719 3939 794 3994 ut
833 3929 990 3994 duos
1037 3927 1305 4014 angulos
1347 3937 1601 3993 tantum
1643 3930 1889 3995 definiri
1932 3951 2092 4016 opus
2142 3939 2325 3996 esset.
2376 3930 2467 3995 Hi
2512 3931 2737 4018 ang-uli
2782 3931 2878 3997 di—

492 4043 726 4102 cuntur
787 4035 935 4096 imus
996 4045 1057 4097 et
1119 4056 1404 4110 «γαιηγενῆ
1467 4035 1671 4101 lineae
1722 4038 1799 4102 ab
1846 4041 1937 4102 eis
1980 4038 2059 4101 ad
2105 4040 2465 4122 pomerium
2510 4037 2734 4103 ductae
2778 4061 2879 4104 re-

491 4145 702 4209 ferunt
747 4139 948 4204 latera
993 4139 1222 4224 templi
1269 4139 1566 4206 dextrum
1616 4149 1681 4207 et
1728 4145 2095 4220 sinistrum;
2144 4143 2311 4208 linea
2357 4164 2481 4228 qua
2526 4145 2654 4229 ipsi
2700 4148 2875 4210 inter

489 4271 556 4316 se
618 4252 980 4334 iunguntur
1039 4245 1292 4330 praebet
1357 4260 1659 4331 quartum
1720 4247 1891 4312 latus
1952 4247 2199 4334 templi.
2262 4247 2437 4313 Haec
2496 4248 2625 4314 duo
2672 4271 2877 4337 ang-u-

491 4357 706 4422 lorum
777 4362 1010 4438 puncta
1081 4359 1297 4416 autem
1369 4351 1757 4419 definiuntur
1822 4353 1978 4419 locis
2054 4363 2163 4420 aut
2228 4355 2528 4420 aedificiis
2592 4356 2877 4422 adiacen-

491 4464 664 4528 tibus
751 4461 1137 4524 nominatim
1223 4457 1568 4545 designatis
1590 4510 1606 4537 ,
1695 4482 1853 4546 quae
1940 4465 2033 4526 ita
2118 4465 2253 4546 ipsa
2344 4483 2593 4547 quoque
2686 4463 2875 4530 effata
