3192 5009
537 319 668 392 326
1466 341 1981 392 mnornmmus.

625 508 784 574 Ibid.
847 508 949 572 καὶ
1015 510 1262 582 πίθηκον
1323 507 1540 586 θρέψαι
1605 509 1785 581 δεινὸς
1851 509 1957 574 καὶ
2022 510 2349 590 πίτυρον
2410 510 2753 584 κτήσασθαι
2800 510 2923 572 καὶ

536 615 866 688 Σικελικὰς
921 616 1238 694 περιςερας
1303 616 1406 678 καὶ
1470 615 1841 693 δορκαδείους
1888 618 2313 697 α’ςραγοὶλους.
2358 616 2486 682 Hic
2534 615 2767 702 duplex
2810 625 2929 680 est

532 724 822 800 offensio,
871 742 1075 807 quum
1122 723 1355 800 τίτυρος
1401 721 1632 787 itidem
1680 722 1927 797 πίθηκος
1979 723 2173 789 fuisse
2220 723 2487 802 dicatur,
2538 723 2648 789 sed
2686 722 2923 800 μικρὸν

533 829 692 910 ἔχων
733 829 930 910 οὐράν,
971 849 1086 893 nec
1123 829 1279 893 satis
1317 836 1618 913 appareat
1656 850 1770 893 cur
1806 829 1998 895 homo
2038 832 2295 916 ineptus
2335 832 2579 904 πίθηκον
2622 829 2923 905 θρέψαι

527 935 751 1012 malit,
820 933 930 999 sed
998 933 1463 1007 κτήσασθαι
1536 935 1767 1012 πίτυρον
1837 955 1988 1000 cum
2050 935 2386 1004 columbis·
2458 935 2630 1001 Hinc
2691 935 2927 1000 Antius

526 1042 721 1106 verba
761 1043 1148 1126 transposuit
1184 1049 1248 1105 et
1286 1039 1524 1106 delevit
1561 1041 1836 1115 πίθηκον·
1881 1042 2212 1107 commode
2249 1041 2508 1128 quidem
2528 1089 2545 1116 ‚
2584 1041 2696 1107 sed
2717 1042 2925 1106 nimis

529 1165 805 1233 operose.
877 1145 1081 1211 Paulo
1151 1145 1354 1212 lenior
1420 1153 1519 1212 est
1588 1147 1921 1214 Ribbeckii
1988 1151 2154 1214 ratio
2172 1196 2189 1226 ‚
2253 1150 2367 1232 qui
2426 1149 2657 1214 itidem
2720 1147 2923 1213 verba

528 1254 884 1339 transponit
952 1250 1062 1317 sed
1128 1258 1203 1316 ut
1273 1255 1530 1318 simiam
1600 1256 1801 1338 possit
1860 1273 2112 1319 servare
2130 1301 2147 1330 ,
2214 1255 2449 1333 ‘riv-upon
2510 1251 2803 1318 eliminat
2847 1257 2925 1316 et

530 1361 781 1444 reponit
840 1359 1109 1437 τέταρον,
1172 1359 1339 1443 quod
1400 1365 1499 1424 est
1558 1358 1849 1443 phasiani
1896 1379 2119 1446 genus.
2169 1358 2460 1426 Fortasse
2503 1361 2923 1445 transpositio

533 1487 659 1531 non
703 1467 1054 1531 necessaria
1100 1467 1239 1529 erit.
1310 1463 1489 1544 Quod
1533 1464 1753 1530 Alexis
1799 1464 1979 1530 docet
2024 1465 2195 1551 apud
2238 1466 2473 1530 Athen.
2522 1464 2619 1529 IX
2665 1487 2728 1550 p.
2778 1463 2915 1530 395

526 1570 774 1638 Siculas
833 1569 1158 1636 columbas
1205 1570 1362 1634 domi
1407 1569 1694 1648 alebant,
1745 1577 1925 1636 metu
1973 1570 2156 1637 credo
2202 1593 2281 1637 ne
2327 1571 2695 1638 avolarent:
2754 1595 2921 1649 περι-

524 1681 703 1757 ςεροὶς
769 1676 926 1742 ἔνδον
989 1675 1224 1754 τρέφων
1271 1679 1388 1739 τῶν
1435 1683 1765 1742 Σικελικῶν
1817 1679 2041 1742 τούτων
2088 1677 2251 1744 πάνυ
2280 1715 2365 1725 -
2392 1678 2667 1756 κομψάς.
2738 1677 2919 1743 Hinc

522 1785 788 1849 coniicio
851 1802 1081 1849 verum
1147 1801 1315 1846 esse:
1382 1783 1484 1846 καὶ
1553 1781 1947 1860 πέτευρον
2010 1783 2357 1858 κτήσασθαι
2414 1784 2520 1848 καὶ
2572 1785 2911 1852 Σικελικὰς

524 1887 881 1969 περιςεροὶς·
943 1892 1039 1952 est
1106 1889 1280 1951 enim
1343 1909 1462 1953 sec.
1527 1887 1934 1975 Hesychium
1982 1888 2263 1968 πέτευρον
2314 1889 2524 1967 σανὶς,
2574 1889 2679 1967 ἐφ’
2728 1887 2791 1965 ἧς
2844 1890 2915 1952 αἱ

523 1993 734 2073 ὄρνιθες
806 2000 1169 2071 κοιμῶνται,
1229 1993 1338 2059 sed
1401 1992 1599 2059 latius
1661 2000 1837 2079 patet
1898 1994 2278 2082 significatio
2342 1995 2512 2081 apud
2554 1995 2873 2060 Photium
2892 2044 2911 2072 ,

523 2104 630 2167 cui
691 2102 970 2179 πέτευρον
1030 2105 1126 2165 est
1187 2105 1316 2164 πᾶν
1377 2101 1446 2165 τὸ
1510 2102 1743 2177 μακρὸν
1803 2101 1905 2164 καὶ
1973 2102 2408 2170 ὑπόπλατυ
2454 2101 2560 2174 καὶ
2609 2102 2913 2178 μετέωρον

522 2207 724 2284 ξύλον.
787 2205 1148 2292 Diligenter
1209 2205 1285 2271 de
1345 2205 1464 2272 hoc
1520 2205 1829 2272 vocabulo
1894 2203 2169 2274 Coranus
2228 2205 2453 2272 retulit
2498 2205 2767 2271 Ἀτάκτ.
2818 2205 2913 2270 IV

521 2338 585 2402 p.
638 2313 790 2379 419.

616 2418 769 2507 Cap.
823 2420 884 2485 6.
936 2419 1248 2490 ἀπονοίας.

614 2528 866 2597 δυνατὸς
934 2526 1040 2589 καὶ
1103 2526 1415 2606 ὀρχεῖσθαι
1479 2526 1683 2604 νήφων
1745 2527 1846 2592 τὸν
1894 2524 2162 2603 κόρδακα
2212 2525 2347 2588 καὶ
2399 2534 2911 2605 προσωπεῖον

523 2632 682 2716 ἔχων
747 2633 806 2696 ἐν
869 2633 1111 2709 κωμικῷ
1161 2633 1341 2712 χορῷ.
1391 2631 1600 2697 Arena.
1646 2633 1780 2697 sine
1827 2631 2029 2710 calce,
2078 2653 2192 2698 nec
2237 2631 2525 2698 multum
2570 2631 2913 2716 proficitur

519 2737 876 2807 Oasauboni
920 2741 1279 2804 coniectura
1295 2785 1312 2815 ,
1361 2740 1474 2821 qui
1520 2740 1624 2802 οὐκ
1674 2737 1835 2819 ἔχων
1882 2737 2353 2806 commendavit
2369 2786 2387 2816 ‚
2451 2736 2558 2802 vel
2602 2735 2913 2825 Ussingis

515 2849 627 2932 qui
673 2849 760 2921 μὴ
809 2843 970 2925 ἔχων
1016 2843 1284 2920 maluit,
1331 2864 1481 2907 nam
1527 2850 1625 2908 est
1662 2843 1921 2930 quidem
1961 2865 2189 2910 verum
2206 2891 2223 2921 ,
2265 2863 2450 2930 saepe
2488 2845 2913 2930 negationem

515 2953 820 3018 excidisse
840 3000 855 3029 ,
893 2950 1026 3016 ‘sed
1089 2948 1362 3014 elumbis
1419 2953 1735 3015 sententia
1796 2955 1926 3028 est,
1976 2971 2168 3037 quam
2212 2955 2291 3015 ut
2336 2958 2573 3028 vertas,
2620 2971 2915 3016 necessa—

515 3063 689 3125 rium
746 3061 867 3124 erit
927 3057 1122 3123 verba
1181 3061 1586 3143 transponere
1606 3105 1623 3135 ,
1688 3057 2227 3143 quemadmodum
2276 3055 2551 3124 Coraeus
2596 3055 2784 3123 fecit:
2836 3059 2915 3122 12

517 3173 604 3231 est
649 3164 894 3247 capable
938 3164 1012 3226 de
1053 3185 1117 3226 se
1161 3159 1358 3240 maer,
1407 3185 1548 3226 sam
1591 3185 1829 3248 masque
1874 3187 2012 3228 avec
2054 3187 2135 3228 un
2182 3165 2394 3228 chaeur
2439 3165 2513 3227 de
2548 3160 2907 3242 comestione,

516 3279 574 3336 et
634 3273 709 3335 de
770 3271 987 3334 clamer
1031 3290 1171 3332 avec
1215 3291 1329 3332 cuc·
1375 3269 1439 3331 la
1485 3270 1731 3333 cordace
1780 3271 1855 3334 de
1897 3269 2248 3356 sanyfroid
2291 3277 2348 3333 et
2390 3291 2533 3334 sam
2577 3266 2701 3334 Stre
2744 3269 2903 3334 ivre.

514 3375 748 3442 Videor
815 3375 979 3440 mihi
1045 3373 1403 3461 intelligere
1474 3374 1630 3460 quid
1699 3374 1906 3441 dicere
1974 3377 2246 3461 scriptor
2314 3375 2638 3441 debuerit:
2724 3375 2904 3461 quod

512 3485 846 3549 choreutae
895 3483 1078 3566 eique
1125 3486 1460 3565 personato
1508 3483 1623 3545 vix
1673 3481 2059 3559 conceditur,
2104 3480 2173 3546 id
2211 3484 2380 3548 inter
2418 3482 2657 3546 amicos
2696 3483 2903 3547 etiam

513 3591 762 3656 sobrius
808 3587 999 3652 faciet
1045 3587 1072 3649 ὃ
1123 3586 1611 3660 ἀπονενοημένος.
1661 3586 1731 3652 Id
1781 3587 2095 3672 quomodo
2142 3583 2616 3653 obtinebimus?
2691 3585 2900 3654 Credo

513 3697 636 3762 sic:
700 3693 956 3762 δυνατὸς
1023 3691 1124 3756 καὶ
1191 3691 1498 3771 ὀρχεῖσθαι
1561 3693 1765 3769 νήφων
1813 3696 1914 3756 τὸν
1964 3692 2229 3771 κόρδακα
2293 3689 2503 3758 ὥσπε
2520 3716 2551 3772 ρ
2613 3717 2901 3773 προσω-

517 3809 742 3867 πεῖον
829 3797 992 3879 ἔχων
1079 3798 1138 3861 ἐν
1223 3799 1464 3879 κωμικῷ
1532 3800 1713 3879 χορῷ.
1782 3797 1978 3863 Haud
2048 3798 2360 3866 dissimile
2430 3804 2527 3865 est
2598 3800 2897 3872 ἀπονοίας

515 3905 882 3992 exemplum
950 3901 1119 3989 apud
1185 3902 1681 3969 Demosthenem
1742 3903 1819 3970 de
1878 3903 1950 3970 F.
1998 3903 2072 3968 L.
2132 3901 2343 3990 §287‚
2407 3905 2521 3970 ubi
2567 3901 2895 3992 Oyrebion

513 4013 749 4078 dicitur
794 4016 856 4077 ἐν
902 4019 1045 4082 ταῖς
1093 4018 1375 4087 πομπαῖς
1425 4007 1570 4075 ἄνευ
1618 4016 1723 4076 τοῦ
1771 4011 2086 4089 προσώπου
2135 4012 2447 4086 κωμάσαι.

603 4116 761 4183 Ibid.
833 4117 938 4180 καὶ
1011 4117 1070 4180 ἐν
1131 4117 1407 4194 θαύμασι
1471 4117 1533 4180 δὲ
1594 4117 1733 4188 τοὺς
1797 4121 2080 4198 χαλκοῦς
2146 4117 2420 4196 ἐκλέγειν
2482 4115 2619 4181 καθ’
2668 4113 2892 4186 ἕκαςον

511 4223 809 4303 παριὼν
858 4223 962 4286 καὶ
1014 4221 1340 4303 μα’χεσθαι
1388 4227 1512 4292 τοῖς
1564 4223 1633 4287 τὸ
1682 4221 1997 4300 σύμβολον
2044 4222 2310 4304 φέρουσι.
2359 4223 2895 4310 Praestigiatoree

511 4335 662 4397 sunt
721 4331 834 4416 qui
894 4329 1122 4403 σκηνὰς
1187 4329 1500 4404 πηγνύασι
1566 4327 1707 4392 κατ’
1770 4329 2025 4406 ἀγοράν,
2072 4335 2149 4396 ut
2194 4333 2291 4396 est
2334 4327 2503 4414 apud
2544 4327 2889 4396 Platonem

511 4437 716 4524 Legg.
765 4433 884 4501 Vn
930 4431 1061 4500 817
1088 4431 1156 4514 Ο,
1221 4431 1446 4500 deinde
1503 4433 1697 4499 homo
1756 4437 2015 4521 ineptus
2076 4456 2220 4502 aera
2280 4433 2529 4522 colligit
2570 4456 2697 4500 non
2742 4437 2886 4502 καθ’
