3192 5009
532 215 620 282 88
1338 236 1421 282 nn
1472 237 1622 283 man
1671 234 2121 282 osnunmnm.

535 403 877 487 participes
941 422 1066 465 non
1129 400 1363 466 fiebant
1425 401 1666 466 tribuni
1711 400 1797 487 pl.
1849 405 1949 482 (ut
1993 401 2146 466 facti
2192 407 2344 465 sunt
2393 403 2506 486 qui
2555 399 2634 464 ab
2681 419 2740 465 a.
2791 399 2926 465 400

533 507 610 572 (13
680 506 865 593 plebe
936 507 1178 572 tribuni
1238 506 1523 572 militum
1590 529 1759 572 cons.
1815 512 1948 593 pot.
2016 509 2211 572 creati
2275 513 2472 586 sunt),
2525 509 2676 591 quia
2723 505 2927 571 solam

530 613 848 679 habebant
910 611 1137 677 auxilii
1200 611 1515 678 lationem
1561 613 1864 678 adversus
1912 612 2200 678 consules
2219 662 2235 691 ,
2287 620 2353 678 et
2399 612 2698 678 carebant
2746 614 2926 676 omni

531 721 803 805 imperio
866 724 931 783 et
990 722 1307 804 potestate
1370 719 1600 804 agendi
1633 717 1700 798 ¹).
1767 718 2000 784 Postea
2047 739 2199 784 vero
2219 767 2236 796 ,
2285 739 2437 784 cum
2483 738 2557 784 eo
2605 721 2927 803 pervenis-

530 830 671 891 sent
736 823 980 888 tribuni
1044 829 1121 888 ut
1189 826 1388 888 etiam
1462 824 1707 909 aliquid
1775 817 1964 912 agere
2025 832 2314 911 possent,
2380 825 2588 891 veluti
2637 824 2928 890 conciliis

531 930 736 1016 plebis
797 950 1116 1015 praeesse,
1184 936 1479 995 senatum
1538 931 1770 997 habere
1789 980 1807 1008 ,
1857 931 1982 996 alia
2000 981 2016 1009 ,
2066 931 2486 997 nihilominus
2539 937 2788 997 retenta
2833 937 2932 996 est

530 1037 647 1103 issa
710 1040 973 1122 antiqua
1021 1037 1306 1102 doctrina
1350 1040 1509 1102 iuris
1558 1041 1754 1115 sacri,
1804 1038 2345 1124 quemadmodum
2391 1042 2460 1103 in
2499 1037 2730 1103 multis
2779 1037 2930 1104 aliis

532 1144 721 1209 rebus
784 1143 1088 1209 Romanis
1134 1143 1327 1208 verbo
1373 1151 1437 1208 et
1486 1148 1619 1209 ritu
1666 1152 1952 1210 servatae
2001 1151 2152 1210 sunt
2199 1143 2462 1231 regulae
2503 1165 2714 1209 sacrae
2767 1147 2932 1208 anti-

534 1271 695 1336 quae
764 1271 921 1334 quas
983 1249 1149 1314 facto
1210 1256 1275 1314 et
1332 1253 1470 1316 iure
1530 1257 1850 1316 everterat
1908 1254 2010 1316 ius
2073 1250 2408 1335 publicum
2472 1251 2608 1329 (cfr.
2675 1249 2928 1314 Mnem.

538 1356 723 1420 XVII
769 1379 829 1442 p.
879 1355 1060 1436 440),
1124 1377 1327 1442 neque
1376 1379 1691 1443 umquam
1739 1360 2022 1443 auspicia
2069 1357 2302 1443 agendi
2351 1377 2543 1422 causa
2593 1358 2932 1442 impetrire

534 1465 925 1549 permissum
986 1470 1080 1528 est
1144 1462 1417 1527 tribunis
1473 1462 1677 1547 plebis
1703 1461 1792 1540 ἰ);
1859 1465 2011 1548 quin
2076 1465 2273 1528 etiam
2341 1483 2492 1527 cum
2555 1461 2632 1526 ab
2683 1481 2739 1526 a.
2793 1459 2930 1524 449

536 1589 821 1655 praeesse
882 1576 1138 1654 possent
1202 1572 1481 1634 comitiis
1543 1572 1917 1634 centuriatis
1977 1571 2058 1634 ad
2125 1570 2547 1646 exercendum
2610 1568 2936 1634 iudicium

536 1674 791 1762 populi,
842 1695 1002 1759 quae
1050 1678 1183 1739 sine
1232 1677 1533 1761 auspiciis
1581 1675 1800 1740 haberi
1850 1676 1943 1739 fas
1989 1697 2119 1740 non
2158 1682 2294 1740 erat
2313 1724 2329 1753 ‚
2374 1676 2721 1741 utebantur
2761 1696 2937 1761 spec-

533 1784 706 1846 tione
753 1801 949 1865 quam
992 1783 1084 1844 eis
1130 1780 1209 1844 ad
1254 1780 1323 1844 id
1368 1782 1587 1867 ipsum
1632 1781 2048 1846 mandaverat
2095 1780 2317 1845 consul
2363 1801 2475 1846 aut
2523 1787 2795 1866 praetor.
2842 1818 2931 1829 —

534 1889 885 1972 Postquam
933 1906 1082 1951 vero
1129 1907 1184 1951 a.
1239 1883 1367 1952 471
1420 1886 1593 1971 plebi
1641 1907 2009 1952 concessum
2050 1893 2146 1952 est
2164 1936 2180 1963 ,
2224 1893 2301 1951 ut
2341 1907 2488 1951 suos
2510 1889 2937 1973 magistratus

536 1997 649 2082 qui
720 1999 905 2058 antea
965 2013 1002 2057 a
1060 1991 1299 2078 populo
1365 1993 1741 2058 creabantur
1802 1996 1943 2078 ipsa
1989 1997 2230 2058 crearet
2277 1995 2342 2056 in
2392 1991 2676 2057 conciliis
2725 1991 2936 2076 plebis

532 2120 694 2187 quae
754 2119 791 2164 a
844 2098 1119 2163 tribunis
1163 2098 1369 2184 plebis
1415 2099 1803 2165 haberentur
1831 2097 1900 2180 ³),
1949 2101 2297 2163 creationes
2345 2098 2758 2163 tribunorum
2804 2097 2939 2184 ple—

530 2208 629 2272 bis
689 2207 888 2271 etiam
947 2208 1084 2270 sine
1148 2207 1450 2290 auspiciis
1504 2204 1729 2270 fierent
1773 2225 2022 2270 necesse
2073 2209 2209 2268 erat
2234 2204 2310 2284 ⁴),
2363 2225 2568 2289 neque
2615 2224 2938 2288 umquam

530 2319 751 2400 postea
790 2313 911 2378 hoc
958 2317 1289 2376 mutatum
1336 2316 1465 2388 est,
1514 2319 1590 2376 ut
1638 2311 1804 2375 clare
1852 2311 2081 2376 docent
2125 2317 2414 2375 auctores
2440 2312 2513 2391 ⁵).
2547 2347 2631 2357 —-
2661 2308 2938 2374 Tribuni

603 2542 655 2604 1)
701 2539 800 2588 Cfr.
848 2540 951 2588 Liv.
990 2540 1033 2586 6.
1058 2538 1216 2595 37.4;
1262 2539 1493 2596 2.88.1;
1538 2538 1637 2586 Cic.
1687 2537 1778 2602 leg.
1814 2537 1925 2590 ⁸7.
1955 2538 2030 2585 16.
2069 2563 2130 2574 —-
2168 2537 2226 2600 2)
2263 2537 2403 2585 Hanc
2441 2551 2541 2585 rem
2581 2535 2767 2601 primus
2806 2541 2941 2586 recto

530 2622 771 2689 perspexit
824 2623 1120 2679 Mommsen,
1177 2622 1311 2670 Rom.
1372 2621 1546 2670 Forach
1602 2622 1647 2668 1.
1685 2637 1790 2685 pag.
1831 2621 2114 2670 lob—19⁹.
2163 2620 2322 2682 Lange
2358 2619 2440 2683 (dc
2476 2619 2566 2681 leg.
2607 2619 2707 2668 Ael.
2742 2623 2791 2667 et
2825 2620 2937 2670 Fur.

530 2721 700 2755 comm.
734 2719 781 2770 p.
822 2704 885 2752 30
913 2725 960 2746 =
990 2704 1159 2752 Kleinc
1193 2703 1435 2752 Schriften
1476 2703 1500 2751 1
1540 2719 1646 2768 pag.
1686 2703 1803 2759 314,
1839 2701 1926 2751 csr.
1965 2703 2099 2750 Rom.
2141 2701 2239 2750 Alt.
2280 2702 2304 2750 1
2346 2717 2376 2765 p
2430 2700 2554 2763 830)
2591 2701 2649 2749 ad
2687 2717 2790 2748 eam
2831 2717 2940 2750 rem

530 2803 627 2836 non
664 2785 884 2834 adhibuit
916 2801 1019 2833 eam
1057 2785 1357 2847 diligentiam
1392 2800 1484 2848 qua
1520 2787 1766 2848 practerea
1800 2799 1938 2847 saepe
1974 2799 2084 2830 usus
2119 2785 2205 2830 eat.
2247 2783 2375 2830 Nam
2406 2797 2515 2830 cum
2547 2781 2770 2830 Tiberius
2789 2783 2940 2830 Grac·

529 2869 647 2918 chus
678 2883 707 2916 a
761 2868 856 2917 133
889 2866 1112 2916 tribunus
1147 2866 1229 2931 pL,
1266 2866 1392 2916 idem
1426 2866 1728 2916 tribunatum
1765 2871 1958 2930 petens,
1995 2869 2249 2929 antequam
2285 2864 2361 2913 die
2392 2863 2626 2914 creationi
2671 2864 2941 2914 constituto

529 2952 581 3000 in
634 2949 929 3015 Capitolium
981 2949 1260 2998 candidatus
1306 2950 1603 3008 ascenderet,
1652 2949 1780 2998 domi
1829 2948 2057 3012 privatim
2103 2946 2397 2996 consuluerit
2447 2945 2734 3010 pullarium,
2785 2961 2936 3010 quem

532 3049 693 3082 secum
730 3030 933 3080 habebat
966 3031 1078 3095 quia
1113 3035 1218 3080 erat
1252 3047 1361 3080 cum
1396 3031 1600 3096 imperio
1634 3034 1682 3078 et
1719 3034 1820 3078 erat
1857 3030 2082 3079 triumvir
2113 3030 2240 3093 agria
2268 3029 2536 3078 dividendis
2565 3028 2691 3094 (Liv.
2711 3029 2826 3093 cpit.
2850 3031 2941 3089 ⁶8,

531 3118 653 3179 App.
675 3114 819 3168 113.
850 3113 942 3161 Cic.
980 3113 1069 3176 leg.
1090 3128 1189 3177 agr.
1210 3113 1257 3162 2.
1282 3114 1357 3162 12.
1378 3114 1481 3174 31),
1519 3113 1688 3162 deinde
1722 3113 1772 3162 in
1811 3111 2106 3176 Capitolium
2143 3112 2336 3161 venicus
2369 3111 2707 3160 sacrificaverit
2742 3115 2791 3160 et
2821 3117 2936 3161 exta

531 3195 818 3261 inspexerit,
863 3211 917 3242 ax
968 3195 1047 3244 his
1093 3195 1317 3259 auspiciis
1352 3211 1379 3243 a
1414 3195 1629 3243 Graccho
1661 3195 1814 3260 captia
1851 3195 2008 3254 (ΡΜ).
2045 3193 2148 3243 Tib.
2185 3195 2268 3242 Gr.
2315 3194 2387 3252 17,
2428 3194 2532 3242 Val.
2573 3195 2705 3242 Max.
2745 3194 2788 3242 1.
2811 3193 2934 3256 5.2)

532 3279 691 3340 Lange
741 3278 923 3326 efficere
976 3292 1109 3342 posse
1153 3277 1242 3325 sibi
1290 3277 1417 3325 visua
1460 3281 1555 3335 est,
1607 3274 1826 3326 tribunos
1871 3275 2022 3341 plebia
2069 3275 2118 3324 in
2155 3276 2330 3339 leqibm
2353 3277 2583 3340 ferendis
2600 3278 2654 3338 (1)
2691 3290 2799 3324 ιιεοε
2829 3291 2934 3324 asae

532 3359 754 3423 auspiciis
796 3357 1084 3423 impetritia,
1136 3374 1287 3422 neque
1334 3359 1486 3422 magis
1534 3359 1876 3423 exquirendum
1927 3357 2016 3406 sibi
2051 3373 2150 3406 3333
2184 3357 2374 3422 putavit
2409 3357 2642 3421 numquid
2678 3358 2934 3406 interesset

530 3442 660 3490 iuter
704 3440 820 3503 leqt'e
862 3441 1087 3490 lationem
1132 3446 1179 3488 et
1228 3441 1541 3504 mayistratue
1575 3439 1858 3489 creationem
1873 3478 1886 3498 ,
1922 3455 2068 3503 quam
2102 3440 2230 3488 inter
2265 3439 2581 3488 candidatum
2620 3443 2670 3488 et
2702 3454 2811 3488 cum
2843 3440 2930 3502 qui

531 3522 727 3572 coneilio
756 3522 903 3584 plebis
930 3529 1180 3584 praeesset.
1222 3522 1329 3571 vid.
1364 3522 1509 3570 etiam
1552 3523 1734 3570 Muem.
1773 3521 1950 3571 XVIII
1983 3537 2027 3586 p.
2066 3521 2166 3570 424
2199 3537 2244 3570 n.
2281 3522 2323 3570 1.
2366 3548 2430 3557 —
2466 3523 2521 3585 8)
2559 3521 2661 3570 biv.
2695 3522 2741 3571 Β.
2763 3521 2926 3579 ‹··0.5;

533 3605 631 3653 Cio.
667 3603 757 3668 leg.
796 3604 841 3651 3.
864 3603 976 3651 8.9.
1022 3629 1090 3640 --
1132 3604 1190 3667 4)
1238 3603 1354 3651 Post
1388 3619 1428 3652 3.
1465 3602 1562 3653 471
1602 3602 1748 3652 semel
1781 3607 1973 3651 tautum
2009 3603 2189 3652 factum
2226 3606 2297 3651 est
2335 3606 2391 3651 ut
2427 3603 2670 3667 auspicato
2703 3617 2928 3652 crearen-

531 3689 615 3735 tur
664 3684 847 3734 tribuni
898 3683 1073 3749 plebis,
1119 3700 1147 3733 3
1199 3685 1313 3743 449,
1350 3684 1411 3732 'in
1462 3683 1670 3733 comitiis
1716 3684 1914 3732 curiatis
1951 3683 2122 3747 quibua
2155 3687 2376 3748 praeerat
2413 3685 2630 3748 pontifex
2663 3683 2930 3742 maximus,

532 3767 634 3817 Liv.
674 3769 719 3816 8.
742 3768 817 3818 54.
840 3768 869 3815 5
904 3770 953 3815 ct
988 3768 1018 3815 9
1053 3769 1103 3815 et
1142 3766 1228 3824 11;
1268 3767 1366 3814 Cic.
1402 3781 1491 3830 pro
1532 3765 1676 3814 Corn.
1717 3769 1822 3814 Aac.
1856 3782 1902 3830 p.
1943 3765 2021 3818 77.
2059 3765 2311 3830 Quomodo
2347 3780 2474 3814 anno
2510 3767 2608 3815 293
2643 3764 2794 3813 creati
2828 3764 2932 3814 sint

532 3849 717 3900 tribuni
758 3848 885 3912 (Liv.
926 3847 1104 3897 10.47.
1127 3849 1197 3909 1),
1246 3846 1494 3897 nescimus.
1543 3875 1611 3883 —
1647 3851 1700 3907 5)
1735 3847 1834 3896 Liv.
1874 3848 1920 3897 6.
1939 3847 2020 3896 41.
2044 3851 2103 3896 5:
2149 3846 2390 3912 „plebeius
2425 3848 2733 3910 magistratu·
2765 3847 2932 3898 nullut

534 3934 775 3996 auspicato
808 3929 1057 3989 creatur'';
1100 3930 1292 3994 Dionys.
1330 3933 1374 3979 9.
1396 3930 1460 3977 49
1497 3945 1543 3993 p.
1584 3928 1711 3981 1877
1749 3935 1810 3988 (ε.
1849 3929 1994 3989 471);
2031 3927 2122 3977 ἀπ’
2159 3925 2342 3977 ἐκείνου
2378 3931 2469 3978 τοῦ
2505 3931 2685 3990 χρόνον
2721 3931 2791 3977 τὰ
2827 3935 2932 3978 τῶν

534 4011 804 4074 δημάρχων
838 4012 924 4060 καὶ
957 4012 1273 4074 ἀγορανόμων
1312 4009 1617 4073 ἀρχαιρέσια
1653 4009 1804 4073 μέχρι
1840 4013 1932 4059 τοῦ
1965 4009 2071 4058 καθ’
2107 4008 2239 4070 ἡμᾶς
2273 4013 2453 4072 χρόνον
2491 4009 2621 4074 δίχα
2655 4009 2832 4059 οἰωνῶν
2861 4029 2924 4060 τε

534 4093 617 4143 κα)
653 4093 748 4150 τῆς
782 4091 944 4152 ἄλλης
980 4093 1183 4152 ὀττείας
1220 4092 1421 4150 ἁπάσης
1455 4093 1515 4140 αι*
1544 4091 1816 4155 φυλετικαὶ
1851 4091 2216 4156 ψηφοφοροῦσιν
2253 4088 2543 4148 imane-lau
2583 4093 2772 4157 Dionys.
2809 4094 2926 4143 10.4

535 4195 580 4244 p.
624 4177 771 4226 1991:
812 4174 930 4225 οὔτε
968 4177 1071 4237 ἱερὰ
1107 4173 1372 4233 προθύεται
1406 4177 1511 4231 τοῖς
1548 4172 1668 4232 θεοῖς
1707 4175 1796 4235 2723
1833 4179 1930 4222 τῶν
1959 4173 2308 4236 ἀρχαιρεσιῶν,
2333 4172 2370 4224 ἃ
2400 4175 2536 4224 κατὰ
2565 4176 2744 4235 νόμους
2769 4171 2926 4238 ὄχρῆν

533 4255 903 4316 &waremie-Oua,
938 4256 1055 4306 οὔτε
1089 4257 1221 4308 ἄλλο
1256 4262 1355 4306 τῶν
1392 4257 1508 4319 πρὸς
1544 4257 1662 4315 τοὺς
1697 4254 1830 4316 θεοὺς
1864 4253 2082 4319 εὐσεβῶν
2118 4293 2128 4305 .
2151 4292 2162 4306 .
2229 4254 2365 4306 own
2401 4251 2487 4310 ἐπὶ
2514 4258 2606 4316 τῆς
2635 4255 2799 4321 ἀρχῆς
2825 4257 2925 4316 τῆς

537 4339 783 4405 ὑμετέρας
816 4341 1029 4404 γίνεται.
