3192 5009
1376 350 1596 399 Puro.
1749 278 1752 281 ἢ
2547 330 2673 399 167

304 522 509 586 enim:
574 521 680 585 οὐκ
740 517 815 584 ἂν
878 518 1092 594 οἰηθείη
1154 521 1263 592 τὴν
1326 519 1437 593 μὲν
1504 517 1887 597 Φιλοσοφίαν
1949 522 2168 594 χρῆναι
2218 517 2438 588 ἑαυτὴν
2485 516 2672 601 λύειν,

306 627 559 700 λυούσης
611 628 675 691 δὲ
724 626 943 701 ἐκείνης
989 626 1182 700 αὐτην
1220 623 1617 705 παραδιδόναι
1660 632 1799 693 ταῖς
1845 623 2074 697 ἡδοναῖς
2119 622 2219 686 καὶ
2265 632 2498 694 λυπαῒς
2543 624 2678 687 ἑαυ-

300 735 411 808 τῆν
458 733 650 797 πάλιν
698 729 775 798 αὖ
821 731 1217 809 ἐγκαταδεῖν.
1265 731 1391 796 Pro
1440 730 1501 795 δὲ
1547 731 1776 803 ἐκείνης
1824 731 1893 793 111
1941 749 2085 814 pap.
2135 734 2233 794 est
2280 728 2563 803 δοκείνης.

394 838 729 924 Sequitur:
772 839 876 903 καὶ
920 839 1207 911 ἀνήνυτον
1250 835 1423 914 ἔργον
1465 835 1784 915 πράττειν,
1828 835 2186 910 Πηνελόπης
2228 838 2367 901 τινὰ
2395 836 2675 905 ἐναντίως

303 946 469 1012 ἱστὸν
512 969 677 1020 μετα
682 943 1117 1026 χειριζομένης.
1168 944 1278 1011 Sic
1324 943 1525 1031 vulgo
1573 942 1835 1030 leg-itur,
1885 947 1950 1006 et
1996 943 2085 1007 sic
2129 942 2320 1007 habet
2358 963 2640 1029 papyrus
2657 963 2674 1021 ;

302 1073 428 1117 non
472 1072 625 1139 ergo
671 1051 763 1116 ibi
804 1054 1135 1117 iuvenitur
1185 1050 1353 1135 quod
1396 1052 1581 1114 unice
1618 1070 1848 1114 verum
1887 1069 2022 1114 esse
2062 1048 2229 1114 vidit
2265 1047 2674 1136 Madvigius:

301 1155 905 1238 μεταχειριζομένην.

392 1262 463 1328 τὸ
525 1264 742 1337 ἀληθὲς
806 1262 910 1326 καὶ
974 1263 1043 1327 τὸ
1108 1262 1254 1326 θεῖον
1306 1261 1406 1326 καὶ
1453 1262 1523 1325 τὸ
1572 1259 1914 1337 ἀδόξαστον
1961 1258 2247 1337 θεωμένη.
2313 1260 2388 1324 111
2436 1281 2678 1347 papyro
2787 1272 2792 1277 '

302 1367 643 1444 ἀδόξαστον
690 1367 860 1434 111313
906 1390 1022 1433 3113
1072 1366 1341 1433 articulo
1388 1374 1576 1432 caret.

396 1476 483 1541 84
507 1475 579 1540 Β.
644 1474 750 1557 ζῆν
795 1499 866 1539 τε
914 1473 1106 1539 οἴεται
1157 1470 1305 1538 οὕτω
1358 1473 1479 1538 δεῖν
1526 1468 1633 1544 ἕως
1683 1472 1758 1539 ἂν
1807 1470 1876 1553 ζῇ
1927 1474 2056 1538 κτὲ.
2110 1471 2308 1559 Turpi
2355 1494 2563 1539 errore
2609 1476 2678 1538 in

303 1604 546 1669 papyro
607 1604 721 1668 pro
782 1581 887 1663 ζῆν
951 1587 1048 1646 est
1108 1580 1239 1663 ζῶν,
1304 1586 1369 1646 et
1427 1601 1541 1667 pro
1593 1577 1745 1645 οὕτω
1795 1579 1915 1645 δεῖν
1963 1582 2180 1645 minus
2227 1585 2394 1645 recte
2437 1579 2680 1667 legitur

305 1690 427 1755 δεῖν
471 1686 643 1755 οὕτω.

436 1823 489 1873 1..
526 1822 579 1871 B.
618 1822 663 1871 d.
700 1823 764 1871 24
802 1837 865 1871 m.
904 1822 1013 1870 Dec.
1050 1833 1423 1871 unoccnxxxxx.

1084 2055 1170 2101 AD
1218 2055 1513 2101 'mmmm
1555 2054 1908 2102 Runuomm

1336 2142 1425 2175 vsa.
1464 2128 1529 2175 64
1545 2142 1648 2190 sqq.

397 2258 493 2323 Ne
555 2264 680 2344 qua
736 2258 929 2322 huius
991 2258 1260 2343 pag-inae
1323 2277 1467 2341 pars
1528 2276 1730 2321 vacua
1787 2258 1874 2321 sit
1918 2255 2148 2321 addam
2192 2256 2316 2322 loci
2359 2259 2678 2322 notissimi

308 2371 373 2430 et
420 2366 791 2430 suavissimi
835 2385 868 2429 e
916 2362 1209 2429 Terentio
1256 2362 1765 2428 emendationem
1812 2369 1945 2427 tam
1988 2360 2200 2429 13113111
2239 2384 2434 2449 (1113111
2474 2385 2680 2429 113333-

306 2474 558 2537 sariam.
622 2470 818 2535 Erilis
880 2469 997 2534 filii
1056 2472 1547 2535 inconstantiam
1591 2468 2051 2555 levitatemque
2099 2490 2318 2535 servus
2363 2469 2676 2536 Parmeno

301 2584 369 2644 et
416 2578 559 2643 aliis
603 2578 812 2643 verbis
860 2576 1103 2642 deridet
1150 2582 1215 2641 et
1259 2576 1465 2641 hisce:

488 2684 574 2749 Et
619 2684 784 2769 quod
830 2704 997 2748 nunc
1043 2689 1183 2748 tute
1204 2666 1209 2672 ¹
1230 2690 1445 2747 tecum
1490 2685 1692 2747 iratus
1737 2684 2019 2769 cog-itas:

304 2790 388 2857 65
484 2790 746 2877 „Egone
782 2788 999 2866 illam,
1040 2810 1199 2875 quae
1236 2788 1464 2867 illum,
1506 2810 1667 2874 quae
1708 2810 1811 2854 me
1832 2838 1849 2866 ,
1891 2810 2052 2874 quae
2090 2788 2250 2855 non!
2292 2793 2426 2855 sine
2461 2791 2671 2869 modo,

484 2897 657 2963 Mori
702 2917 806 2961 me
852 2894 1112 2961 malim:
1164 2898 1395 2961 sentiet
1443 2898 1554 2981 qui
1601 2898 1704 2960 vir
1748 2895 1974 2973 siem'’,

481 3004 656 3069 Haec
700 3002 892 3067 verba
938 3000 1053 3066 illa
1099 3022 1226 3066 una
1272 3022 1378 3066 me
1427 3002 1639 3067 hercle
1689 3000 1847 3066 falsa
1889 3000 2223 3067 lacrimula
2239 3051 2256 3079 ,

481 3109 687 3190 Quam
734 3107 945 3173 oculos
992 3107 1248 3173 terendo
1295 3110 1525 3173 misere
1576 3110 1683 3173 vix
1735 3110 1804 3172 vi
1854 3111 2265 3194 expresserit,

482 3215 882 3302 Restinguet.

298 3323 405 3387 Vs.
456 3320 539 3387 65
610 3322 1046 3386 accusativum
1115 3320 1293 3384 ilbum
1356 3320 1630 3406 pendere
1702 3320 1780 3385 ab
1844 3320 2153 3385 admiserit
2211 3320 2418 3386 aliove
2479 3323 2669 3389 verbo

303 3428 475 3515 quod
531 3428 597 3491 ἐκ
644 3434 760 3490 τῶν
808 3425 1347 3507 συμφραζομένων,
1382 3426 1687 3492 facillime
1737 3427 2020 3512 suppleri
2067 3430 2268 3513 possit
2314 3449 2498 3492 nemo
2547 3450 2672 3493 non

299 3533 633 3621 intelligit.
682 3532 903 3596 Minus
950 3533 1242 3616 expedita
1288 3538 1385 3597 est
1431 3534 1778 3597 accusativi
1825 3556 1912 3595 me
1957 3536 2151 3610 ratio;
2200 3538 2503 3598 annotant
2549 3533 2673 3599 edi·

298 3648 465 3705 tores
536 3638 715 3716 „sciL
789 3637 1169 3715 excluserit'’,
1241 3638 1408 3723 quod
1477 3640 1772 3723 quamvis
1841 3641 1926 3702 sit
1991 3638 2358 3704 incredibile
2376 3688 2392 3716 ,
2459 3646 2669 3704 tamen

299 3768 526 3811 verum
589 3765 723 3809 3333
786 3743 1124 3830 fingamus.
1200 3742 1366 3824 Quid
1427 3766 1595 3809 nunc
1662 3744 1872 3809 verbis
1936 3768 2084 3829 quae
2145 3768 2262 3808 non
2320 3743 2670 3809 faciamus?

300 3850 764 3919 Censeamusne
809 3851 927 3915 hoc
975 3849 1144 3915 velle
1192 3851 1692 3915 Parmenonem:

393 3978 637 4044 „egone
696 3955 880 4020 illam
944 3976 1104 4041 quae
1164 3954 1355 4020 illum
1417 3956 1822 4036 (admiserit),
1888 3976 2046 4041 quae
2105 3978 2210 4021 me
2258 3955 2669 4038 (excluserit),

298 4084 457 4149 quae
502 4085 628 4128 non
674 4062 1053 4142 (admiserit)
1072 4059 1140 4124 ?'’
1194 4061 1319 4127 Sed
1365 4064 1489 4139 sic,
1540 4063 1697 4125 dum
1745 4062 2080 4127 dominum
2120 4062 2394 4128 ludibrio
2440 4063 2669 4129 habere

296 4170 474 4248 vult,
523 4173 659 4256 ipse
704 4172 917 4253 inepte
966 4167 1262 4233 balbutit.
1314 4168 1578 4233 Duobus
1625 4168 1951 4234 vocabulis
1999 4172 2396 4254 transpositis
2439 4168 2620 4257 lege:

480 4297 679 4359 egone
723 4274 905 4339 illam
954 4296 1112 4360 quae
1156 4273 1381 4351 illum,
1432 4296 1591 4360 quae
1639 4296 1743 4340 me
1789 4296 1947 4352 non,
1995 4295 2154 4360 quae
2205 4324 2394 4340 .....

298 4382 658 4470 indignanti
704 4384 975 4447 amatori
1022 4402 1177 4445 suus
1224 4384 1345 4446 erit
1389 4381 1672 4447 redditus
1719 4402 1945 4447 sermo·
2276 4380 2316 4448 J
2321 4428 2334 4446 .
2382 4382 2441 4447 J.
2488 4383 2574 4449 H.
