3192 5009
1240 283 1561 330 nonnus.
2465 261 2594 330 315

342 447 553 514 LXIX.
616 445 784 516 Cum
828 447 1194 514 Aristarcho
1242 451 1537 534 spurium
1584 469 1721 515 esse
1763 447 2066 513 iudicatis
2112 471 2140 510 ε
2167 445 2286 512 54:

494 556 577 635 τῷ
620 553 822 628 ίκελος
870 553 1314 621 πολέεσσιν
1360 554 1640 634 ὀχήσατο
1687 552 1958 631 κύμασιν
2006 558 2258 633 Ἑρμῆς.

264 657 383 726 Non
434 660 744 726 intercedo
764 709 781 738 ‚
848 661 957 726 sed
1016 682 1222 727 nonne
1265 665 1546 748 praestat
1590 676 1741 726 πολ
1762 682 1826 726 ιο
1846 667 1922 725 ῒσ·
1940 684 1959 724 ι
1977 656 2051 723 v?
2119 658 2408 725 Nemone
2453 664 2600 725 ante

260 786 349 832 me
384 768 447 830 in
490 787 625 832 eam
670 769 1096 853 suspicionem
1140 764 1407 833 incidit?

332 969 517 1034 Lxx.
573 969 673 1034 Ad
721 967 904 1051 358:

494 1075 735 1140 πάππα
784 1075 949 1156 φίλ’,
1000 1075 1069 1141 οὔ
1116 1097 1217 1140 κεν
1264 1070 1337 1152 δή
1383 1098 1485 1153 μοι
1534 1071 1984 1154 ἐφοπλίσσειας
2034 1074 2272 1150 ἑπήνην

497 1183 733 1260 ὑψηλὴν
780 1181 1086 1262 ἐύκυκλον,
1136 1178 1235 1248 ἵνα
1282 1183 1543 1247 κλυτὰ
1591 1179 1806 1261 εἵματ’
1857 1179 2176 1260 aymam„

254 1293 397 1352 recte
454 1307 490 1353 a
530 1287 724 1354 Vobis
772 1287 1296 1355 animadversum
1342 1294 1471 1354 est:
1529 1291 1642 1368 „in
1689 1285 1940 1374 puellae
1987 1308 2095 1352 ore
2143 1286 2436 1372 displicet
2472 1307 2602 1354 vox

254 1392 660 1478 grandisona&
726 1393 896 1474 Quin
952 1397 1161 1482 igitur
1220 1415 1481 1460 mecum
1543 1394 1856 1460 scribitis:
1931 1390 2006 1458 ἵν’
2067 1390 2424 1458 ἄπλυτα.
2487 1392 2601 1459 Me

256 1505 399 1565 certe
456 1522 575 1566 non
638 1499 984 1566 deterrebit
1046 1501 1219 1586 quod
1264 1503 1587 1588 sequitur:
1639 1501 1696 1572 ἐς
1747 1499 2034 1577 ποταμὸν
2079 1499 2424 1564 πλυνέουσα
2445 1547 2463 1583 ,
2513 1499 2598 1563 τά

256 1627 341 1678 μοι
382 1606 762 1686 ῥερυπωμένα
810 1613 1033 1672 κεῖται.

332 1807 543 1874 LXXI.
606 1808 774 1875 Sunt
819 1808 881 1874 N
882 1811 1167 1874 ausioaae
1213 1811 1493 1896 quinque
1538 1811 1764 1875 fiatres
1811 1809 1853 1892 ζ
1872 1807 1994 1874 63;

494 1915 543 1980 οί
591 1914 685 1982 δύ’
733 1914 1040 1988 ὀπυίοντες
1061 1963 1081 1994 ,
1128 1910 1286 1994 τρεῖς
1338 1913 1393 1979 δ’
1444 1915 1619 1990 ἠίθεοι
1671 1915 2045 1987 θαλέθοντες.

262 2019 609 2088 studueram
657 2021 819 2088 olim
864 2021 1189 2087 ostendere
1233 2041 1347 2086 nec
1386 2022 1660 2086 verbum
1698 2020 1926 2086 ὀπυίειν
1964 2023 2056 2095 sic
2093 2017 2384 2086 absolute
2421 2043 2604 2086 usur-

256 2131 373 2211 pari
412 2128 481 2194 de
528 2150 600 2194 eo
648 2129 761 2214 qui
804 2147 1074 2193 uxorem
1116 2130 1253 2193 iam
1300 2127 1557 2193 duxerit
1574 2176 1590 2206 ,
1641 2126 1866 2193 deinde
1914 2128 1943 2190 θ
1973 2125 2103 2191 119
2143 2148 2270 2191 non
2307 2128 2433 2191 nisi
2471 2132 2600 2193 tres

258 2231 649 2300 adulescentes
695 2235 1039 2299 memorari
1055 2280 1072 2311 ,
1124 2253 1401 2319 quorum
1440 2233 1792 2298 Laodamas
1829 2238 1988 2298 natu
2023 2235 2348 2297 maximus
2387 2253 2602 2298 secun-

258 2335 357 2402 dus
410 2340 480 2404 ab
540 2361 694 2427 rege
758 2345 873 2404 est.
940 2337 1246 2424 Sequitur
1305 2337 1585 2425 reliquos
1655 2338 1814 2403 duos
1881 2336 2338 2402 verosimiliter
2403 2338 2600 2404 fuisse

254 2461 451 2525 pueros
493 2449 558 2510 et
604 2463 907 2530 quaerere
953 2446 1131 2530 coepi
1176 2444 1331 2530 quid
1378 2442 1640 2509 tandem
1684 2443 1912 2509 lateret
1958 2443 2076 2508 sub
2113 2441 2230 2508 illo
2269 2444 2598 2522 ὀπυίοντες,

257 2547 345 2612 sed
386 2571 477 2615 res
521 2551 688 2615 mihi
732 2571 861 2615 uon
904 2552 1209 2615 successit
1255 2554 1320 2615 et
1364 2549 1640 2616 libenter
1685 2550 1927 2636 agnovi
1971 2547 2100 2614 Vos
2145 2569 2368 2613 meum
2417 2547 2602 2628 παρό-

254 2675 401 2730 ραμα
462 2655 779 2722 occultare
846 2651 1152 2721 maluisse
1222 2673 1420 2741 quam
1481 2658 1827 2742 exagitare.
1891 2653 2078 2720 Nunc
2142 2659 2356 2720 autem
2407 2656 2599 2722 dicite

254 2759 513 2828 velitisne
560 2763 863 2850 probare:
915 2763 967 2827 οί
1017 2760 1119 2828 δύο
1164 2759 1564 2836 νηπύτιοι.

330 2979 573 3048 LXXII.
638 2980 891 3047 Vitium
950 2982 1290 3047 notavistis
1306 3030 1324 3059 ,
1389 2980 1501 3046 sed
1560 2981 1848 3046 nondum
1895 2981 2197 3048 successit
2240 2981 2599 3048 emendatio

302 3205 314 3220 ⁸
485 3186 555 3260 a?
598 3191 655 3259 δ’
707 3190 937 3270 ἄμοτον
982 3191 1419 3272 τανύοντο,
1469 3191 1650 3274 φέρον
1697 3192 1753 3258 δ’
1807 3193 2036 3269 ἐσθῆτα
2085 3192 2189 3258 καὶ
2240 3193 2458 3271 αὐτήν.

256 3295 448 3364 Ausim
489 3300 866 3366 contendere
912 3297 1381 3365 emendandum
1429 3319 1600 3366 esse:

484 3398 553 3471 αἳ
601 3405 654 3471 3·
702 3403 936 3483 ἄμοτον
984 3404 1225 3470 ἀνύοντ’
1275 3402 1489 3485 ἔφερον
1538 3401 1766 3479 ἐσθῆτα
1817 3406 1922 3470 καὶ
1972 3405 2188 3479 αὐτήν.

256 3505 433 3576 Simul
493 3515 591 3579 est
652 3513 953 3578 restituta
1014 3511 1251 3577 aeolica
1297 3511 1486 3576 litera
1536 3516 1602 3576 et
1648 3511 1896 3576 habetis
1943 3511 2193 3577 ἀνύοντε
2209 3559 2227 3590 ,
2274 3513 2599 3598 participii

254 3611 506 3697 dualem,
556 3639 751 3705 quem
797 3617 1235 3705 requirebatis.
1286 3615 1382 3684 Of.
1432 3617 1706 3684 verbum
1754 3617 1957 3682 ἀνύειν
2004 3615 2038 3680 3
2064 3613 2216 3683 357.

328 3832 603 3901 LXXIII.
670 3833 1165 3903 Confunduntur
1224 3844 1435 3918 τεῖχος
1484 3841 1551 3902 et
1599 3835 1832 3916 πύργος
1879 3841 1950 3900 Μ
1978 3833 2130 3912 333,
2178 3831 2332 3901 alibi
2376 3837 2596 3920 itaque

254 3935 479 4007 fortasse
525 3941 814 4008 dubitare
858 3941 1078 4007 licebit
1125 3941 1200 4007 de
1248 3943 1610 4008 sinceritate
1655 3941 1948 4006 lectionis
1990 3937 2030 4020 ζ
2046 3937 2215 4005 262:

368 4047 553 4128 αὐτὰρ
601 4048 732 4113 ἐπεὶ
777 4047 986 4118 πόλιος
1035 4037 1375 4126 ἐπιβήομεν
1422 4039 1489 4122 ἣν
1536 4046 1670 4128 πέρι
1719 4047 2017 4128 πύργος
2045 4085 2129 4096 -—
2158 4044 2487 4127 ὑψηλός.

255 4143 336 4213 Of.
376 4153 548 4226 2144:
598 4153 822 4235 τείχεα
871 4153 1085 4234 μακρὰ
1140 4153 1375 4234 ὑψηλοὶ.

331 4365 593 4438 LXXIV.
678 4373 994 4440 Phaeaces
1062 4377 1297 4440 norunt
1365 4367 1609 4441 bellum
1679 4371 2027 4439 Troianum
2097 4375 2304 4460 iisque
2370 4372 2584 4442 insula
