3192 5009
1162 261 1627 312 ounmAcnus.
2506 233 2591 302 '73

502 432 686 506 αὐτὰρ
735 430 1168 507 ἀκανθοβόλοιο
1215 431 1382 510 ῥόδου
1431 431 1819 506 κατατέμνεο
1870 430 2169 507 βλάστας

499 536 739 615 τάφροις
791 540 848 598 τ’
897 536 1276 613 ἐμπήξειας,
1563 548 1566 553 “

285 644 358 705 ita
397 648 579 707 nostro
639 665 830 709 versu
889 644 1079 709 scribi
1123 647 1359 730 poterit
1403 642 1644 709 leviore
1662 692 1679 721 ,
1727 664 1921 729 quam
1966 663 2127 728 quae
2174 662 2211 706 a
2254 640 2581 706 Meinek‘io

283 748 710 827 commendatur,
753 753 1109 816 mutatione
1218 797 1225 804 -

495 856 855 922 κεύθεσιν
907 856 1186 935 Λίγαίοιο
1236 856 1424 921 ποδῶν
1474 855 1877 931 ἑνεπιὶξαο
1924 852 2111 936 ῥίζας.

341 1070 654 1157 Postquam
717 1072 957 1139 Latona
1009 1070 1345 1139 Graeciam
1391 1078 1743 1159 pervagata
1787 1071 1866 1136 ad
1914 1070 2110 1137 Penei
2155 1073 2323 1155 ripas
2371 1091 2590 1155 perve-

271 1180 344 1241 nit
397 1178 794 1264 precibusque
862 1178 1146 1245 fluminis
1218 1179 1411 1245 deum
1479 1180 1673 1256 adiit,
1743 1177 2179 1243 misericordia
2224 1180 2587 1241 commotus

269 1283 352 1348 ille
381 1283 705 1349 exclamat:
760 1287 908 1361 ,,ἴτω
955 1285 1346 1361 πεπρωμένον
1395 1282 1628 1363 ἦμαρ”,
1657 1291 1722 1351 et
1760 1284 2080 1350 undarum
2118 1282 2368 1348 cohibet
2388 1284 2587 1367 impe-

269 1400 380 1453 tum
430 1397 500 1455 ut
557 1390 832 1457 defessae
877 1392 1029 1458 deae
1072 1392 1289 1458 locum
1333 1392 1629 1479 praebeat
1676 1412 1802 1477 quo
1848 1388 2019 1454 Iovis
2066 1392 2273 1475 pariat
2316 1387 2584 1474 prolem.

265 1494 378 1559 Non
435 1498 580 1561 sinit
644 1498 762 1561 hoc
821 1496 998 1562 Mars
1059 1503 1124 1563 et
1181 1500 1249 1561 in
1311 1518 1383 1563 eo
1447 1505 1543 1563 est
1590 1504 1667 1561 ut
1712 1517 1749 1561 a
1793 1496 2093 1582 Pangaeo
2139 1501 2356 1560 monte
2402 1494 2588 1576 (dum

263 1604 372 1685 ipse
423 1602 590 1667 sedet
651 1605 718 1666 in
762 1602 1010 1669 Haemo
1030 1602 1074 1683 l)
1122 1602 1357 1668 avellat
1401 1624 1632 1668 saxum
1679 1624 1803 1688 quo
1850 1601 2090 1666 flumen
2138 1601 2382 1666 obruat.
2457 1599 2589 1665 Nec

263 1722 440 1774 tamen
482 1730 708 1774 saxum
744 1712 1084 1797 arripuisse
1123 1710 1412 1775 videtur:
1457 1732 1534 1775 ex
1573 1708 1705 1775 alto
1746 1714 2001 1774 tantum
2037 1710 2287 1773 insonat
2310 1707 2589 1793 clipeum

261 1814 475 1899 cuspide
521 1818 898 1901 percutiens.
950 1813 1150 1881 Cuius
1197 1816 1448 1903 fragore
1486 1815 1644 1882 Ossa
1682 1816 2066 1880 contremuit
2102 1819 2359 1900 totaque
2400 1812 2593 1878 'Phes-

257 1920 388 1985 salia
425 1924 778 1987 concutitur
824 1928 1097 1987 terrore:

331 2026 442 2091 141
488 2030 562 2091 ὥς
613 2028 663 2092 δ’
709 2028 882 2093 ὃπότ’
933 2028 1222 2095 Αἰτναίου
1269 2026 1424 2107 ὄρεος
1477 2028 1613 2106 πυρὶ
1662 2027 2021 2107 τυφομένοιο

489 2136 752 2199 σείονται
797 2136 986 2214 μυχοὶ
1032 2134 1246 2200 πάντα
1294 2135 1673 2200 κατουδαίοιο
1720 2136 2022 2213 γίγαντος

486 2244 568 2312 εἷς
617 2242 817 2319 ἑτέρην
865 2251 1145 2320 Βριαρῆος
1196 2241 1474 2317 ἐπωμίδα
1521 2242 1888 2319 κινύμενοιο,

487 2348 902 2427 θερμαῦστραί
946 2373 1016 2413 τε
1065 2348 1394 2427 βρέμουσιν
1441 2348 1548 2429 ὑφ’
1593 2346 1961 2427 Ἡφαίστοιο
2008 2345 2287 2426 πυράγρη
2324 2363 2341 2377 ·

487 2454 639 2530 ἔργα
688 2456 738 2517 θ’
786 2456 973 2533 ὁμοῦ,
1025 2454 1207 2520 δεινὸν
1257 2456 1317 2521 δὲ
1368 2455 1734 2533 πυρίκμητοί
1778 2479 1851 2519 τε
1897 2452 2165 2530 λέβητες

487 2561 590 2625 καὶ
636 2561 913 2640 τρίποδες
966 2561 1295 2633 πίπτοντες
1345 2562 1443 2625 ἐπ’
1491 2562 1788 2633 ἀλληλοις
1836 2562 2128 2639 ἴαχεῦσι·

482 2676 674 2743 τῆμος
722 2665 924 2741 ἔγεντ’
974 2666 1207 2745 ἄραβος
1253 2669 1472 2737 σάκεος
1520 2668 1697 2740 τόσος
1744 2668 2077 2733 εὖκύκλοιο.

249 2770 326 2835 lta
382 2794 596 2839 versus
665 2774 866 2839 edidit
924 2772 1345 2841 Schneiderus
1362 2824 1378 2852 ,
1444 2778 1557 2860 qui
1616 2774 1986 2840 doctissima
2046 2774 2450 2840 adnotatione
2508 2773 2588 2838 ad

249 2898 322 2939 vs.
371 2876 492 2942 144
534 2885 756 2945 monet
801 2882 869 2943 in
914 2880 1118 2945 forma
1162 2880 1454 2946 vocabuli
1496 2884 1737 2946 iustam
1784 2901 2041 2947 causam
2079 2902 2201 2945 non
2226 2900 2359 2945 esse
2384 2902 2497 2945 cur
2519 2883 2589 2944 in

250 2979 588 3049 Callimachi
647 2984 786 3051 loco
853 2989 1268 3063 θερμαῦστραι
1315 2990 1384 3051 in
1429 2986 1805 3065 θερμάστραι
1854 2992 2163 3052 mutetur.
2212 2986 2297 3051 Et
2342 2985 2409 3049 id
2455 2988 2589 3071 qui·

251 3086 368 3152 dem
423 3090 682 3155 fortasse
745 3098 933 3157 recte.
996 3093 1084 3156 At
1144 3114 1269 3157 non
1329 3093 1515 3158 video
1576 3114 1701 3177 quo
1746 3083 1884 3158 iure
1930 3092 2083 3157 haec
2128 3091 2442 3157 addiderit
2486 3094 2589 3157 vir

250 3194 717 3260 eruditissimus:
764 3196 1307 3283 „Interpretemur
1345 3202 1790 3264 convenienter
1829 3202 2105 3265 nominis
2129 3199 2403 3265 formae:
2438 3222 2590 3284 quae

251 3300 462 3377 θερμὰ
527 3302 778 3384 capiunt
799 3352 814 3381 ,
879 3302 1458 3390 inteUegamusque
1520 3327 1639 3368 non
1701 3307 1775 3369 de
1818 3305 2077 3391 forcipe
2138 3312 2256 3368 toto
2274 3354 2289 3383 ,
2354 3306 2463 3371 sed
2512 3306 2589 3372 de

251 3404 427 3477 γένυσι
473 3408 789 3483 rupimus·
840 3407 1006 3487 (Nic.
1056 3406 1239 3474 Alex.
1293 3408 1406 3490 50)
1452 3412 1496 3473 i.
1537 3430 1592 3475 e.
1640 3410 1763 3473 ima
1791 3411 2072 3496 forcipis
2113 3411 2360 3493 parte.''
2433 3410 2589 3477 Loci

251 3512 390 3575 enim
455 3533 610 3597 quos
674 3516 1030 3578 testimonii
1088 3512 1223 3580 loco
1288 3515 1545 3580 adhibet
1608 3515 2026 3581 Schneiderus
2091 3516 2401 3603 (Hesyoh.
2448 3519 2493 3581 i.
2521 3539 2585 3581 v.

251 3617 636 3697 θερμαυστρίς,
697 3619 783 3684 id.
847 3623 890 3685 i.
919 3642 982 3685 v.
1047 3619 1369 3700 πύραυνον)
1432 3621 1596 3686 mihi
1648 3624 1949 3688 videntur
1991 3621 2154 3687 nihil
2200 3624 2419 3689 docere
2464 3625 2588 3688 nisi

249 3720 374 3787 hoc:
418 3726 861 3805 θερμαυστρίδα
902 3750 1090 3808 qenus
1137 3727 1457 3813 quoddam
1505 3728 1703 3794 fuisse
1749 3728 2007 3814 forcipis
2047 3731 2301 3808 καρκίνῳ
2349 3728 2583 3795 simile.

249 3830 496 3903 Καρκίνον
558 3838 776 3896 autem
837 3853 892 3897 e.
919 3854 984 3919 g.
1051 3836 1520 3919 epigrammate
1581 3838 1651 3899 in
1696 3835 1890 3899 Anth.
1939 3834 2021 3899 H.
2074 3833 2159 3899 92
2207 3835 2587 3921 Demophon

249 3935 470 4017 quidam
521 3939 728 4019 »γήρᾳ
776 3938 988 4002 κανθὸν
1039 3934 1460 4017 ἕζοφωμένος”
1513 3940 1630 4005 deo
1680 3938 1973 4027 Cyllenio
2019 3946 2249 4018 vovet,
2298 3947 2363 4007 et
2399 3946 2586 4006 vocat

251 4041 366 4113 „rba
419 4043 666 4123 δίχηλον
730 4046 1000 4121 καρκίνον
1067 4046 1524 4126 πυραγρέτην.”
1590 4046 1813 4132 Itaque
1876 4050 1931 4111 si
1977 4048 2371 4127 θερμαυστρίς
2423 4050 2585 4129 (sive

249 4145 627 4231 ίερμαὺστρα)
695 4150 924 4215 similis
995 4156 1093 4215 est
1164 4152 1248 4230 τῷ
1318 4153 1574 4233 καρκίνῳ
1595 4202 1612 4229 ,
1690 4155 1831 4237 ipsa
1904 4153 2097 4218 habet
2152 4154 2324 4219 labia
2382 4175 2586 4239 neque

249 4252 310 4315 ad
347 4254 584 4343 forcipis
630 4256 769 4322 sola
812 4257 982 4322 labia
1030 4257 1365 4323 indicanda
1410 4262 1705 4344 usurpari
1753 4266 1961 4344 potest
2012 4260 2412 4325 vocabulum.
2463 4260 2587 4325 Sed

250 4355 324 4424 fac
361 4381 578 4429 verum
622 4362 861 4439 vidisse
908 4362 1364 4435 Schneiderum
1411 4370 1476 4435 et
1521 4364 1695 4429 labi
1714 4386 1752 4430 a
1799 4365 2057 4451 forcipis
2103 4366 2367 4435 indicari
2403 4388 2585 4454 posse
