3192 5009
1151 319 1234 367 nn
1280 319 1549 366 vaurms
1595 317 1893 368 nomme.
2564 287 2705 357 ‚363

334 484 499 547 item
557 482 726 548 cadit
769 486 838 547 in
887 487 1100 550 omnia
1144 484 1272 550 fere
1320 483 1561 570 templa
1606 487 1824 569 paucis
1870 486 2183 569 exceptis3
2232 484 2414 567 atqui
2458 482 2703 544 mirum

331 609 466 652 non
533 593 658 666 est,
728 588 864 654 loca
925 611 1086 674 quae
1147 611 1294 656 suos
1356 590 1504 656 deos
1563 611 1639 656 ex
1696 592 2156 656 consecratione
2215 588 2520 653 haberent
2579 606 2707 649 non

333 696 618 778 potuisse
677 695 997 781 profanari
1042 699 1167 760 nisi
1212 698 1282 760 hi
1327 695 1430 762 dei
1475 717 1723 781 quoque
1772 699 1883 781 qui
1926 698 1997 760 in
2042 697 2133 760 eis
2180 689 2538 758 habitarent
2583 691 2707 756 hoc

339 799 476 864 fieri
535 804 984 887 permisissent.
1049 801 1171 867 Sed
1233 803 1393 868 hanc
1455 803 1532 867 ob
1579 823 1835 868 eausam
1879 801 2045 888 quod
2089 804 2158 866 in
2204 801 2703 886 exauguratione

329 904 621 971 locorum
685 915 1188 972 consecratorum
1249 909 1436 973 fiebat
1452 956 1469 986 ,
1517 915 1592 972 ut
1637 912 1835 974 etiam
1879 907 1991 974 alii
2034 907 2136 972 dei
2180 907 2257 972 de
2304 927 2375 972 ea
2420 902 2703 972 consule-

331 1017 574 1091 rentur,
629 1014 958 1078 transferri
1005 1035 1127 1080 non
1172 1020 1383 1100 potest
1429 1015 1508 1080 ad
1557 1021 1793 1080 ceteras
1842 1017 2371 1102 exaugurationes
2416 1013 2701 1078 locorum

333 1140 458 1183 non
504 1127 1012 1186 consecratorum
1058 1142 1261 1206 neque
1309 1121 1386 1186 ad
1433 1125 1953 1210 inaugurationes
1996 1121 2300 1187 locorum.

425 1223 505 1289 H.
553 1224 668 1290 De
714 1225 898 1292 loco
942 1226 1402 1293 liberando.

424 1331 690 1418 Templa
768 1332 968 1398 libera
1053 1355 1187 1400 esse
1273 1334 1579 1400 debebant
1596 1384 1614 1412 ,
1687 1337 1949 1418 eiusque
2018 1337 2111 1400 rei
2179 1340 2481 1421 perpetua
2550 1351 2701 1397 cura

331 1437 630 1502 mandata
694 1444 828 1503 erat
887 1441 1259 1526 auguribus,
1329 1444 1641 1522 „Augures
1699 1441 1899 1504 urbem.
1941 1449 1998 1504 et
2043 1463 2217 1522 aqros
2261 1447 2318 1504 et
2364 1439 2585 1526 templa
2626 1438 2699 1501 ci-

331 1543 535 1606 berata
597 1551 654 1607 et
716 1545 902 1630 effata
965 1547 1254 1610 habento”
1279 1595 1294 1622 ‚
1359 1548 1449 1611 ait
1497 1543 1717 1612 Cicero
1744 1544 1815 1626 1).
1880 1545 2059 1626 Quod
2120 1553 2195 1610 ut
2257 1546 2393 1611 fieri
2453 1550 2695 1630 posset,

327 1648 466 1714 loca
527 1671 685 1734 quae
746 1649 988 1736 templa
1048 1652 1270 1718 fierent
1317 1673 1354 1717 a
1399 1655 1711 1739 principio
1758 1652 2181 1718 liberarentur
2227 1673 2475 1717 necesse
2525 1655 2661 1717 erat
2678 1699 2695 1728 ,

327 1763 394 1820 et
456 1759 731 1822 actiones
791 1761 1334 1844 caerimoniaeque
1378 1781 1453 1825 eo
1500 1762 1889 1845 pertinentes
1938 1759 2327 1845 occupabant
2371 1760 2695 1844 insignem

325 1868 576 1947 partem
620 1866 1150 1949 inaugurationis.

409 1966 586 2033 Serv.
647 1970 805 2034 Aen.
860 1969 916 2033 1.
947 1969 1114 2036 446:
1173 1974 1457 2058 „antiqui
1505 2021 1519 2035 .
1550 2020 1564 2036 .
1595 2019 1613 2036 .
1662 1975 1755 2036 ita
1804 1969 2045 2057 templa
2090 1971 2435 2048 faciebant,
2460 1976 2537 2034 ut
2581 1990 2694 2054 per

331 2094 608 2160 augures
657 2074 833 2140 locus
879 2075 1395 2142 liberaretur
1441 2078 1923 2164 effareturque”.

411 2179 551 2244 Liv.
619 2179 678 2246 5.
705 2181 812 2247 54.
879 2181 954 2248 7:
1021 2231 1194 2260 „...
1260 2206 1408 2249 cum
1471 2191 1785 2271 augurato
1842 2184 2385 2250 liberaretur
2440 2181 2693 2269 Capito-

320 2285 488 2350 lium
514 2334 528 2350 .
560 2335 574 2351 .
606 2287 667 2352 .”
1301 2286 1304 2288 ’
2340 2339 2347 2346 .

411 2389 588 2457 Serv.
653 2395 807 2460 Aen.
875 2392 936 2458 9.
962 2393 1129 2459 448:
1197 2395 1480 2472 „factum
1541 2402 1671 2474 est,
1734 2401 1808 2460 ut
1870 2395 2093 2462 exinde
2154 2394 2233 2460 ad
2278 2393 2405 2460 alia
2451 2393 2690 2480 templa

317 2502 585 2564 numina
647 2506 1061 2566 evocarentur
1125 2502 1445 2568 sacrificiis
1463 2551 1480 2579 ,
1526 2524 1651 2588 quo
1700 2508 1909 2588 posset
1952 2501 2075 2567 lib
2099 2524 2178 2568 er
2194 2524 2227 2566 e
2270 2509 2335 2567 et
2380 2504 2513 2567 sine
2559 2504 2689 2587 pia-
2794 2552 2801 2560 .

319 2604 464 2670 culo
509 2605 828 2691 templum
874 2607 1279 2672 exaedificare
1329 2607 1779 2693 Tarquinius”.

409 2711 548 2776 Iam
609 2733 685 2777 ex
749 2713 852 2776 his
897 2712 1054 2777 locis
1103 2719 1364 2799 apparet
1381 2762 1396 2790 ,
1447 2713 1890 2780 liberationem
1932 2713 2060 2780 loci
2106 2735 2343 2801 magna
2388 2736 2465 2780 ex
2512 2721 2689 2801 parte

319 2820 674 2884 constitisse
719 2822 786 2882 in
838 2820 1254 2885 caerimoniis.
1302 2818 1605 2886 Tollenda
1649 2826 1783 2886 erat
1830 2824 2037 2886 omnis
2081 2820 2255 2886 labes
2300 2825 2364 2886 et
2402 2819 2653 2886 macula
2669 2869 2686 2897 ,

321 2945 446 3010 qua
507 2924 670 2990 forte
731 2927 787 2988 is
834 2923 1008 2990 locus
1056 2945 1348 3011 aspersus
1394 2932 1593 3003 esset,
1643 2925 2032 2991 abluendum
2080 2948 2265 2992 omne
2318 2931 2688 3014 contagium

321 3029 555 3116 flagitii
615 3037 728 3095 aut
793 3034 1018 3096 mortis
1065 3030 1233 3116 quod
1281 3033 1442 3098 forte
1489 3034 1549 3096 ei
1593 3033 1949 3098 inhaereret
1964 3054 1980 3111 3
2030 3034 2148 3099 hoc
2194 3033 2325 3098 fere
2370 3033 2689 3098 sacrificiis

319 3143 384 3200 et
441 3135 710 3221 piaculis
770 3139 965 3200 variis
1027 3137 1269 3202 factum
1331 3158 1467 3202 esse
1528 3137 1923 3203 crediderim.
1994 3135 2366 3225 Comparari
2426 3147 2689 3225 possunt

319 3244 732 3307 caerimoniae
801 3243 1032 3327 quibus
1100 3243 1340 3328 templa
1358 3292 1374 3320 ‚
1439 3247 1492 3307 si
1556 3243 1805 3328 quando
1869 3245 2056 3310 certis
2120 3248 2299 3310 vitiis
2360 3249 2691 3332 inquinata

317 3353 530 3421 erant,
578 3348 1015 3434 purgabantur
1031 3370 1047 3427 3
1099 3351 1189 3413 sic
1237 3369 1290 3412 a.
1345 3347 1475 3413 390
1523 3356 1670 3436 post
1717 3347 1935 3417 Gallos
1975 3353 2204 3417 eiectos
2244 3351 2389 3416 fana
2426 3355 2493 3416 in
2533 3353 2689 3418 urbe

317 3456 570 3519 restitui
618 3454 929 3519 debebant
977 3454 1146 3540 quod
1193 3476 1265 3520 ea
1311 3456 1514 3521 hostis
1561 3456 1971 3542 possedisset;
2017 3461 2159 3521 tum
2198 3460 2411 3522 omnia
2449 3457 2689 3544 templa

314 3580 442 3625 non
503 3558 714 3625 solum
777 3559 854 3625 de
914 3563 1166 3646 integro
1227 3563 1568 3626 terminata
1632 3569 1783 3626 sunt
1801 3609 1817 3638 ,
1882 3561 1989 3626 sed
2052 3565 2245 3628 etiam
2305 3569 2579 3650 purgata
2625 3569 2689 3628 et

311 3664 616 3740 liberata;
678 3686 871 3751 quam
916 3669 1368 3732 caerimoniam
1387 3715 1404 3744 ,
1455 3687 1491 3730 a
1538 3666 1727 3733 Livio
1776 3668 2173 3750 expiationem
2212 3668 2450 3734 dictam
2467 3717 2483 3748 ,
2542 3668 2685 3734 duo-

313 3774 474 3836 viris
535 3792 612 3835 ex
658 3771 836 3836 libris
881 3773 1309 3858 peragendam
1349 3773 1679 3838 mandavit
1728 3779 1983 3839 senatus
2008 3772 2061 3855 ²)
2080 3796 2095 3852 ;
2146 3780 2209 3839 et
2254 3795 2309 3840 a.
2362 3773 2446 3840 69
2493 3798 2557 3861 p.
2614 3773 2684 3842 C.

313 3883 458 3964 post
527 3875 862 3942 Vitellium
932 3879 1257 3943 devictum
1329 3885 1538 3944 totum
1612 3877 2003 3966 Capitolium
2065 3887 2417 3967 purgatum
2478 3888 2574 3946 est
2597 3888 2648 3963 ⁸)
2666 3903 2682 3959 ;

315 3991 450 4048 tam
516 4003 753 4068 magna
820 3983 1078 4068 quidem
1149 4006 1306 4071 opus
1375 4005 1500 4049 non
1564 3993 1701 4050 erat
1762 3985 2101 4072 diligentia
2162 4008 2311 4052 cum
2370 3987 2687 4074 templum

311 4088 717 4166 conderetur,
788 4089 895 4154 sed
953 4097 1168 4156 tamen
1233 4096 1374 4154 tum
1422 4111 1673 4176 quoque
1734 4091 1978 4178 aliquid
2024 4093 2423 4160 sacrificando
2470 4102 2686 4160 actum

312 4215 448 4261 esse
511 4195 769 4260 videtur
830 4196 907 4260 ab
971 4197 1356 4282 auguribuS‚
1420 4197 1587 4283 quod
1653 4197 1731 4262 ad
1789 4198 2061 4264 eundem
2122 4199 2313 4265 finem
2356 4207 2683 4286 spectaret.
2789 4277 2801 4291 ‚

380 4406 428 4468 1)
461 4405 558 4457 Cic.
593 4406 682 4472 leg.
719 4407 766 4456 2.
787 4408 831 4457 8.
854 4408 932 4458 21.
971 4435 1037 4446 -
1071 4409 1120 4471 2)
1156 4408 1257 4458 niv.
1297 4412 1341 4461 5.
1367 4410 1525 4466 50.8,·
1561 4409 1690 4461 Plut.
1731 4410 1918 4462 camin.
1958 4412 2037 4462 88.
2077 4439 2141 4451 —
2177 4415 2232 4477 8)
2268 4412 2379 4467 Tac.
2398 4415 2576 4465 hina-1..
2600 4418 2677 4468 ⁶8.
