3192 5009
549 259 634 324 38
1570 274 1877 322 memus.

550 464 703 509 arva
753 445 920 507 saxis
971 442 1302 519 „dominae
1349 440 1707 521 (Medusae)
1745 440 1934 506 vultu
1972 444 2321 527 conspectis
2339 440 2401 519 ,'’
2444 443 2581 506 eius
2618 440 2917 525 adspectu

545 551 793 637 rigidis,
839 548 914 613 In
956 548 1262 614 Medusae
1301 551 1587 633 primum
1624 568 1879 634 corpore
1917 554 2143 614 natura
2182 548 2343 613 aluit
2382 568 2601 613 saevos
2637 566 2879 633 angues
2898 594 2917 623 ‚

538 660 645 743 qui
697 678 776 721 ex
825 655 999 720 illius
1048 655 1338 720 faucibus
1385 654 1570 735 (631)

721 761 992 827 stridula
1038 762 1342 827 fuderunt
1387 762 1659 826 vibratis
1708 760 1895 826 sibila
1940 761 2181 847 linguis
2200 810 2216 839 ,

717 870 1028 933 femineae
1077 870 1189 952 qui
1237 888 1413 932 more
1463 887 1681 932 comae
1726 888 1838 952 per
1884 872 2065 953 terga
2110 866 2353 932 solutae

716 979 856 1061 ipsa
905 973 1311 1060 flagellabant
1355 973 1694 1059 gaudentis
1742 972 1903 1037 colla
1950 972 2275 1038 Medusae.

721 1080 1010 1166 Surgunt
1057 1079 1321 1144 adversa
1368 1079 1693 1143 subrectae
1742 1078 1947 1143 fronte
1996 1077 2285 1143 colubrae

719 1188 1175 1270 vipereumque
1215 1183 1360 1248 fluit
1399 1184 1639 1268 depexo
1680 1182 1928 1263 (Heius.
1953 1205 1966 1247 ε
1996 1184 2071 1248 de
2096 1190 2283 1269 pexo)
2324 1186 2495 1249 crine
2519 1204 2858 1249 venenum.

539 1293 666 1356 Pro
729 1292 956 1355 solutae
1019 1296 1161 1375 post
1206 1288 1651 1354 Burmannum
1696 1290 1859 1354 fere:
1910 1290 2135 1366 sobuto,
2184 1289 2352 1375 quod
2398 1311 2431 1355 e
2480 1289 2661 1354 nullo
2708 1289 2921 1355 codiee

543 1398 773 1462 diserte
821 1402 1236 1473 memoratur,
1284 1416 1434 1459 nam
1487 1393 1768 1471 „multos
1815 1395 2124 1480 scriptos''
2174 1395 2527 1460 Burmanni
2573 1417 2700 1460 non
2748 1416 2919 1473 cure,

541 1526 690 1569 cum
735 1506 805 1567 in
855 1500 1312 1579 „melioribus”
1356 1500 1786 1586 Oudendorpii
1806 1550 1821 1577 ,
1864 1501 2300 1587 Lipsiensibus
2338 1501 2623 1579 Weberi,
2651 1504 2718 1566 in
2741 1500 2919 1565 Voss.

545 1610 580 1673 l
633 1618 698 1674 et
745 1608 806 1685 2,
871 1614 935 1673 et
979 1607 1176 1671 Ashb.
1223 1607 1454 1670 solutae
1501 1610 1605 1670 sit.
1658 1606 1863 1672 Mont.
1912 1608 2097 1671 soluti
2144 1608 2254 1673 sed
2302 1629 2379 1673 ex
2431 1608 2883 1672 assimilatione
2904 1655 2921 1685 ‚

509 1723 620 1779 'ut
680 1716 916 1799 opinor,
980 1734 1130 1778 cum
1193 1716 1512 1797 superiore
1573 1714 1711 1798 qui,
1758 1734 1873 1798 pro
1920 1735 2044 1798 quo
2093 1713 2255 1778 Oud.
2324 1737 2475 1799 quae
2518 1714 2728 1779 habet.
2800 1712 2925 1777 Sed

542 1820 706 1885 iliud
767 1820 870 1904 qui
917 1819 1337 1903 depravatum
1386 1839 1463 1883 ex
1511 1818 1629 1881 cui.
1696 1819 1864 1883 Nam
1912 1822 2083 1904 prior
2133 1818 2311 1884 Voss.
2364 1818 2491 1900 (V),
2542 1822 2653 1905 qui
2700 1818 2925 1884 multis

544 1926 699 1991 locis
747 1946 969 1990 veram
1017 1924 1357 1989 lectionem
1396 1932 1616 1989 contra
1653 1923 1933 1989 Paulum
1974 1922 2753 2012 Constantinopolitanum
2791 1928 2924 1990 sive

546 2031 723 2096 Voss.
775 2030 817 2095 2
861 2028 973 2110 (U)
1021 2036 1262 2107 tuetur,
1312 2032 1594 2115 itemque
1642 2030 1839 2095 Ashb.
1890 2050 1927 2095 a
1971 2030 2037 2093 1⁸
2075 2053 2186 2108 m.,
2229 2031 2389 2097 hanc
2428 2032 2666 2097 habent
2703 2052 2926 2097 versus

549 2137 860 2201 formam:
915 2136 1188 2201 femineo
1235 2135 1334 2198 cui
1379 2156 1555 2200 more
1602 2156 1820 2201 comae
1866 2156 1978 2221 per
2026 2141 2209 2222 terga
2252 2137 2500 2201 sabatae.

640 2241 815 2307 Haec
862 2240 1051 2307 lectio
1093 2262 1243 2307 vera
1261 2290 1276 2319 ,
1320 2242 1430 2307 sed
1473 2241 1626 2306 ordo
1664 2262 1969 2307 versuum
2006 2262 2241 2327 pravus
2281 2251 2395 2307 est.
2444 2242 2552 2306 Oui
2588 2242 2926 2308 manifesto

547 2350 626 2415 ad
689 2345 1031 2413 Medusam
1094 2351 1370 2433 pertinet
1389 2352 1426 2425 ,'
1471 2348 1639 2432 quod
1700 2368 1929 2413 nomen
1986 2356 2083 2412 est
2124 2350 2193 2411 in
2240 2370 2428 2413 versu
2474 2348 2625 2413 huic
2672 2368 2929 2433 praepo-

546 2455 748 2521 nendo
801 2453 966 2519 633:
1017 2457 1158 2539 ipsa
1205 2452 1611 2539 flagellabant
1656 2454 1999 2539 gaudentis
2048 2453 2210 2519 colla
2255 2453 2561 2520 Medusae
2602 2455 2612 2540 Ι
2652 2440 2926 2519 femineo

546 2564 651 2627 cui
700 2582 876 2625 more
895 2610 911 2637 ,
961 2558 1099 2624 rell.

637 2666 849 2731 Habet
911 2666 1032 2730 hoc
1096 2686 1237 2729 eam
1297 2664 1813 2750 probabilitatem
1830 2714 1847 2742 ,
1912 2664 2083 2729 ultra
2147 2686 2339 2750 quam
2398 2668 2467 2729 in
2515 2664 2652 2731 loco
2699 2668 2925 2750 quovis

547 2776 830 2860 graviter
892 2777 1186 2857 corrupto
1253 2770 1550 2857 progredi
1610 2792 1735 2835 non
1794 2770 1947 2835 licet
1963 2792 1979 2848 ;
2033 2792 2193 2856 quae
2238 2772 2385 2836 hinc
2432 2779 2785 2856 sequuntur
2830 2792 2930 2835 su-

547 2882 852 2965 spitiones
917 2884 1066 2941 sunt
1084 2926 1100 2955 ,
1164 2877 1273 2943 sed
1319 2880 1459 2963 ipsa
1502 2876 1629 2941 loci
1678 2880 1919 2942 ratione
1966 2898 2162 2963 paene
2210 2882 2610 2943 necessariae.
2661 2878 2930 2965 Progre-

549 2986 684 3051 dior
747 3006 786 3049 a
830 2985 1259 3069 superioribus
1310 2981 1440 3048 629
1467 3004 1595 3069 sq.:
1645 2985 1765 3049 hoc
1812 2987 2095 3069 primum
2142 2991 2367 3050 natura
2413 3005 2640 3050 nocens
2686 2988 2755 3049 in
2800 3006 2931 3050 cor-

548 3114 698 3178 pore
747 3090 1103 3171 (Medusae)
1151 3111 1370 3155 saevas
1410 3090 1420 3175 Ι
1463 3090 1685 3155 eduxit
1729 3093 1958 3176 pestis:
2006 3090 2136 3155 illis
2184 3112 2218 3156 e
2272 3090 2557 3157 faucibus
2596 3111 2836 3178 angues
2878 3090 2889 3176 Ι

550 3198 820 3264 stridula
865 3198 1169 3262 fuderunt
1216 3196 1483 3261 vibratis
1532 3196 1719 3261 sibila
1764 3196 2073 3283 linguis.''
2128 3196 2304 3273 „Illis
2351 3218 2385 3263 e
2430 3197 2719 3263 faucibus
2758 3197 2930 3262 fude-

549 3311 700 3368 runt
761 3302 988 3368 sibila''
1055 3323 1348 3387 perverse
1413 3302 1659 3367 dictum
1720 3310 1851 3380 est,
1916 3303 2171 3380 „fundit
2232 3324 2455 3369 vocem
2514 3325 2547 3369 e
2595 3302 2925 3369 faucibus’'

549 3408 713 3474 nihil
763 3408 1120 3493 significare
1169 3414 1378 3492 potest
1422 3410 1581 3471 nisi:
1634 3410 1875 3472 emittit
1922 3429 1956 3472 e
2002 3409 2291 3473 faucibus
2337 3412 2523 3490 (suis)
2562 3408 2923 3475 clamorem.

551 3513 910 3601 Significari
975 3513 1161 3578 debet
1225 3533 1465 3599 angues
1519 3512 1825 3578 Medusae
1873 3514 2159 3578 faucibus
2208 3517 2277 3593 (i.
2327 3536 2379 3579 e.
2428 3514 2616 3596 collo)
2664 3518 2929 3581 circum-

551 3621 727 3685 datas
777 3640 930 3685 esse.
982 3617 1123 3683 Hoc
1172 3639 1632 3704 consequemur
1678 3622 1732 3683 si
1780 3640 1893 3704 pro
1942 3618 2075 3683 illis
2124 3643 2155 3683 e
2202 3621 2551 3685 scribamus
2598 3622 2763 3685 illi-se
2799 3624 2842 3686 i.
2870 3643 2923 3687 e.

549 3726 773 3789 illisae.
841 3724 1104 3809 Iamque
1165 3725 1271 3790 hic
1319 3746 1541 3790 versus
1589 3728 1847 3812 egregie
1895 3746 2044 3791 cum
2092 3747 2155 3790 v.
2209 3725 2375 3791 633:
2428 3728 2607 3809 „ipsa
2651 3726 2929 3814 flagella-

550 3832 743 3897 bant''
788 3834 1120 3896 convenit:
1161 3830 1366 3895 illisae
1407 3836 1510 3911 (=
1534 3835 1875 3916 impactae)
1916 3852 2156 3917 angues
2194 3835 2395 3918 ipsius
2433 3832 2737 3899 Medusae
2774 3839 2927 3911 (non

551 3958 773 4002 eorum
791 3986 806 4013 ‚
859 3938 1089 4022 quibus
1139 3936 1254 4001 illa
1299 3958 1520 4002 nocere
1569 3937 1740 4017 vult)
1789 3936 1949 4001 colla
1988 3940 2316 4018 pandentes
2362 3945 2537 4017 (nam
2582 3942 2673 4003 sic
2716 3938 2928 4024 aliqua

551 4046 864 4109 sententia
912 4051 1040 4121 est,
1091 4065 1216 4108 non
1261 4045 1329 4107 in
1370 4043 1717 4123 qaudentis)
1761 4043 2151 4121 lacerabant3
2204 4050 2380 4109 tanta
2424 4050 2603 4110 erant
2640 4044 2924 4123 feritate,

551 4156 626 4213 ut
675 4170 750 4213 ne
801 4148 1091 4213 dominae
1142 4148 1399 4233 quidem
1439 4156 1786 4233 parcerent.
1833 4148 2013 4214 Unde
2054 4150 2158 4215 hic
2200 4149 2349 4215 ordo
2389 4171 2695 4215 versuum
2734 4152 2930 4215 nasci-

554 4261 695 4321 tur:
743 4253 874 4320 630
901 4254 1122 4320 eduxit
1149 4292 1256 4332 -,
1287 4253 1416 4319 633
1441 4258 1581 4339 ipsa
1606 4292 1713 4332 —,
1741 4254 1872 4320 632
1896 4255 2205 4322 femineae
2232 4294 2340 4334 -,
2368 4254 2495 4321 631
2524 4256 2793 4322 stridula
2819 4295 2924 4322 —.

552 4361 838 4448 Denique
900 4382 962 4427 v.
1017 4359 1146 4425 634
1215 4360 1497 4427 Oudend.
1547 4364 1780 4426 merito
1831 4364 1895 4427 in
1942 4364 2193 4425 adversa
2239 4364 2357 4445 (sic
2400 4362 2605 4445 codd.)
2648 4363 2925 4430 offendit.
