3192 5009
568 246 700 321 230
1366 268 1449 321 nn
1494 272 1644 321 man
1693 254 2147 322 osnnnmm.

562 446 874 527 quatenus
920 440 1000 505 ad
1042 440 1471 505 nuntiandum
1518 440 1943 506 adhiberetur.
1993 439 2310 505 Tribunos
2355 437 2559 525 plebis
2605 459 2760 504 vero
2779 487 2795 516 ,
2837 437 2952 523 qui

562 548 638 612 ab
699 548 886 613 initio
946 546 1243 613 carebant
1302 550 1481 612 omni
1546 549 1870 634 spectione
1933 546 2222 633 publica,
2269 546 2378 612 lex
2427 566 2588 611 anno
2637 542 2772 609 449
2817 542 2954 607 lata

558 656 900 739 participes
960 654 1113 719 fecit
1158 657 1499 739 spectionis
1549 655 1628 719 de
1677 653 1849 719 caelo
1869 703 1886 731 ,
1937 654 2048 719 sed
2094 660 2351 719 tantum
2397 660 2716 739 quatenus
2765 650 2956 737 perti-

558 766 737 825 neret
800 761 879 825 ad
941 761 1373 826 nuntiandum
1434 766 1499 827 et
1561 761 2065 846 prohibendum,
2115 782 2242 825 non
2291 780 2440 826 vero
2491 759 2573 824 ad
2619 760 2952 844 auspicato

558 866 879 953 agendum
895 887 913 943 3
960 869 1178 953 itaque
1225 870 1328 932 ius
1375 867 1799 932 obnuntiandi
1847 870 2128 933 comitiis
2176 874 2241 932 et
2284 866 2574 933 conciliis
2621 872 2769 930 tum
2815 885 2954 951 per-

558 973 802 1037 tinebat
860 972 940 1037 ad
1007 993 1227 1038 omnes
1289 976 1712 1059 magistratus
1778 972 1943 1040 solos
1961 1022 1978 1053 ,
2043 996 2192 1039 cum
2239 956 2542 1060 patricios
2592 974 2708 1058 qui
2759 972 2954 1036 etiam

555 1078 699 1144 aliis
768 1081 1069 1163 auspiciis
1136 1080 1237 1143 uti
1306 1084 1371 1143 et
1440 1082 1766 1165 auspicato
1837 1100 2027 1167 agere
2096 1086 2162 1145 et
2231 1079 2497 1166 collegis
2567 1078 2950 1143 obnuntiare

554 1191 880 1271 poterant,
944 1191 1090 1249 tum
1150 1185 1231 1250 ad
1290 1182 1569 1271 plebeios
1587 1236 1605 1265 ,
1654 1187 1887 1272 quibus
1931 1192 2257 1272 praeterea
2301 1184 2468 1250 nihil
2513 1206 2594 1251 ex
2644 1184 2950 1269 auspiciis

556 1313 745 1379 agere
784 1292 1039 1357 licebat.

648 1398 772 1465 Sed
841 1399 963 1464 hoc
1022 1401 1126 1463 ius
1189 1401 1731 1485 magistratuum,
1793 1402 1886 1465 ita
1946 1403 2016 1464 in
2060 1403 2438 1466 universum
2483 1400 2914 1464 constitutum
2931 1442 2948 1473 ,

553 1528 679 1571 non
726 1506 804 1570 ab
853 1506 1150 1570 omnibus
1196 1506 1487 1591 partibus
1533 1509 1854 1573 intactum
1899 1510 2119 1594 viguit
2137 1529 2153 1587 ;
2205 1509 2624 1572 constrictum
2673 1510 2772 1570 est
2817 1523 2952 1588 par·

556 1616 678 1677 tim
724 1611 978 1697 legibus
1025 1611 1294 1677 diversis
1344 1633 1504 1698 quae
1554 1612 1698 1677 aliis
1739 1615 2136 1701 temporibus
2174 1612 2336 1679 aliae
2375 1614 2671 1690 fuerunt,
2711 1614 2950 1696 partim

554 1741 706 1785 vero
753 1722 893 1783 iure
938 1720 1198 1783 maioris
1240 1722 1577 1804 potestatis
1616 1726 1682 1785 et
1721 1723 1790 1784 vi
1829 1721 2176 1786 tribunicia
2191 1742 2207 1798 ;
2250 1722 2676 1807 magistratus
2713 1719 2950 1803 partim

552 1825 809 1913 legibus
853 1827 1091 1910 partim
1136 1825 1493 1891 interdictis
1532 1828 2036 1913 magistratuum
2075 1830 2398 1892 maiorum
2438 1832 2504 1890 et
2541 1825 2948 1889 tribunorum

556 1932 882 2017 prohiberi
951 1938 1303 2018 potuerunt
1364 1954 1443 1997 ne
1504 1934 1575 1995 in
1639 1936 1828 1998 certis
1893 1935 2248 1998 actionibus
2293 1932 2519 1997 alienis
2564 1934 2950 2016 usurparent

553 2042 657 2104 ius
704 2060 898 2103 suum
947 2038 1399 2116 obnuntiandi,
1450 2060 1610 2105 neve
1659 2040 1736 2103 de
1783 2039 1955 2105 caelo
2005 2046 2330 2105 servarent
2361 2038 2431 2121 ¹).

645 2146 853 2232 Supra
913 2145 1495 2211 demonstravimus
1514 2194 1531 2223 ,
1605 2146 1956 2212 formulam
2020 2147 2140 2225 „de
2204 2145 2375 2212 caelo
2439 2144 2736 2211 servare”
2790 2141 2949 2209 nihil

554 2252 730 2318 aliud
790 2253 1147 2339 significare
1210 2274 1404 2337 quam
1457 2253 1577 2330 „de
1627 2254 1800 2319 caelo
1849 2254 2208 2341 auspicari'’
2257 2258 2394 2321 sive
2445 2255 2776 2339 „auspicia
2821 2272 2948 2317 cae-

552 2362 739 2427 lestia
784 2359 1151 2446 quaerere”,
1193 2360 1365 2444 quod
1402 2356 1691 2425 multum
1732 2362 2048 2447 discrepat
2088 2363 2164 2426 ab
2205 2381 2279 2427 eo
2323 2362 2491 2448 quod
2533 2367 2674 2437 est,
2675 2361 2946 2439 ,fulmen

553 2468 821 2532 fortuito
886 2464 1284 2531 observare’'.
1358 2465 1575 2531 Huius
1623 2469 1715 2532 rei
1762 2466 1888 2533 duo
1937 2474 2320 2554 argumenta
2367 2467 2713 2533 attulimus
2731 2516 2747 2545 ,
2798 2488 2946 2553 quo·

551 2594 701 2637 rum
763 2572 1039 2637 alterum
1101 2574 1381 2657 petitum
1444 2579 1581 2638 erat
1644 2595 1722 2639 ex
1765 2575 2094 2640 vocabulis
2143 2576 2220 2641 ab
2269 2576 2634 2641 auctoribus
2686 2572 2944 2640 Graecis

459 2672 469 2681 ’
554 2680 859 2744 adhibitis
921 2684 1096 2763 (pag.
1150 2674 1234 2742 79
1282 2678 1425 2742 adn.
1478 2678 1567 2759 2),
1635 2679 1913 2746 alterum
1959 2703 2036 2746 ex
2088 2684 2334 2747 ratione
2381 2681 2576 2746 edicti
2624 2702 2752 2766 quo
2804 2683 2944 2767 quis

555 2807 663 2864 „se
712 2784 788 2849 de
835 2784 1006 2849 caelo
1052 2789 1461 2849 servaturum
1503 2786 1682 2851 esse’'
1726 2788 2140 2872 profitebatur
2185 2794 2359 2875 (pag.
2392 2785 2802 2869 107—110).
2847 2785 2942 2851 Ad

553 2894 705 2958 haec
765 2894 972 2978 igitur
1030 2912 1199 2955 nunc
1260 2891 1554 2956 addimus
1599 2896 1867 2958 tertium
1915 2900 2377 2981 argumentum
2420 2893 2612 2980 longe
2661 2894 2946 2959 firmissi-

553 3020 773 3076 mum,
835 2990 1003 3083 quod
1065 3000 1311 3082 petitur
1373 3020 1448 3063 ex
1514 3002 1655 3085 ipsa
1715 3001 2172 3066 consuetudine
2233 3002 2528 3079 vetandi;
2594 3022 2748 3067 nam
2795 3020 2940 3065 cum

552 3105 688 3170 fieri
733 3125 857 3168 non
902 3106 1106 3189 possit
1151 3109 1227 3167 ut
1274 3103 1506 3189 aliquis
1546 3107 1963 3191 prohibeatur
2003 3110 2350 3193 quominus
2390 3107 2638 3172 fulmen
2677 3108 2940 3193 fortuito

552 3212 881 3287 observet,
951 3231 1102 3274 cum
1170 3231 1324 3279 vero
1388 3218 1559 3277 recte
1623 3214 1946 3296 prohiberi
2009 3216 2214 3300 possit
2277 3219 2720 3301 unusquisque
2783 3217 2940 3279 inire

552 3318 1007 3386 caerimoniam
1050 3316 1419 3400 auspicandi
1466 3323 1531 3381 et
1576 3322 1872 3385 nuntiare
1921 3326 2227 3386 eventum
2277 3322 2772 3400 observationis,
2815 3341 2942 3385 ma-

552 3425 863 3489 nifestum
910 3428 1009 3487 est
1053 3421 1269 3507 legem
1316 3428 1431 3487 aut
1476 3428 1932 3511 magistratum
1953 3476 1970 3505 ,
2019 3449 2168 3492 cum
2213 3432 2390 3492 vetet
2441 3427 2563 3505 „de
2607 3426 2783 3493 caelo
2823 3448 2942 3491 ser-

436 3564 451 3577 ·
554 3529 761 3607 vari'',
832 3534 1049 3593 vetare
1119 3529 1281 3593 hanc
1344 3532 1830 3611 caerimoniam,
1897 3551 2102 3619 neque
2166 3534 2436 3598 surdum
2501 3540 2614 3599 aut
2677 3554 2940 3599 caecum

553 3657 689 3703 esse
732 3636 1101 3720 quempiam
1138 3636 1375 3700 iubere.
1426 3635 1588 3716 Quid
1630 3641 1922 3717 intersit,
1960 3642 2259 3726 inprimis
2300 3642 2584 3705 cernitur
2604 3642 2672 3703 in
2699 3642 2938 3705 ratione

553 3745 804 3809 diversa
864 3744 1301 3807 nuntiationis.
1367 3743 1538 3808 Nam
1601 3748 1656 3809 si
1702 3746 2107 3812 interdicitur
2153 3769 2232 3813 ne
2281 3748 2423 3832 quis
2470 3747 2547 3812 de
2595 3745 2770 3812 caelo
2820 3766 2940 3811 ser-

626 3997 678 4051 i)
722 3988 1003 4053 Exemplum
1046 3986 1195 4051 legisz
1243 3988 1338 4037 Cic.
1392 4004 1525 4055 prov.
1574 4006 1702 4039 eone.
1743 3991 1931 4041 19.46=
1974 4008 2108 4042 ‚cum
2143 3993 2218 4041 lex
2253 3993 2438 4042 feratur
2472 3994 2530 4041 de
2563 3992 2695 4041 eaelo
2729 3990 2935 4045 cervari.

551 4072 852 4128 obnuntiari,
888 4071 1123 4120 intercedi
1158 4072 1301 4133 (non)
1336 4070 1481 4121 licere
1518 4072 1670 4135 (iubet
1703 4074 1777 4122 lex
1813 4075 1982 4124 Clodia
2015 4075 2128 4124 anni
2165 4074 2310 4138 58)”.
2348 4104 2414 4113 —
2449 4074 2734 4141 Exemplum
2767 4074 2937 4125 edicti:

552 4152 677 4201 Gell.
720 4152 895 4201 13.15.
928 4152 953 4200 1
1005 4169 1093 4203 nne
1126 4153 1233 4217 quie
1266 4154 1577 4218 magistratus
1611 4156 1771 4205 minor
1809 4157 1866 4207 de
1900 4158 2031 4207 caelo
2067 4174 2277 4207 eervesee
2317 4156 2485 4209 velit”.
2521 4185 2584 4196 -—
2623 4158 2934 4209 Manifestum

548 4238 647 4293 eet,
697 4233 969 4283 huiusmodi
1001 4236 1299 4301 exceptiones
1330 4237 1668 4288 constrinxisse
1701 4240 1895 4304 quidem
1930 4242 2012 4291 sed
2044 4257 2344 4307 nequaqnam
2379 4241 2625 4291 sustulieee
2657 4242 2734 4291 ine
2769 4240 2938 4307 megin-

546 4320 787 4411 tratnunu
844 4316 935 4366 loci
984 4334 1127 4383 supra
1182 4318 1314 4383 (pag.
1350 4318 1415 4370 87
1453 4320 1614 4371 adnot.
1654 4322 1711 4387 2)
1765 4322 1950 4373 laudati
2001 4325 2288 4385 ostendunt,
2343 4324 2584 4374 Romano·
2637 4342 2824 4391 qnoque
2869 4326 2935 4374 ite

549 4414 801 4449 censuitne.
