3192 5009
504 361 634 428 374
1313 384 1397 430 113
1448 384 1719 432 'murus
1765 383 2065 433 nomme.

501 557 716 617 totum
759 550 975 616 locum
1039 551 1257 617 tendat
1317 558 1558 638 saepes)
1624 574 1730 615 nec
1781 553 1931 634 pbus
1992 574 2171 614 unum
2232 552 2539 615 introitum
2598 551 2887 616 habcrc”.

499 657 766 744 Templa
810 679 958 722 cum
1003 661 1135 723 iam
1181 659 1459 744 perfecta
1506 667 1572 724 et
1610 659 2099 744 magistratibus
2136 665 2249 723 aut
2290 658 2721 724 sacerdotibus
2760 665 2891 724 tra-

498 764 631 829 dita
697 769 986 851 paterent
1053 767 1200 829 usui
1262 765 1518 850 publico
1539 813 1554 842 ‚
1622 767 1840 830 omnia
1902 763 2120 848 aliquo
2181 764 2372 830 modo
2420 771 2639 850 saepta
2680 765 2891 831 fuisse

497 877 742 936 constat
758 891 775 948 ;
849 891 1240 956 quamquam
1309 892 1623 956 quaenam
1692 871 1768 936 ad
1840 891 1911 935 ea
1978 891 2228 956 semper
2293 871 2577 937 adhibita
2638 873 2891 937 fuerint

497 980 873 1063 saepimenti
941 998 1172 1064 genera
1189 1027 1204 1056 ‚
1276 999 1478 1062 neque
1545 976 1733 1043 facile
1795 977 1970 1042 dictu
2030 982 2127 1043 est
2188 999 2392 1064 neque
2456 977 2534 1044 ad
2590 986 2891 1044 nostram

496 1087 930 1169 quaestionem
989 1087 1296 1170 pertinet;
1363 1087 1580 1170 itaque
1610 1077 1828 1170 'pauca
1874 1084 2067 1149 verba
2114 1083 2449 1151 sufficiant.
2496 1083 2767 1170 Templa
2812 1089 2889 1150 in

497 1191 728 1275 quibus
767 1191 1050 1273 aedificia
1087 1197 1264 1255 erant
1303 1196 1625 1256 exstructa
1643 1239 1659 1268 ‚
1701 1194 1768 1255 in
1810 1190 1936 1256 duo
1976 1211 2211 1278 genera
2236 1190 2436 1256 dividi
2463 1212 2643 1276 posse
2666 1191 2891 1256 viden-

495 1303 635 1374 tur3
687 1297 962 1362 alterum
1008 1319 1214 1384 genus
1261 1305 1356 1362 est
1400 1297 1795 1383 templorum
1842 1319 2117 1383 quorum
2164 1318 2309 1362 area
2356 1305 2491 1363 tota
2538 1298 2893 1384 occupaba-

497 1409 605 1468 tur
649 1403 934 1469 aedificio
951 1424 967 1481 ;
1015 1407 1080 1468 in
1128 1404 1228 1467 his
1273 1405 1401 1488 ipsi
1447 1405 1621 1468 muri
1668 1424 1780 1489 pro
1822 1405 2215 1488 saepimento
2254 1425 2389 1469 esse
2430 1410 2741 1489 poterant.
2784 1403 2889 1470 Eo

496 1512 876 1596 pertinuisse
920 1509 1219 1574 videntur
1259 1509 1502 1574 multae
1539 1509 1748 1574 Aedes
1788 1529 1997 1574 sacrae
2040 1517 2104 1574 et
2146 1507 2375 1576 Curiae
2392 1559 2408 1586 ,
2449 1509 2660 1576 veluti
2684 1507 2893 1576 Curia

495 1614 777 1681 Hostilia
794 1664 811 1693 ‚
859 1617 966 1680 cui
1008 1614 1301 1680 Porciam
1339 1613 1684 1680 Basilicam
1723 1615 1985 1678 iunctam
2018 1615 2217 1680 fuisse
2242 1615 2439 1681 tradit
2464 1617 2774 1681 Asconius
2812 1615 2888 1696 ι),

496 1724 758 1789 fortasse
804 1725 1001 1787 etiam
1045 1721 1275 1787 Rostra
1293 1770 1308 1798 ,
1349 1721 1518 1806 quod
1560 1719 1885 1807 templum
1921 1721 2089 1786 infra
2125 1723 2195 1787 in.
2231 1721 2366 1787 solo
2408 1725 2685 1788 maceria
2720 1725 2893 1788 cine—

496 1835 642 1894 tum
709 1828 902 1893 fuisse
961 1828 1132 1892 haud
1191 1827 1492 1894 credibile
1554 1835 1670 1893 est.
1737 1827 1943 1893 Aedes
2006 1849 2167 1913 quae·
2227 1828 2353 1893 huc
2413 1831 2735 1915 pertinent
2754 1878 2768 1906 ,
2832 1833 2899 1893 si

499 1934 828 2000 columnas
891 1939 1146 1998 tantum
1195 1954 1231 1997 a
1279 1935 1482 1999 fronte
1527 1933 1877 2010 habebant,
1929 1933 2007 1998 ab
2054 1953 2127 1998 ea
2176 1957 2204 2019 ·s
2226 1939 2353 1999 xrte
2404 1941 2654 2020 saeptae
2702 1941 2897 2000 erant

497 2040 698 2106 caulis
757 2040 990 2125 quibus
1040 2039 1532 2105 intercolumnia
1578 2039 2036 2104 claudebantur
2055 2088 2071 2117 ‚
2123 2045 2188 2104 et
2236 2061 2273 2103 L
2302 2061 2403 2106 1115
2452 2046 2707 2106 1311111111
2757 2040 2901 2106 adi-

497 2153 604 2212 tus
649 2168 686 2212 a
730 2147 1034 2234 gradibus
1081 2147 1159 2211 ad
1200 2146 1597 2211 vestibulum
1634 2146 2149 2232 relinquebatur,·
2192 2148 2249 2210 si
2289 2146 2605 2212 columnis
2644 2150 2897 2212 cinctae

499 2260 676 2320 erant
694 2302 709 2329 ,
775 2251 986 2317 caulas
1033 2255 1168 2318 sive
1218 2252 1524 2318 cancellos
1569 2253 1885 2318 habebant
1930 2255 1999 2316 in
2048 2260 2335 2318 extremo
2382 2254 2599 2318 ordine
2646 2253 2899 2318 colum-

497 2381 724 2424 narum
753 2357 830 2438 ²).
879 2359 978 2424 Ad
1023 2358 1302 2424 alterum
1345 2381 1548 2446 genus
1594 2359 1797 2424 refero
1837 2360 2021 2424 aedes
2062 2380 2221 2445 quae
2263 2379 2475 2425 aream
2502 2359 2895 2446 ampliorem

498 2465 812 2530 habebant
830 2514 845 2542 ,
910 2471 1088 2530 extra
1133 2486 1353 2530 muros
1400 2464 1671 2530 aedificii
1715 2468 1784 2529 in
1829 2486 2026 2530 unam
2073 2463 2178 2530 vel
2224 2465 2442 2550 plures
2490 2473 2702 2552 partes
2750 2465 2897 2532 lon-

497 2575 646 2658 gius
685 2571 1063 2658 productam
1083 2619 1097 2648 ,
1139 2577 1215 2635 ut
1254 2571 1438 2636 aedes
1479 2567 1841 2655 Capitolina
1880 2577 1943 2636 et
1982 2571 2165 2636 aliae.
2208 2571 2463 2636 Harum
2502 2593 2680 2638 areae
2714 2593 2897 2658 saep-

497 2685 599 2743 tae
661 2679 856 2742 fuisse
917 2677 1218 2742 videntur
1261 2661 1374 2741 aut
1417 2679 1622 2742 muris
1667 2676 1932 2763 lapideis
1978 2676 2337 2742 humilibus
2387 2683 2500 2743 aut
2550 2677 2849 2744 cancellis
2870 2728 2891 2757 ‚

499 2806 658 2870 quae
705 2804 910 2850 unum·
957 2789 1212 2854 tantum
1249 2783 1500 2848 aditum
1539 2785 1909 2870 praeberent
1935 2790 2007 2862 ³).
2054 2783 2321 2869 Templa
2361 2805 2513 2848 vero
2557 2805 2715 2869 quae
2754 2783 2899 2848 cine

499 2891 774 2975 acdfflcio
836 2896 1048 2966 erant,
1114 2910 1273 2974 quae
1334 2889 1556 2952 sacella
1618 2889 1991 2955 dicebantur
2009 2939 2025 2968 ,
2075 2889 2285 2955 veluti
2334 2888 2571 2956 Vulcan
2580 2911 2649 2955 ar
2695 2911 2899 2976 supra

500 2995 858 3064 Comitium
919 3002 982 3061 31
1041 2997 1170 3060 Ara
1221 2995 1452 3060 Martis
1499 2999 1568 3059 in
1620 2993 1859 3082 Campo
1908 2995 2147 3060 Martio
2166 3045 2181 3072 ,
2234 2999 2453 3062 omnia
2499 2998 2708 3061 cincta
2756 2997 2899 3062 fue-

498 3111 650 3168 runt
718 3104 1128 3186 saepimentis
1147 3149 1162 3177 ,
1233 3122 1392 3186 quae
1455 3109 1635 3166 erant
1700 3109 1764 3165 et
1827 3101 2197 3166 dicebantur
2260 3101 2553 3164 maceriae
2571 3151 2587 3180 ‚
2638 3103 2851 3166 caulae
2872 3154 2893 3188 ,

501 3207 752 3272 cancelli
770 3256 785 3283 ‚
849 3205 1379 3269 concamerationes
1422 3207 1683 3291 ferreae
1706 3212 1778 3284 ⁴),
1846 3208 2076 3292 quibus
2125 3209 2201 3273 ab
2252 3208 2553 3272 omnibus
2598 3208 2895 3292 partibus

498 3321 591 3381 ita
654 3313 1122 3379 circumdatum
1182 3319 1318 3378 erat
1379 3313 1696 3399 templum
1715 3362 1731 3392 ‚
1799 3319 1873 3379 ut
1929 3313 2283 3380 efficeretur
2332 3315 2535 3381 forma
2583 3315 2900 3401 quadrata

501 3421 772 3507 oblonga
819 3425 930 3484 aut
975 3420 1236 3505 paribus
1282 3421 1440 3493 oris,
1491 3428 1689 3504 utque
1738 3419 1817 3484 ad
1866 3441 2042 3484 aram
2080 3423 2147 3485 in
2186 3421 2399 3487 medio
2442 3421 2687 3506 templo
2726 3425 2895 3508 posi-

503 3535 636 3594 tam
684 3549 850 3592 unus
896 3525 1108 3591 aditus
1156 3532 1420 3611 pateret.
1460 3525 1559 3590 Ita
1602 3527 2011 3592 observatum
2054 3533 2189 3591 erat
2231 3531 2695 3613 praescriptum
2718 3529 2897 3613 quod

503 3636 694 3701 refert
739 3633 970 3710 Varro,
1023 3634 1236 3698 omnia
1282 3631 1526 3717 templa
1572 3653 1705 3697 3553
1754 3632 1977 3698 debere
2024 3635 2321 3698 continuo
2362 3640 2595 3720 saepta.
2643 3671 2728 3684 --
2764 3633 2897 3700 Sed

503 3763 576 3807 30
648 3738 747 3803 (113
817 3759 940 3822 quo
1001 3737 1177 3803 locus
1241 3740 1771 3824 inauguraretur,
1831 3738 2249 3803 manifestum
2317 3745 2413 3803 est
2461 3761 2663 3825 neque
2712 3741 2897 3825 quid·-

572 3935 627 3997 1)
673 3933 829 3982 Schol.
879 3932 979 3981 Cic.
1013 3947 1122 3998 pag.
1159 3934 1236 3980 84.
1273 3959 1341 3970 --
1377 3934 1427 3991 2)
1461 3932 1559 3980 Cfr.
1601 3932 1676 3982 lex
1714 3933 1770 3980 (13
1806 3933 1889 3981 XX
1927 3931 2257 3997 quaestoribus
2292 3934 2415 3994 540,
2456 3933 2617 3982 Bruno
2652 3950 2760 4000 pag.
2796 3936 2891 3985 84:

509 4017 596 4065 aad
633 4015 794 4064 aedem
831 4014 1054 4073 Saturni,
1089 4014 1140 4062 in
1177 4013 1360 4078 11311313
1395 4014 1523 4062 intra
1557 4011 1765 4062 3311133”.
1804 4042 1862 4052 -—
1904 4015 1953 4074 3)
1990 4015 2211 4064 Fortasse
2246 4014 2359 4063 licet
2392 4029 2669 4079 comparare
2698 4031 2895 4066 murum

504 4097 736 4148 humilem
768 4097 852 4161 qui
888 4097 1028 4145 hodie
1063 4103 1194 4145 extat
1232 4096 1450 4160 Pompeis
1486 4096 1536 4144 in
1573 4097 1679 4145 foro
1712 4097 1838 4160 quod
1875 4096 2054 4146 dicitur
2086 4096 2403 4160 triangulari,
2433 4096 2515 4160 qui
2544 4095 2602 4146 311
2632 4113 2725 4146 1133
2754 4103 2897 4163 parte

503 4179 733 4229 terminat
775 4194 934 4228 aream
981 4178 1172 4241 templi,
1221 4179 1276 4226 de
1322 4193 1417 4240 quo
1461 4177 1707 4226 Overbeck
1757 4177 1979 4243 (Pompei
2025 4194 2132 4244 pag.
2170 4178 2285 4242 7l):
2340 4177 2790 4228 .Wahrscheinlich·
2834 4181 2899 4230 iet

504 4263 630 4311 dicae
679 4261 889 4325 niedrige
943 4261 1117 4310 Mauer
1167 4260 1503 4324 urspriinglich
1547 4261 1655 4308 3133
1700 4260 1946 4310 Schranke
1990 4275 2228 4323 gavassa,
2277 4259 2453 4309 welche
2500 4262 2592 4310 den
2630 4261 2897 4326 gaweihten

507 4345 670 4392 Boden
717 4343 798 4392 (133
847 4343 1033 4392 Plataea
1081 4359 1161 4392 um
1205 4343 1296 4391 den
1341 4343 1534 4406 Tempel
1583 4343 1681 4390 und
1719 4343 1847 4391 aeine
1882 4341 2049 4391 Altfire
2086 4357 2179 4390 von
2217 4342 2323 4391 dem
2362 4343 2725 4394 Profanternin
2760 4344 2899 4410 ling·

505 4426 590 4474 der
623 4424 926 4474 Sialenhalle
961 4423 1210 4488 abgrenzte
1247 4461 1258 4474 .
1283 4462 1293 4472 .
1315 4423 1378 4472 .”.
1414 4425 1504 4472 Sed
1540 4422 1619 4472 hic
1652 4439 1819 4472 murus
1854 4422 1911 4472 ab
1947 4441 2043 4472 uma
2078 4428 2269 4473 tantum
2303 4428 2439 4489 parte
2474 4426 2704 4476 terminat
2731 4443 2889 4478 3133111

503 4509 686 4574 templi.
727 4535 792 4544 —
823 4509 880 4571 4)
921 4507 1023 4557 vid.
1064 4507 1136 4556 loc
1187 4506 1295 4555 coll.
1332 4505 1456 4571 apud
1494 4507 1655 4571 Mai-q.
1695 4506 1923 4555 Wissowa
1956 4507 1985 4554 3
2021 4523 2127 4572 pag.
2164 4507 2256 4556 152
2294 4506 2402 4556 adn.
2442 4508 2488 4557 6.
