3192 5009
508 338 640 405 258
1270 359 1355 406 nr.
1402 357 1714 407 Ama-ran
1757 356 2078 407 msrou.

504 528 571 588 et
614 525 685 587 in
726 525 901 609 ipsos
943 522 1209 588 Iudaeos
1254 523 1583 588 decretum
1619 522 2047 608 Philopatoris
2083 524 2418 609 cognitum
2453 520 2765 587 habemus
2799 542 2876 585 ex

507 628 1029 695 Maccahaeorum
1086 629 1249 694 libro
1308 628 1424 693 III.
1478 628 1540 693 3.
1582 627 1694 707 28,
1759 650 1886 714 quo
1947 632 2232 715 praemia
2293 627 2682 694 delatoribus
2743 648 2880 693 cou-

502 740 863 802 stituuntur
878 758 895 815 ;
963 744 1029 802 et
1092 740 1161 801 in
1222 738 1341 801 hac
1402 739 1541 822 ipsa
1601 734 1868 821 epistola
1925 736 2208 801 Aristeas
2267 738 2440 822 regis
2501 736 2881 813 τρόςταγμα

500 843 868 930 perscribit,
906 846 975 907 in
1014 845 1197 907 cuius
1234 842 1357 907 fine
1394 842 1549 907 haec
1587 848 1768 906 sunt:
1813 840 1958 919 „rhu
1999 840 2060 905 δὲ
2099 841 2473 917 βουλόμενον
2497 841 2888 921 προαγγέλ-

500 964 629 1012 λειν
690 950 823 1027 περὶ
883 956 999 1013 τῶν
1062 950 1523 1024 circione-duros
1584 948 1685 1012 ἐπὶ
1749 951 1856 1011 τοῦ
1903 946 2206 1025 manin-oc
2255 948 2470 1027 ἔνδχου
2517 950 2628 1022 τὴν
2676 947 2890 1027 κυρίαν

502 1053 701 1133 ἕξειν”
752 1055 877 1135 (ed.
924 1054 1141 1121 Schm.
1193 1054 1297 1121 18.
1328 1052 1415 1135 7).

590 1162 669 1226 In
714 1162 939 1227 eodem
984 1161 1407 1248 ephemeridis
1454 1182 1650 1247 quam
1694 1160 1830 1225 dixi
1865 1159 2168 1225 fasciculo
2187 1210 2204 1242 ‚
2241 1162 2312 1225 in
2348 1180 2474 1245 quo
2517 1159 2596 1225 de
2617 1156 2898 1244 epistola

502 1270 789 1333 Aristeae
836 1268 1193 1355 disputavit
1210 1316 1227 1345 ,
1274 1267 1447 1332 lectu
1485 1266 1936 1353 dignissimam
1975 1269 2582 1332 commentationem
2615 1267 2900 1330 inseruit

504 1374 841 1441 Graetzius
887 1374 964 1440 de
1008 1373 1615 1460 Hierosolymorum
1655 1394 1796 1439 arce
1839 1372 1956 1437 illa
1971 1422 1989 1450 ‚
2039 1394 2202 1458 quae
2247 1376 2316 1437 in
2361 1372 2904 1438 Maccahaeorum

504 1480 673 1545 libro
736 1483 945 1566 primo
1008 1478 1167 1559 ἄκρα
1242 1486 1525 1545 vocatur.
1611 1481 1926 1544 Accurata
1983 1478 2276 1545 locorum
2334 1481 2566 1544 notitia
2621 1481 2904 1543 instruc-

508 1594 617 1651 tus
653 1586 879 1651 deinde
924 1586 1217 1670 perhibet
1260 1588 1421 1650 arcis
1467 1584 2067 1670 Hierosolymorum
2121 1585 2610 1670 descriptionem
2629 1633 2646 1661 ‚
2695 1605 2908 1669 quam

512 1692 687 1757 dedit
751 1693 1068 1768 Aristeas,
1134 1694 1318 1756 unice
1380 1694 1718 1756 convenire
1775 1689 1879 1755 illi
1939 1693 2100 1768 arci,
2161 1712 2357 1775 quam
2425 1692 2504 1756 ab
2571 1691 2906 1756 Antiocho

508 1798 841 1884 Epiphane
887 1798 1211 1863 conditam
1254 1804 1473 1883 postea
1512 1797 1876 1863 Maccabaei
1921 1802 2312 1882 occuparunt
2331 1846 2348 1873 ,
2397 1818 2594 1883 quam
2631 1796 2866 1862 deinde
2887 1846 2908 1873 ,

506 1908 693 1970 novis
768 1912 1023 1969 auctam
1106 1907 1526 1969 munimentis
1544 1953 1561 1981 ‚
1649 1902 1936 1968 Herodes
2021 1905 2090 1966 in
2174 1904 2504 1969 triumviri
2585 1904 2910 1969 honorem

508 2013 853 2077 Antoniam
923 2013 1297 2076 nominavit.
1367 2009 1551 2075 Hanc
1619 2016 1838 2075 autem
1909 2030 2118 2075 arcem
2187 2030 2339 2074 cum
2411 2006 2748 2075 Graetzius
2815 2008 2910 2073 ab

512 2120 763 2182 Aristea
822 2117 1091 2181 describi
1152 2116 1477 2181 contendit
1494 2164 1510 2193 ‚
1574 2117 1786 2200 magis
1841 2117 1980 2200 ipse
2041 2136 2158 2179 sua
2215 2114 2344 2179 loci
2389 2118 2756 2202 cognitione
2801 2118 2912 2179 in-

510 2229 791 2287 structus
838 2242 1037 2306 quam
1082 2222 1369 2286 Aristeae
1417 2222 1629 2286 verbis
1677 2221 1898 2285 doctus
1944 2222 2296 2287 Antoniam
2341 2225 2682 2309 agnovisse
2719 2222 2910 2287 vide—

510 2338 637 2393 tur.
698 2328 1015 2413 Equidem
1062 2331 1429 2413 putaverim
1473 2328 1762 2391 Aristeae
1806 2327 2002 2392 verba
2047 2328 2308 2393 confusa
2353 2335 2421 2395 et
2465 2330 2734 2394 obscura
2781 2334 2908 2393 aut

511 2438 717 2501 cuivis
784 2437 913 2499 arci
975 2440 1090 2498 aut
1152 2436 1411 2499 omnino
1470 2432 1634 2497 nulli
1695 2433 1984 2518 adaptari
2043 2455 2245 2518 posse.
2293 2433 2520 2499 Unum
2559 2439 2630 2499 in
2675 2438 2906 2521 paucis

506 2541 639 2606 illis
684 2548 751 2606 et
796 2542 1079 2605 obscuris
1098 2589 1115 2616 ,
1163 2561 1371 2604 unum
1416 2544 1673 2603 tantum
1718 2539 2136 2603 manifestum
2181 2546 2312 2605 est:
2361 2561 2478 2605 arx
2521 2540 2638 2606 illa
2683 2548 2896 2604 κεῖται

512 2650 571 2711 ἐν
635 2647 1009 2728 ὑψηλοτάτῳ
1070 2646 1241 2727 τόπῳ
1260 2694 1276 2723 ,
1340 2644 1581 2731 templo
1628 2652 1846 2710 autem
1893 2647 2107 2709 vicina
2153 2652 2252 2711 est
2295 2650 2432 2725 (τοῦ
2477 2646 2671 2711 τόπου
2721 2648 2902 2712 κατὰ

510 2755 775 2832 κορυφὺν
820 2750 983 2823 ὄντος
1030 2758 1147 2815 τῶν
1196 2750 1629 2831 προειρημένων
1675 2749 2037 2827 περιβόλων.
2089 2789 2174 2799 —
2223 2751 2321 2815 ed.
2371 2750 2590 2817 Schm.
2641 2750 2749 2818 32.
2779 2752 2906 2831 20)

509 2860 677 2946 quod
715 2865 1063 2943 utrumque
1080 2906 1099 2935 ,
1140 2860 1265 2921 nisi
1302 2856 1505 2934 fallor,
1554 2855 1632 2921 de
1679 2857 1972 2921 omnibus
2020 2856 2194 2921 valet
2239 2860 2684 2936 munimentis,
2731 2879 2906 2944 quae

509 2972 575 3032 et
644 2973 789 3029 ante
859 2963 1337 3029 Seleucidarum
1398 2970 1688 3046 tempora
1749 2968 1816 3027 et
1875 2968 2098 3047 postea
2157 2966 2226 3026 in
2287 2962 2906 3050 Hierosolymorum

510 3093 651 3137 arce
698 3072 975 3135 fuerunt.
1024 3070 1287 3135 Frustra
1334 3072 1473 3133 sive
1518 3090 1597 3133 ex
1643 3070 1804 3132 arcis
1849 3070 1986 3133 sive
2033 3068 2210 3133 urbis
2255 3068 2678 3157 descriptione
2715 3070 2910 3155 quid-

512 3199 708 3263 quam
746 3179 903 3241 certi
942 3176 1185 3241 efficere
1222 3178 1463 3240 coneris
1498 3177 1622 3239 nisi
1661 3175 1818 3240 hoc:
1861 3196 2214 3260 numquam
2253 3179 2390 3241 suis
2427 3176 2630 3243 oculis
2667 3180 2909 3263 episto-

510 3285 609 3350 lae
656 3286 1033 3368 scriptorem
1080 3282 1321 3347 Urbem
1366 3301 1612 3345 sacram
1655 3280 1910 3344 vidisse.

605 3392 692 3455 At
732 3393 997 3453 ianuam
1043 3387 1271 3473 templi
1316 3387 1485 3451 vidit
1532 3388 1813 3451 Aristeas
1861 3392 2000 3465 (aut
2045 3386 2276 3453 saltem
2323 3389 2562 3455 vidisse
2599 3390 2906 3478 fingitur)

514 3495 854 3579 magnifice
891 3502 1278 3559 exornatam.
1326 3492 1509 3573 Quod
1546 3512 1788 3555 novum
1811 3500 2272 3579 argumentum
2293 3497 2558 3561 videtur
2579 3495 2903 3573 Graetzio,

514 3602 806 3669 Philonis
868 3600 1089 3664 Iudaei
1150 3606 1357 3664 aetate
1420 3603 1766 3672 σύνταγμα
1825 3605 2116 3663 nostrum
2178 3622 2304 3665 non
2363 3604 2692 3688 antiquius
2737 3623 2902 3668 esse.

514 3710 681 3773 Nam
748 3707 913 3771 fores
982 3704 1211 3790 templi
1278 3724 1433 3767 auro
1506 3708 1896 3786 argentoque
1959 3704 2268 3770 ornandas
2331 3714 2396 3770 et
2455 3708 2906 3773 incrustandas

510 3816 763 3880 curavit
818 3810 1195 3886 Alexander,
1256 3809 1547 3873 Philonis
1594 3806 2006 3873 Alexandrini
2051 3810 2265 3888 frater,
2315 3816 2428 3896 qui
2473 3814 2594 3878 sub
2641 3812 2906 3879 Tiberio

510 3919 871 3987 Arabarcha
926 3917 1051 3980 fuit
1114 3924 1179 3980 et
1238 3914 1485 3978 divitiis
1530 3916 1702 3977 inter
1749 3913 2044 3997 aequales
2091 3914 2414 3981 inclaruit.
2477 3918 2904 3985 Alexandriae

512 4036 733 4093 autem
818 4045 969 4088 cum
1054 4022 1371 4086 habitaret
1449 4017 1806 4082 Alexander
1873 4018 1986 4085 ille
2055 4021 2158 4099 (de
2233 4044 2360 4107 quo
2431 4023 2580 4089 vide
2647 4024 2902 4110 Ioseph.

512 4134 693 4201 Flav.
760 4130 832 4195 B.
860 4129 909 4193 I.
974 4127 1049 4191 V.
1099 4127 1167 4202 5)
1230 4123 1551 4209 probabile
1623 4129 1715 4186 est
1785 4124 2106 4190 Aristeam
2175 4129 2314 4192 eius
2383 4130 2720 4214 aequalem
2789 4138 2910 4196 aut

508 4243 747 4307 vidisse
836 4234 951 4299 illa
1038 4237 1409 4297 ornamenta
1492 4234 1606 4293 aut
1697 4249 1920 4294 eorum
2011 4233 2560 4319 magnificentiam
2649 4236 2906 4302 laudari

514 4347 791 4413 audiisse
810 4392 827 4419 ,
900 4338 1131 4405 saltem
1190 4333 1407 4399 libello
1476 4354 1591 4397 suo
1663 4332 2146 4420 descriptionem
2215 4360 2440 4405 eorum
2501 4340 2732 4407 addere
2795 4364 2912 4409 vo-

512 4456 729 4521 luisse.
806 4485 891 4496 —-
962 4445 1063 4509 Ita
1138 4442 1267 4506 fere
1342 4437 1693 4506 Graetzius.
1763 4442 2046 4509 Aristeas
2113 4465 2264 4511 vero
2333 4446 2482 4523 „zai
2553 4451 2662 4513 τοῦ
2735 4450 2914 4529 θυρώ-
