3192 5009
491 318 620 386 394
1383 335 1468 382 An
1516 333 1868 384 onmem.

577 527 612 566 υ
638 500 723 568 52
1635 501 1770 576 άνίη
1818 499 1955 566 καὶ
2012 500 2091 568 τὸ
2140 498 2487 582 Φυλάσσειν

799 609 1116 691 πάννυχον
1164 609 1562 687 ἐγρήσσοντα.
2770 693 2777 698 .

483 715 729 782 Tuetur
771 715 1067 782 voculam
1115 714 1216 779 καὶ
1270 739 1299 778 ο
1324 712 1456 780 394
1502 715 1640 788 άνίη
1688 714 1823 780 καὶ
1871 713 2064 784 πολὺς
2106 711 2285 785 ὕπνοι,-
2306 762 2323 791 ,
2366 714 2420 778 si
2458 715 2604 798 quis
2628 715 2863 776 autem

481 827 550 888 in
610 822 965 889 Homericis
1023 843 1149 888 non
1211 822 1334 887 fert
1394 843 1623 888 verum
1686 821 2031 887 articulum
2048 870 2064 900 ‚
2137 822 2541 906 interpretari
2612 820 2867 903 poterit

481 935 594 993 ant
653 934 830 994 τοῦτο
892 928 962 992 τὸ
1023 929 1392 1010 φυλάσσειν,
1455 927 1610 992 istae
1668 927 1965 1005 excubiae,
2012 934 2126 993 aut
2170 927 2307 1001 άνίη
2355 927 2459 991 καὶ
2510 923 2684 1001 τόδε,
2730 930 2867 1004 Φυ-

481 1033 736 1099 λάσσειν
781 1035 1090 1115 πάννυχον
1137 1035 1535 1112 ἐγρήσσοντα.
1584 1031 1723 1114 Quo
1763 1054 1913 1099 vero
1948 1040 2133 1119 pacto
2170 1032 2348 1098 locus
2382 1054 2437 1112 χ
2461 1030 2615 1108 364,
2656 1049 2857 1116 quem

482 1141 750 1207 afferunt
807 1142 1078 1208 editores
1095 1189 1114 1220 ‚
1162 1146 1422 1206 tueatur
1463 1140 1526 1206 Ν
1527 1140 1699 1206 aberi
1744 1144 2173 1206 coniecturam
2222 1139 2417 1205 νύκτα
2460 1158 2575 1224 pro
2624 1137 2729 1201 καὶ
2780 1135 2857 1200 τὸ

482 1248 654 1313 haud
698 1269 1013 1334 assequor.
1061 1247 1464 1335 Typothetae
1511 1268 1684 1312 error
1730 1248 1985 1314 subesse
2033 1246 2306 1314 videtur.

579 1491 614 1531 υ
642 1468 770 1534 166
807 1466 974 1546 ξεῖν’,
1024 1465 1060 1541 ἦ
1106 1467 1184 1547 ἄρ
1229 1468 1293 1533 τί
1338 1491 1424 1532 σε
1470 1470 1718 1544 μᾶλλον
1764 1463 2092 1548 Ἀχαιοὶ
2142 1463 2493 1544 εἷσοράουσι.

803 1573 868 1649 ἦέ
915 1577 972 1638 σ“
1020 1572 1390 1656 άτιμάζουσι
1439 1573 1611 1638 κατὰ
1657 1572 1906 1652 μέγαρ’,
1954 1573 2030 1644 ὡς
2079 1572 2148 1636 τὸ
2196 1569 2385 1648 πάρος
2436 1589 2583 1650 περς

489 1679 738 1746 Vitium
782 1683 1124 1746 metricum
1167 1681 1428 1746 fortasse
1475 1681 1683 1745 curari
1726 1684 1938 1765 potest
1984 1676 2340 1743 scribendo:

803 1783 973 1863 ξεῖν’,
1022 1783 1058 1859 ἦ
1105 1784 1180 1866 άρ
1221 1787 1383 1863 (νύ)
1431 1809 1490 1850 τι
1537 1791 1786 1864 μᾶλλον
1836 1784 2162 1864 Ἀχαιοί
2208 1785 2269 1848 σ’
2318 1781 2671 1861 εἰσοράουσι.

579 2013 634 2086 Φ
663 2004 790 2071 136
837 2000 912 2077 ὥς
958 2007 1164 2071 νειπῶν
1211 2003 1384 2080 τόξον
1430 2005 1544 2082 μὲν
1589 2005 1717 2069 άπὸ
1765 2002 1851 2068 τέο
1900 2005 2043 2079 θῆκε
2087 2002 2355 2085 χαμᾶζε

849 2113 1061 2182 κλίνας
1109 2121 1475 2193 κολλητῇσιν
1514 2111 1580 2177 ἐὺ
1630 2111 1879 2192 ξεστῇσι
1928 2110 2204 2189 σανίσσι,

847 2219 1050 2283 αὐτόθι
1101 2219 1155 2283 δ’
1205 2220 1322 2284 ὠκὺ
1370 2219 1555 2295 βέλος
1607 2228 1772 2300 καλῇ
1820 2216 2171 2296 προσέκλινε
2220 2217 2532 2296 κορώνη.

489 2323 818 2390 Nostrates
869 2325 1244 2401 „manubrio
1287 2327 1513 2390 ianuae
1559 2323 1828 2390 acclines
1874 2326 2104 2389 statuit
2148 2343 2368 2388 arcum
2414 2328 2479 2387 et
2524 2324 2870 2409 sag-ittam.

491 2429 586 2494 De
652 2452 826 2493 arcus
884 2426 1097 2510 κορώνῃ
1143 2430 1556 2517 cogitandum
1602 2450 1728 2495 non
1772 2429 2029 2495 videtur
2042 2451 2059 2508 ;
2108 2435 2449 2515 utramque
2493 2426 2885 2512 explicatio-

491 2555 639 2599 nem
677 2538 858 2600 novit
895 2535 1336 2601 Eustethiu5.'’
1386 2535 1560 2602 Scire
1599 2542 1815 2602 tamen
1850 2535 2165 2621 pervelim
2181 2584 2198 2613 ‚
2241 2556 2365 2621 quo
2388 2540 2573 2622 pacto
2598 2536 2871 2620 sagitta,

489 2643 614 2705 nisi
673 2644 954 2728 ingentis
999 2642 1196 2708 fuerit
1241 2642 1706 2728 magnitudinis
1724 2691 1741 2720 ‚
1790 2641 2085 2708 acclinati
2131 2643 2413 2727 potuerit
2456 2643 2683 2706 ianuae
2727 2659 2875 2704 ma·-

491 2748 716 2813 nubrio
735 2797 750 2824 ‚
801 2748 968 2834 quod
1015 2755 1142 2814 tres
1191 2755 1545 2834 quatuorve
1590 2749 1721 2814 fere
1766 2747 2034 2835 pedibus
2072 2769 2109 2813 a
2147 2747 2279 2814 solo
2319 2753 2639 2813 remotum
2664 2745 2873 2811 fuisse

491 2853 906 2940 cogit-andum
951 2861 1066 2920 est.

579 3069 634 3136 Φ
666 3057 791 3122 193
837 3059 1100 3137 βουκόλε
1146 3058 1251 3124 καὶ
1300 3059 1375 3123 σὺ
1423 3057 1733 3138 συφορβέ,
1780 3060 1949 3130 νέπος
1996 3060 2063 3123 τί
2107 3081 2175 3122 κε
2221 3057 2612 3134 μυθησαίμην
2634 3077 2648 3094 ·

852 3164 885 3238 ἢ
935 3165 1182 3235 αὐτὸς
1230 3166 1450 3244 κεύθω,
1499 3166 1745 3244 Φάσθάι
1796 3164 1861 3230 δέ
1909 3190 1991 3242 με
2037 3165 2221 3240 θυμὸς
2272 3164 2513 3240 α’νῶγει.

491 3269 850 3335 Pronomen
913 3269 1098 3343 αὐτὸς
1159 3274 1336 3335 omni
1397 3293 1583 3336 sensu
1646 3277 1850 3349 caret,
1914 3277 1979 3336 et
2038 3274 2151 3336 vix
2218 3270 2441 3336 dubito
2488 3272 2643 3355 quin
2688 3275 2864 3336 recte

493 3376 698 3442 Bothe
762 3382 826 3441 et
869 3375 1048 3441 Plstt
1093 3377 1509 3462 praetulerint
1555 3377 1825 3444 alteram
1870 3377 2212 3443 lectionem
2258 3375 2457 3448 αὕτως
2477 3425 2493 3453 ,
2543 3374 2713 3461 quod
2758 3375 2871 3440 ad-

492 3482 788 3548 verbium
835 3501 984 3547 cum
1027 3482 1104 3546 ab
1150 3481 1432 3548 Homero
1477 3491 1825 3569 usurpetur
1872 3482 1949 3548 de
1988 3479 2083 3547 rei'
2120 3488 2293 3547 statu
2329 3504 2454 3548 non
2490 3485 2863 3558 immutato,

493 3588 684 3653 verba
731 3589 764 3662 ἢ
814 3587 1014 3660 αὔτως
1066 3589 1283 3666 aedom
1327 3589 1685 3675 significare
1723 3596 2023 3676 poterunt
2064 3613 2187 3666 „an
2202 3637 2219 3668 ‚
2258 3596 2327 3652 ut
2363 3590 2657 3673 hueusque
2677 3588 2863 3674 feci,

493 3694 668 3757 celem
685 3693 762 3756 ?’'

582 3895 793 3978 Φ259
843 3935 928 3946 -
978 3898 1070 3968 τίς
1119 3899 1182 3963 δέ
1231 3923 1298 3963 κε
1347 3897 1500 3976 τόξα
1549 3900 1902 3978 τιταίνοιτ’;
1954 3900 2128 3964 ἀλλὰ
2176 3899 2405 3973 νέκηλοι

851 4003 1124 4082 κάτθετ’,
1173 4005 1335 4083 άτάρ
1383 4006 1645 4078 πελέκυς
1694 4029 1775 4084 γε
1821 4005 1958 4070 καὶ
2009 4007 2078 4070 εἲ
2125 4008 2183 4070 κ’
2232 4006 2470 4081 ἑάωμεν
2515 4001 2815 4076 ἅπαντας

853 4109 1166 4189 ἑστάμεν’,
1217 4111 1344 4175 κτέ.

491 4219 661 4303 Apta
705 4214 815 4280 sed
859 4215 1074 4300 paullo
1119 4215 1456 4282 violentior
1502 4217 1822 4283 editorum
1870 4207 2229 4283 coniectura

670 4321 832 4400 άτὶρ
879 4321 1139 4392 πελέκυς
1179 4345 1259 4398 γε
1308 4321 1395 4388 ἑά
1417 4345 1662 4399 σομεν
1709 4323 1912 4404 (codd.
1964 4324 2203 4403 εἰῶμεν)
2254 4321 2447 4388 ἐνθάδ’
2496 4320 2813 4396 ἅπαντας.

495 4428 731 4500 Lenius
777 4431 1192 4495 correxerim:
