3192 5009
510 228 596 294 40
1533 247 1842 297 nummus.

511 416 914 477 trementem.
956 412 1202 494 Deriqit
1236 412 1481 500 Regius
1497 461 1514 490 ,
1557 412 1727 497 quod
1764 414 2117 498 vestigium
2136 413 2369 476 veteris
2393 409 2883 498 orthographiae

511 518 629 584 hoc
665 520 1039 604 praesertim
1075 518 1212 584 loco
1253 518 1607 584 oblitterari
1644 516 1848 582 nolim
1861 538 1879 597 3
1924 516 2447 583 considerandum
2486 519 2661 581 enim
2698 521 2878 607 put0‚

499 646 662 689 num
708 626 979 690 verbum
1025 627 1344 690 exstiterit
1389 624 1667 705 deriqare
1689 648 1769 673 =
1792 623 2080 710 rig-idum
2126 623 2349 688 facere.
2397 621 2703 709 Del-igere
2746 620 2880 687 lau—

503 731 689 795 datur
733 752 767 796 e
817 728 1273 797 Commodiano
1291 780 1310 809 ,
1357 730 1528 796 malo
1573 736 1742 795 certe
1789 729 2127 795 latinitatis
2176 736 2452 795 auctore.

591 948 707 1014 IX.
759 946 909 1015 571.
979 947 1137 1016 Cato
1205 950 1518 1027 „ultimus
1579 950 1843 1014 haustor
1893 969 2110 1033 aquae.
2188 946 2355 1015 Cum
2404 949 2661 1013 tandem
2708 948 2887 1013 fonte

503 1062 750 1141 reperto
793 1057 802 1142 Ι
842 1057 1062 1145 indiga
1112 1065 1380 1144 cogatur
1425 1056 1635 1121 laticis
1674 1062 1891 1140 potare
1930 1058 2254 1134 iuventus,
2298 1057 2309 1142 Ι
2351 1061 2512 1133 stat,
2557 1056 2713 1120 dum
2752 1052 2887 1119 lixa

501 1161 743 1227 bibat.”
792 1162 893 1226 Ad
928 1169 1149 1244 potare
1194 1162 1269 1227 A.
1316 1166 1386 1226 in
1431 1183 1639 1248 marg.
1689 1182 1777 1225 m.
1822 1161 1862 1225 2
1900 1162 2199 1243 φώκη
2245 1161 2404 1249 Reg.
2451 1162 2485 1226 1
2528 1184 2617 1226 m.
2658 1168 2887 1225 certare

503 1290 616 1356 pro
675 1275 928 1350 potare,
999 1289 1191 1354 supra
1259 1289 1375 1333 scr.
1435 1290 1522 1350 po
1539 1289 1555 1345 ;
1625 1266 1698 1331 M
1748 1274 1968 1350 potare
2028 1270 2096 1330 in
2157 1266 2373 1332 litura.
2434 1266 2643 1333 Schol.
2693 1266 2879 1331 Bern.

504 1375 659 1440 facit
717 1396 832 1460 pro
897 1381 1155 1452 certare,
1222 1394 1611 1459 quamquam
1667 1372 1907 1438 lemma
1955 1373 2147 1437 habet
2179 1381 2431 1456 potare:
2486 1421 2500 1437 .
2532 1422 2546 1437 .
2579 1421 2592 1437 .
2642 1388 2886 1437 LA'HGIs

505 1498 750 1545 Pomm
794 1498 836 1543 1.
898 1478 1107 1544 laticis
1170 1478 1392 1565 indiga
1449 1481 1755 1544 iuventus
1800 1483 2037 1544 certare
2084 1478 2419 1565 cogatur.”
2492 1481 2753 1543 Conatur
2796 1478 2888 1542 di-

507 1588 675 1652 citur
725 1606 858 1651 esse
904 1587 974 1649 in
1019 1584 1083 1650 S.
1137 1582 1378 1662 Germ„
1430 1591 1493 1650 61
1541 1590 1639 1649 681
1685 1605 1722 1649 a
1773 1584 1804 1647 1
1857 1606 1969 1662 m.,
2018 1584 2129 1650 sed
2176 1605 2463 1662 erasum,
2510 1587 2579 1649 in
2625 1586 2725 1661 A.,
2776 1583 2887 1651 sed

506 1690 899 1778 reliquorum
958 1689 1301 1756 lectionem
1365 1698 1609 1771 θυραίαν
1662 1711 1882 1756 veram
1929 1712 2063 1756 6886
2082 1740 2098 1769 ,
2147 1690 2252 1756 vel
2299 1692 2527 1755 modus
2571 1691 2750 1756 verbi
2794 1693 2889 1754 111-

509 1798 696 1863 dicat.
737 1798 893 1861 Post
941 1818 1061 1877 eoy.
1111 1802 1329 1861 autem
1374 1797 1604 1862 fortius
1653 1797 1911 1882 aliquod
1947 1798 2216 1862 verbum
2235 1846 2252 1875 ‚
2294 1804 2452 1883 puta
2487 1799 2883 1874 intentionis,

509 1906 740 1982 studii,
781 1904 1178 1971 vehementis
1219 1910 1434 1969 motus
1473 1909 1587 1969 aut
1626 1903 1839 1969 simile
1878 1906 2256 1989 requiritur;
2302 1907 2599 1991 „cogitur
2630 1903 2887 1970 bibere'’

510 2012 586 2077 de
651 2013 904 2075 sitiente
967 2010 1348 2088 absurdum,
1414 2031 1617 2095 neque
1681 2017 1907 2096 aptum
1966 2008 2206 2075 veluti:
2272 2014 2523 2097 cogitur
2568 2010 2886 2075 festinare.

509 2118 708 2183 Recta
761 2122 926 2181 esset
988 2119 1333 2181 sententia:
1394 2115 1743 2181 multitudo
1762 2164 1779 2192 ,
1830 2115 1954 2181 alio
2002 2115 2206 2181 alium
2254 2116 2551 2181 trudente
2570 2166 2587 2194 ,
2636 2119 2892 2202 cogitur

509 2223 763 2289 foedare
808 2222 1027 2287 latices
1048 2272 1063 2299 ,
1104 2222 1360 2287 turbare
1398 2225 1728 2298 inventos;
1772 2228 2088 2308 coguntur
2124 2225 2480 2308 praeripere
2520 2222 2682 2287 alter
2703 2221 2892 2288 alteri

510 2329 724 2395 locum
769 2328 1042 2393 bibendi.
1094 2326 1220 2393 Sed
1265 2329 1385 2393 hoc
1432 2350 1557 2392 non
1597 2335 1695 2393 est
1734 2328 1999 2410 epobiare
2038 2329 2676 2405 Ashburnhamensis,
2722 2328 2893 2415 quod

511 2443 730 2502 contra
774 2457 970 2500 usum
1012 2438 1388 2520 iungeretur
1435 2456 1584 2498 cum
1634 2437 1994 2499 accusativo
2043 2438 2133 2500 rei
2173 2435 2417 2500 ablatae
2456 2435 2715 2515 (latices)
2754 2441 2885 2511 aut,

512 2545 568 2607 si
606 2542 808 2605 laticis
845 2540 1116 2627 leg-atur,
1160 2562 1356 2625 aeque
1395 2546 1616 2605 contra
1658 2540 2183 2605 consuetudinem
2208 2540 2493 2606 absolute
2518 2546 2882 2626 poneretur.

513 2648 654 2713 Non
691 2646 876 2724 licet,
925 2652 1238 2731 quantum
1273 2647 1458 2711 video
1477 2696 1492 2723 ,
1533 2649 1797 2732 propius
1838 2646 2126 2712 accedere
2164 2648 2242 2713 ad
2281 2646 2621 2712 lectionem
2660 2646 2885 2733 vulga-

513 2762 650 2821 tam
712 2760 776 2818 et
837 2752 1034 2817 simul
1091 2755 1438 2817 sententiae
1501 2753 1859 2818 satisfacere
1925 2773 2120 2839 quam
2184 2752 2561 2839 simpliciter
2609 2775 2891 2835 puynare

514 2882 626 2947 pro
683 2867 902 2942 potare
969 2858 1428 2923 substituendo.
1509 2860 1750 2922 Cet-tare
1814 2861 1884 2922 111
1942 2858 2001 2922 Β
2024 2858 2069 2924 S
2130 2862 2265 2924 61118
2332 2859 2670 2945 explicatio
2754 2864 2888 2937 est;

504 2976 722 3052 potare
759 2974 856 3032 est
892 2969 1330 3052 interpretatio
1371 2969 1714 3051 superioris
1739 2966 2003 3053 „indiga
2022 2965 2274 3032 laticis''
2301 2993 2381 3018 =
2401 2968 2623 3055 indiga
2648 2975 2889 3053 potare.

517 3072 791 3156 Spobiare
860 3075 1128 3157 repetita
1185 3095 1216 3134 ε
1275 3078 1599 3157 postrema
1658 3072 1953 3137 vocabuli
2028 3072 2231 3135 laticis
2291 3073 2555 3139 fortasse
2604 3094 2638 3139 e
2676 3080 2896 3156 potare

517 3181 785 3245 exstitit.
856 3176 1059 3243 Solito
1121 3199 1328 3243 errore
1377 3181 1664 3243 variatur
1708 3181 1876 3244 inter
1924 3178 2127 3242 laticis
2173 3186 2237 3243 61
2285 3178 2512 3244 latices.
2563 3180 2784 3243 Potare
2828 3185 2893 3244 et

505 3306 785 3368 paquara
853 3282 1451 3369 palaeographicam
1519 3283 1800 3369 aliquam
1872 3284 2365 3349 similitudinem
2432 3285 2667 3351 habent
2685 3334 2701 3363 ,
2770 3305 2897 3371 qua

517 3390 654 3455 fieri
720 3392 932 3474 potuit
1000 3395 1075 3453 ut
1146 3392 1789 3474 interpretamentum
1842 3398 2061 3472 potare
2121 3390 2395 3455 alterum
2457 3391 2727 3456 verbum
2792 3412 2897 3457 ex-

518 3495 773 3582 pulerit.
823 3494 947 3559 Sed
993 3494 1290 3578 equidem
1335 3515 1460 3558 non
1499 3496 1797 3581 pugnabo
1818 3543 1834 3572 ,
1883 3499 1940 3560 si
1978 3498 2119 3580 quis
2160 3496 2547 3581 probabilius
2585 3498 2890 3575 inveniet,

521 3600 900 3668 contendens
947 3605 1201 3665 tantum
1237 3608 1456 3682 potare
1502 3606 1877 3685 corruptum
1924 3620 2081 3665 esse.
