3192 5009
431 326 444 341 ’
472 339 601 410 442
1407 359 1494 408 An
1539 357 1865 410 mmoos.

467 525 795 591 Editorem
857 547 980 591 non
1023 527 1328 611 recepisse
1373 525 1705 592 meliorem
1750 525 1980 593 codicis
2027 527 2083 592 A
2119 526 2435 612 (Stobaei)
2482 526 2833 593 lectionem

470 655 855 710 γεγωτας
902 654 1116 698 1111101.

556 836 802 903 Ibidem
849 834 1000 916 547,
1033 837 1114 902 12

824 947 966 1021 πρὸς
1015 944 1140 1025 γὰρ
1188 947 1255 1010 τὸ
1304 945 1588 1024 λαμπρὸν
1633 945 1661 1008 ὅ
1709 944 1921 1024 <polhoc
1967 943 2403 1024 βιάζεται,

827 1051 1106 1129 σφάλλει
1152 1049 1205 1115 δ’
1258 1051 1508 1118 ἐκείνους
1557 1045 1655 1118 οὓς
1703 1049 1779 1115 ἂν
1829 1050 2041 1131 ὑψώσῃ
2087 1052 2274 1130 τύχη.

466 1156 723 1222 Leniter
767 1157 875 1222 sed
920 1178 1145 1244 parum
1187 1163 1331 1244 apte
1369 1155 1694 1222 Wecklein
1736 1158 2001 1222 coniecit
2037 1155 2353 1238 magnas,
2390 1156 2582 1246 longe
2621 1161 2839 1244 aptius

467 1262 575 1329 sed
633 1265 802 1329 iusto
865 1263 1208 1330 violentius
1254 1263 1526 1350 Blaydes
1574 1265 1950 1330 τιτύσκετιι.
1999 1262 2215 1330 Simili
2260 1285 2449 1332 sensu
2492 1285 2611 1353 ego
2658 1286 2839 1352 repo-

468 1370 748 1436 nendum
793 1374 1081 1459 suspicor
1125 1368 1593 1452 τοξάζεταιι.

1550 1623 1833 1631 --—--—-.-——-

564 1798 739 1865 Haec
799 1798 1011 1884 praelo
1072 1798 1399 1864 mandanti
1457 1796 1713 1862 affertur
1771 1797 1936 1862 mihi
1982 1795 2179 1862 eheu!
2229 1798 2638 1861 tristissimus
2682 1815 2849 1858 nun·

475 1908 607 1971 tius
624 1955 640 1984 ,
705 1926 855 1972 eum
917 1926 1108 1992 quem
1171 1908 1360 1971 toties
1424 1925 1572 1970 cum
1615 1906 1685 1969 in
1728 1905 1845 1970 hac
1891 1901 2346 1990 scriptiuncula
2390 1909 2536 1967 tum
2580 1904 2649 1965 in
2694 1899 2846 1964 aliis

475 2014 837 2091 nominavi,
908 2032 1223 2100 magnum
1282 2013 1674 2099 tragicorum
1734 2013 2178 2096 sospitatorem
2237 2008 2299 2074 N
2300 2007 2606 2074 auckium
2664 2006 2847 2072 diem

476 2118 706 2183 obiisse
744 2139 1136 2204 supremum.
1177 2117 1434 2183 Summi
1469 2121 1595 2182 viri
1633 2118 1869 2183 amicos
1908 2122 1973 2181 et
2009 2116 2423 2182 admiratores
2462 2117 2531 2178 in
2555 2115 2848 2179 maximo

475 2227 612 2291 eius
672 2224 977 2291 desiderio
1037 2223 1343 2311 luctuque
1403 2224 1556 2289 haec
1620 2229 1785 2288 certe
1847 2225 2042 2310 erigit
2088 2220 2465 2300 00118018110,
2516 2218 2681 2307 quod
2730 2219 2849 2304 qui

475 2335 572 2396 tot
612 2336 911 2415 tantaque
950 2333 1193 2416 ingenii
1233 2335 1299 2396 et
1338 2330 1656 2395 doctrinae
1696 2328 1997 2415 relinquit
2033 2334 2449 2394 monumenta
2486 2347 2609 2392 non
2634 2327 2849 2390 omnis

477 2439 768 2503 1110111111.
818 2434 1151 2515 Viventes,
1193 2439 1249 2500 si
1289 2435 1562 2521 reliquas
1603 2437 1739 2501 eius
1780 2438 2054 2501 virtutes
2092 2438 2343 2521 assequi
2380 2455 2504 2498 non
2528 2431 2844 2509 valemus,

478 2546 812 2608 1111110111111
880 2542 1105 2608 saltem
1178 2545 1480 2608 eximiam
1547 2543 2018 2607 humanitatem
2086 2549 2151 2607 et
2221 2539 2601 2628 stupendam
2662 2537 2847 2604 indu-

477 2646 735 2715 striam!

569 2865 901 2936 Corollarii
957 2870 1158 2934 instar
1217 2869 1316 2934 his
1376 2869 1535 2935 addo
1596 2891 1827 2957 paucas
1889 2869 2197 2956 quasdam
2242 2870 2713 2935 observationes
2760 2868 2843 2934 ad

479 2973 783 3060 Aeschyli
830 2972 1146 3040 Orestiam
1194 2974 1315 3054 (ed.
1365 2973 1693 3042 Wecklein
1738 2976 1912 3063 Lips.
1967 2973 2185 3058 1886).

572 3177 801 3264 Agam.
871 3177 953 3242 14
1013 3178 1334 3247 ἀντίπνσυς
1401 3200 1512 3263 pro
1574 3180 1703 3242 ἄνθ’
1756 3175 1977 3257 ὕπνου,
2043 3177 2211 3264 quod
2254 3165 2450 3244 latuit
2495 3177 2839 3254 editorem,

482 3303 625 3348 mea
670 3289 766 3349 est
812 3286 1114 3350 correctio
1158 3286 1226 3349 in
1271 3283 1817 3348 Eoeercitationibm
1871 3284 2112 3348 Gn'tieis
2158 3305 2215 3348 a.
2268 3283 2442 3350 1862
2488 3304 2635 3371 pag.
2688 3281 2796 3349 96.

575 3503 681 3571 Vs.
724 3500 856 3569 28¹7
905 3503 1056 3568 οὐδ’
1106 3500 1138 3567 ὅ
1150 3505 1258 3580 «ba
1281 3505 1328 3566 ν’
1377 3503 1453 3568 ἂν
1499 3503 1764 3580 λάβοιμι
1810 3501 2133 3585 βριζούσης
2180 3503 2417 3582 Φρενός.

486 3611 739 3678 Revoca
777 3608 910 3675 cod.
954 3607 1294 3674 lectionem
1334 3633 1361 3672 o
1379 3611 1412 3674 ὕ
1462 3608 1544 3674 δό
1558 3607 1596 3684 ξ
1612 3634 1654 3673 a
1674 3635 1701 3673 ν
1721 3659 1737 3688 ,
1778 3612 1845 3675 111
1884 3630 2010 3696 qua
2046 3609 2210 3674 nihil
2238 3608 2847 3696 reprehendendum.

487 3716 561 3781 In
607 3715 865 3782 editoris
911 3717 1268 3780 coniectura
1314 3736 1501 3780 sensu
1547 3737 1795 3781 cassum
1842 3722 1939 3781 est
1982 3716 2134 3781 οὐδέ.

578 3933 683 4000 Vs,
722 3933 853 3999 353
896 3933 1035 4012 ἔρως
1086 3935 1148 4000 δὲ
1196 3936 1285 4014 μή
1333 3959 1453 4008 τις
1504 3935 1885 4015 πρότερον
1934 3934 2218 4015 ἐμπίπτῃ
2265 3935 2508 4016 στρατῷ

890 4042 1120 4119 πορθεῖν
1159 4033 1204 4107 ἃ
1250 4044 1338 4118 μὴ
1383 4041 1540 4121 χρή,
1591 4041 1857 4122 κέρδεσιν
1905 4039 2283 4118 νικωμένους.

486 4147 764 4212 Annotat
809 4145 1134 4212 Wecklein
1182 4169 1339 4225 „vor
1383 4147 1493 4212 der
1537 4147 1958 4213 Heimkehr''.
2003 4146 2373 4214 Adsentirer
2389 4196 2405 4225 ‚
2462 4150 2516 4212 si
2567 4149 2637 4212 in
2674 4167 2849 4233 prae-

484 4255 720 4341 gressis
763 4253 840 4318 de
876 4253 1086 4318 reditu
1131 4274 1336 4318 sermo
1382 4253 1627 4318 fuisset.
1674 4253 1858 4319 Nunc
1904 4253 2153 4339 refugio
2198 4251 2279 4318 ad
2314 4257 2596 4318 veterem
2637 4273 2851 4318 meam

488 4361 918 4426 coniecturam
963 4357 1110 4437 (1.1.)
1154 4357 1547 4444 Aeschylum
1594 4358 1871 4424 dedisse:

899 4462 1034 4548 ἔρως
1084 4465 1146 4527 δὲ
1193 4469 1279 4540 μὴ
1329 4463 1661 4544 πονηρὸς
1715 4465 1995 4548 ἐμπίπτῃ
2041 4467 2283 4546 στρατῷ
2329 4463 2457 4528 xri.
