3192 5009
518 236 645 304 154
786 214 797 229 ⁹
1596 256 1818 305 rnnro.

608 422 845 489 Sta-tim
904 427 1193 510 sequitur
1250 422 1278 487 ὃ
1348 424 1533 495 αὐτὸς
1582 422 1646 488 δέ
1693 446 1808 489 που
1858 418 2031 495 οὗτος
2080 420 2390 503 τυγχάνει
2443 424 2520 489 ὢν
2571 422 2675 488 καὶ
2725 430 2924 514 Φιλο-

510 530 833 611 χρήματος
882 531 987 594 καὶ
1036 529 1390 609 Φιλότιμος.
1440 529 1515 595 In
1554 551 1799 617 papyro
1839 530 2149 595 vocabula
2185 531 2260 595 ὢν
2301 529 2411 595 καί
2449 532 2686 597 omissa
2723 536 2915 632 sunt,

509 637 628 703 hoc
666 659 815 703 cum
856 640 1205 703 sententiae
1233 637 1616 703 detrimento
1635 686 1652 715 ‚
1681 636 1850 701 fflud
1871 641 2092 702 contra
2115 644 2357 703 certam
2380 637 2562 703 verbi
2584 637 2918 719 τυγχάνει

512 749 921 809 structuram.

601 848 686 915 68
711 848 790 914 D.
840 851 1128 927 ἀνάγκη,
1178 847 1325 928 ἔφη.
1373 850 1528 936 Pap.
1579 847 1829 926 ἀνάγκη
1881 852 2017 914 sine
2061 848 2205 928 ἔφη.
2257 849 2624 936 Utrumque
2658 856 2857 917 recte.

598 957 649 1020 εἷ
696 956 819 1034 γὰρ
870 956 1210 1034 ἐθελήσεις,
1266 949 1301 1029 ἦ
1346 956 1398 1021 δ’
1448 949 1542 1033 ὅς,
1597 956 1868 1028 ἐννοῆσαι
1915 957 2026 1029 τήν
2074 980 2153 1033 γε
2201 962 2318 1020 τῶν
2359 958 2570 1021 ἄλλων
2611 956 2908 1035 ἀνδρείαν

506 1085 574 1126 τε
637 1061 741 1126 καὶ
806 1063 1237 1143 σωφροσύνην,
1270 1060 1427 1139 δόξει
1475 1084 1564 1127 σοι
1617 1058 1768 1126 εἶναι
1820 1060 2072 1133 ἄτοπος.
2121 1062 2249 1128 Pro
2295 1062 2404 1136 τήν
2451 1087 2532 1139 γε
2584 1083 2728 1149 pap.
2781 1066 2901 1137 τήν

506 1190 609 1245 τε,
660 1173 876 1253 aperto
924 1190 1154 1234 errore.
1204 1166 1327 1233 Sed
1374 1168 1544 1254 quod
1585 1190 1702 1254 pro
1751 1168 2056 1242 ἐθελήσεις
2103 1167 2296 1234 habet
2343 1166 2565 1239 ἐθέλεις
2622 1169 2896 1235 fortasse

508 1296 631 1339 non
690 1274 1204 1359 improbandum.
1268 1274 1341 1339 In
1388 1277 1527 1360 ipso
1576 1277 1751 1341 enim
1793 1274 1987 1340 verbo
2033 1274 2256 1340 ἐθέλειν
2301 1275 2506 1341 futuri
2547 1282 2646 1341 est
2691 1278 2898 1363 signi·

507 1382 737 1448 ficati0.

598 1488 722 1554 Pro
776 1490 1198 1554 usitatissimo
1242 1508 1539 1574 responso
1589 1487 1694 1551 καὶ
1741 1486 1929 1564 μάλα
1978 1508 2122 1574 pap.
2171 1490 2656 1575 ineptissimum
2697 1489 2898 1554 habet

513 1594 609 1659 ναὶ
658 1594 868 1671 μάλα.

602 1702 807 1765 οὐκοῦν
870 1698 1053 1779 Φόβῳ
1114 1699 1399 1783 μειζόνων
1464 1706 1666 1765 κακῶν
1716 1700 2105 1774 ὑπομένουσιν
2157 1702 2358 1765 αὐτῶν
2405 1706 2516 1780 (sc.
2570 1701 2646 1766 de
2691 1700 2898 1787 vulgo

510 1810 873 1887 hominum)
938 1808 989 1871 οἱ
1037 1808 1286 1885 ἀνδρεῖοι
1336 1807 1439 1871 τὸν
1488 1807 1767 1885 θάνατον,
1818 1803 1967 1875 ὅταν
2020 1807 2426 1887 ὑπομένωσιν;
2494 1807 2621 1873 Pro
2669 1806 2900 1881 ὑπομέ-

511 1939 683 1979 νωσιν
749 1917 817 1979 in
882 1934 1025 1999 pap.
1092 1920 1186 1978 est
1253 1912 1706 1992 ὑπομείμωσιν;
1771 1936 1896 1979 non
1954 1935 2107 2001 ergo
2167 1913 2613 1979 tantummodo
2661 1935 2894 1979 manus

510 2022 747 2086 scribae
810 2020 1161 2097 aberravit,
1228 2020 1335 2086 sed
1395 2022 1613 2105 ipsum
1657 2019 1824 2086 illud
1870 2021 2038 2107 quod
2087 2020 2355 2086 scribere
2402 2019 2660 2087 volebat
2704 2023 2894 2085 vitio-

510 2149 657 2193 sum
705 2133 799 2192 est
815 2146 831 2204 ;
880 2128 1228 2211 praesentis
1276 2130 1447 2191 enim
1465 2175 1482 2204 ‚
1528 2148 1658 2191 non
1705 2130 1924 2193 aoristi
1971 2148 2128 2213 opus
2177 2132 2274 2192 est
2319 2128 2741 2193 coniunctiVO.

604 2233 905 2311 „Praeter
949 2232 1353 2320 philosophos
1400 2255 1619 2299 omnes
1665 2234 1780 2299 alii
1823 2232 2001 2299 nulla
2048 2234 2172 2299 alia
2209 2256 2276 2300 re
2318 2254 2510 2320 quam
2550 2240 2730 2299 metu
2769 2234 2892 2299 for-

480 2348 604 2416 ,tes
664 2340 829 2404 fiunt
892 2342 1087 2404 καίτοι
1157 2336 1385 2404 ἄτοπόν
1444 2364 1525 2415 γε
1589 2339 1706 2404 δέει
1755 2343 1893 2404 τινα
1942 2340 2046 2405 καὶ
2099 2340 2302 2423 δειλία
2350 2340 2610 2417 ἀνδρεῖον
2659 2336 2882 2405 εἶναι”.

508 2448 634 2511 Pro
684 2443 912 2509 ἄτοπον
960 2466 1103 2532 pap.
1155 2442 1404 2524 ἄλογον,
1445 2446 1614 2531 quod
1651 2452 1908 2534 propter
1952 2450 2222 2513 nimiam
2261 2450 2436 2513 vocis
2474 2448 2886 2512 acerbitatem

510 2552 845 2619 ferendum
890 2572 1014 2617 non
1060 2552 1333 2618 videtur.
1383 2552 1615 2618 Omnia
1661 2556 1833 2619 enim
1879 2575 2038 2639 quae
2077 2554 2195 2619 hac
2235 2559 2400 2620 certe
2438 2553 2888 2639 disputationis

511 2665 690 2746 parte
736 2657 1063 2745 leg-untur,
1102 2658 1345 2745 placide
1363 2709 1379 2737 ,
1419 2660 1780 2737 clementer,
1819 2660 2050 2726 leniter
2090 2682 2127 2725 a
2159 2659 2414 2726 Socrate
2453 2661 2882 2725 enuntiantur.

511 2765 649 2846 Qua
694 2764 769 2829 de
816 2786 883 2829 re
925 2786 1078 2830 mox
1125 2765 1418 2851 pluribus
1465 2770 1587 2831 erit
1633 2766 2094 2853 exponendum.

604 2872 688 2937 68
712 2872 787 2937 Ε.
853 2872 916 2936 τί
962 2870 1060 2949 δές
1125 2873 1176 2937 οἱ
1226 2872 1462 2949 κόσμιοι
1510 2875 1712 2938 αὐτῶν
1765 2880 2148 2955 (ceterorum
2197 2874 2570 2951 hominum,
2619 2870 2888 2959 philoso-

508 2981 653 3067 phis
700 2981 1006 3066 exceptis)
1052 2980 1119 3043 οὐ
1158 2980 1387 3046 ταύτὸν
1424 2985 1604 3045 τοῦτο
1647 2979 2032 3057 πεπόνθασιν,
2075 2980 2392 3061 ἀκολασία
2430 2980 2542 3042 τινὶ
2587 2979 2884 3059 σώφρονές

508 3087 623 3151 εἶσι
641 3106 657 3164 ;
730 3084 1013 3151 Verbum
1081 3085 1448 3151 πεπόνθασιν
1521 3108 1557 3153 a
1627 3108 1778 3152 sana
1839 3095 1904 3153 et
1966 3108 2120 3153 vera
2179 3085 2506 3151 Platonica
2567 3091 2886 3151 structura

508 3192 973 3258 alienissimum
1034 3199 1159 3271 est;
1223 3198 1439 3259 tamen
1499 3196 1567 3257 in
1630 3215 1875 3281 papyro
1931 3214 2077 3279 pars
2140 3194 2278 3257 eius
2339 3194 2568 3255 πονθασ
2631 3193 2886 3276 magnis

507 3299 711 3365 literis
759 3304 1012 3363 exarata
1058 3306 1365 3365 servatur.
1415 3299 1538 3380 Qui
1582 3300 1761 3366 locus
1815 3300 1893 3366 ad
1931 3299 2267 3387 vulgatam
2303 3298 2645 3365 lectionem
2683 3297 2886 3363 defen-

510 3404 779 3470 dendam
848 3404 1049 3470 afferri
1119 3409 1322 3491 possit
1386 3404 1471 3472 '72
1496 3404 1581 3473 C:
1658 3406 1758 3471 διὰ
1821 3408 1888 3471 τὸ
1955 3406 2056 3471 καὶ
2121 3402 2338 3471 τᾶλλα
2400 3406 2614 3470 πάντα
2660 3402 2880 3469 ταύτὸν

510 3510 709 3589 ἐκείνῳ
781 3512 1165 3589 πεπονθέναι,
1240 3513 1545 3577 καθεύδειν
1615 3516 1684 3577 in
1759 3535 1832 3579 ea
1903 3534 2028 3577 non
2101 3518 2354 3578 tantum
2425 3518 2521 3577 est
2590 3510 2882 3598 praesidii

509 3623 820 3703 quantum
868 3618 1139 3682 videtur.

600 3722 1083 3789 Eiusdemmodi
1146 3732 1243 3789 est
1301 3728 1541 3790 vitium
1604 3747 1728 3811 quo
1775 3746 1958 3811 saepe
2003 3726 2162 3803 loci,
2213 3728 2282 3790 in
2332 3726 2566 3811 quibus
2612 3732 2710 3790 est
2756 3725 2884 3789 τοὺ-

508 3830 741 3893 ναντίον
790 3835 854 3895 et
900 3834 1025 3893 πᾶν
1074 3831 1437 3907 τούναντίον,
1488 3833 1852 3897 turbantur.
1905 3831 2221 3897 Immunis
2266 3830 2658 3919 corruptelae
2713 3850 2882 3896 man-

508 3940 593 4000 sit
651 3936 830 4001 Iocus
889 3939 957 4001 in
1018 3936 1205 4022 Apol.
1256 3936 1341 4001 25
1366 3936 1437 4001 Β.
1505 3938 1539 4013 ἢ
1588 3939 1936 4003 τούναντίον
1982 3940 2198 4003 τούτου
2247 3943 2370 4003 πᾶν
2419 3933 2502 4010 εἷς
2553 3939 2666 4015 μέν
2714 3961 2804 4008 τις
2849 3938 2876 4001 ὅ

505 4044 791 4120 βελτίους
857 4037 974 4112 οἶός
1037 4068 1107 4107 τε
1168 4042 1242 4106 ὢν
1308 4052 1497 4108 ποιεῖν
1563 4045 1595 4119 ἢ
1666 4046 1830 4110 πάνυ
1879 4046 2112 4123 ὀλίγοι,
2165 4046 2214 4109 οἱ
2266 4046 2507 4110 ἱππικοί
2523 4066 2540 4123 ;
2589 4050 2654 4110 et
2699 4045 2878 4131 pauci

506 4150 651 4226 alii;
700 4148 1016 4235 plerisque
1063 4152 1271 4216 invito
1318 4149 1581 4215 Platone
1631 4152 1922 4217 additum
1972 4159 2067 4218 est
2115 4152 2242 4216 ἐστὶ
2296 4152 2422 4217 καί.

599 4256 723 4321 Pro
768 4254 1063 4335 σώφρονές
1112 4258 1225 4321 εἶσι
1274 4259 1486 4321 minus
1534 4266 1702 4323 recte
1749 4261 1816 4323 in
1863 4280 2006 4345 pap.
2058 4264 2155 4325 est
2199 4262 2586 4337 σωφρονοῦσι.
2649 4258 2882 4345 Agitur

507 4364 679 4429 enim
728 4362 803 4427 de
850 4366 1163 4429 constanti
1204 4370 1269 4428 et
1316 4370 1622 4449 perpetua
1666 4368 1902 4431 mentis
1953 4365 2329 4431 conditione.
