3192 5009
1195 280 1662 329 camenus.
2542 262 2626 329 69

371 452 524 515 Anno
581 452 791 536 igitur
862 444 1220 513 276--2'74
1269 448 1398 513 fere
1443 448 1731 534 hymnus
1774 450 1843 513 in
1887 446 2124 513 Delum
2173 451 2447 534 scriptus
2494 468 2628 513 esse

291 556 525 633 videtur,
569 555 646 621 de
687 557 872 621 cuius
909 556 1140 643 hymni
1175 553 1332 620 locis
1364 554 1749 640 quibusdam
1788 576 1954 619 nunc
1992 575 2194 640 pauca
2231 557 2299 619 in
2337 555 2629 620 medium

291 664 584 749 proferam.

363 875 556 941 Nostri
597 876 830 961 hymni
879 878 1221 941 introitum
1266 880 1640 962 corruptum
1688 896 1822 941 esse
1866 880 2207 961 postquam
2246 896 2359 962 per
2395 875 2629 940 multo-

285 1006 406 1049 rum
461 1004 766 1049 annorum
829 984 1060 1048 seriem
1107 982 1378 1047 editores
1425 1005 1547 1048 non
1593 982 2181 1047 animadverterunt
2198 1031 2214 1059 ,
2264 984 2513 1068 primus
2557 985 2629 1045 in

285 1112 344 1155 eo
383 1088 620 1154 offendit
663 1087 982 1165 Eldikius,
1034 1090 1164 1173 qui,
1210 1087 1279 1152 id
1326 1088 1494 1174 quod
1539 1087 1957 1155 Schneiderus
1996 1098 2213 1154 monet
2245 1091 2315 1152 in
2352 1088 2628 1153 editione

284 1216 378 1259 sua
427 1215 563 1282 pag.
629 1193 782 1271 254,
856 1214 970 1279 pro
1040 1194 1249 1260 verbis
1313 1196 1496 1272 »τίνοι
1558 1194 1772 1274 χρόνον
1834 1193 1870 1269 ἥ
1934 1193 2129 1258 xor?
2195 1193 2628 1279 reponendum

283 1301 505 1387 putabat
567 1301 750 1379 „riva
809 1300 1026 1379 τρόπον
1073 1300 1108 1374 ἥ
1157 1300 1374 1365 roe-⁶⁹⁹.
1424 1300 1587 1365 Eam
1635 1308 1856 1367 autem
1902 1304 2330 1367 coniecturam
2375 1298 2629 1365 Schnei-

283 1406 432 1472 clerus
495 1406 616 1471 sibi
687 1404 934 1491 placere
996 1413 1211 1493 negat.
1274 1406 1337 1471 N
1339 1429 1409 1473 ec
1469 1406 1746 1472 mirum!
1814 1407 1992 1473 Licet
2039 1410 2213 1473 enim
2258 1408 2625 1491 saepissime

281 1513 714 1599 hymnographi
761 1515 856 1577 ita
903 1513 1232 1577 ordiantur
1279 1519 1354 1577 ut
1399 1512 1681 1591 Musam,
1730 1513 2021 1579 Deumve
2066 1517 2462 1601 interrogent
2507 1512 2627 1577 hoe

279 1619 462 1683 modo:
525 1624 694 1697 „vt-&c
743 1618 802 1681 τ’
853 1617 928 1697 ἄρ
975 1625 1033 1683 o·
1085 1619 1411 1699 ὑμνήσω;”
1459 1620 1710 1707 (hymn.
1758 1621 1935 1685 hom.
1981 1623 2051 1685 in
2096 1620 2306 1706 Apoll.
2361 1618 2473 1700 19)
2520 1619 2627 1685 vel

281 1731 418 1801 ,πῶς
461 1727 568 1790 καί
611 1749 719 1802 μιν
768 1774 782 1789 .
813 1774 828 1790 .
859 1774 873 1789 .
926 1727 1238 1804 isiconem
1288 1730 1389 1791 uti
1436 1733 1667 1804 noster,
1714 1726 1939 1813 hymn.
1989 1726 2039 1791 Ι.
2069 1727 2110 1790 4
2134 1727 2275 1806 (ubi
2300 1726 2521 1791 dubito
2544 1746 2626 1790 an

277 1838 380 1902 πῶς
422 1831 510 1895 rol
552 1855 659 1907 μιν
705 1830 1054 1918 legendum
1101 1834 1232 1913 sit),
1303 1831 1498 1899 distat
1547 1840 1762 1898 tamen
1808 1832 2095 1897 multum
2141 1836 2312 1898 inter
2356 1832 2484 1898 tale
2522 1853 2625 1897 ex-

275 1938 492 2003 ordium
540 1944 604 2003 et
651 1958 726 2003 ea
773 1938 966 2003 verba
1015 1959 1185 2024 „qua
1230 1942 1474 2004 ratione
1515 1946 1582 2004 et
1621 1960 1747 2025 quo
1785 1939 2116 2024 tempore''
2145 1960 2305 2025 quae
2326 1938 2625 2003 Eldikius

275 2040 630 2109 Callimacho
695 2044 926 2109 tribuit
944 2094 959 2120 ,
1023 2051 1088 2108 et
1149 2045 1382 2130 quibus
1443 2047 1512 2110 ni
1572 2044 1761 2110 fallor
1806 2052 2063 2131 poetam
2107 2045 2366 2109 induxit
2410 2047 2624 2131 mag-is

273 2170 438 2234 quam
501 2153 802 2215 convenit
872 2149 1276 2216 dubitantem
1337 2156 1402 2216 et
1462 2154 1722 2237 ingenio
1786 2173 1901 2216 suo
1966 2153 2150 2237 quasi
2211 2150 2620 2215 diffidentem.

271 2256 344 2318 At
393 2254 684 2321 Reiskius
747 2254 961 2343 legere
1025 2257 1208 2321 iubet
1274 2256 1456 2333 „rlvoe
1504 2258 1715 2338 χρόνον
1762 2256 2015 2321 εἴτ-στ’
2063 2256 2357 2326 ὦείσεις”.
2421 2254 2623 2323 Cuius

273 2360 592 2427 doctissimi
635 2365 764 2426 viri
810 2366 1242 2429 coniecturam
1288 2368 1353 2429 et
1375 2366 1578 2449 ipsius
1605 2362 1971 2429 Schneideri
2006 2365 2349 2428 auctoritas
2387 2366 2620 2440 munit,

270 2469 358 2529 cui
393 2467 538 2533 haec
583 2468 864 2553 profecto
909 2468 1050 2533 laus
1097 2471 1237 2534 iure
1284 2469 1580 2534 obveniat
1599 2519 1615 2547 ‚
1664 2472 1985 2535 neminem
2032 2490 2105 2534 eo
2151 2468 2387 2533 melius
2432 2466 2623 2535 Calli-

271 2572 450 2637 machi
486 2573 916 2640 elocutionem
955 2578 1280 2662 cognitam
1315 2576 1545 2641 habere
1562 2623 1579 2652 ,
1622 2580 1687 2640 et
1708 2575 2021 2641 Meinekii
2038 2624 2054 2653 ‚
2082 2574 2344 2640 editoris
2367 2573 2620 2640 Schnei-

271 2678 394 2743 dero
413 2728 430 2757 ‚
474 2683 584 2766 qui
632 2700 817 2767 saepe
865 2704 1016 2746 cum
1063 2704 1136 2747 eo
1187 2703 1365 2747 arma
1410 2685 1767 2759 conseruit,
1810 2684 1967 2746 artis
2006 2679 2467 2747 Callimacheae
2506 2684 2618 2745 vix

269 2786 450 2849 minus
480 2790 496 2807 ‘
514 2789 708 2872 periti
723 2808 740 2865 ;
813 2794 1094 2853 attamen
1166 2790 1409 2854 fatebor
1469 2789 1635 2853 mihi
1695 2787 1953 2874 quidem
2012 2809 2274 2853 versum
2334 2787 2617 2852 nondum

265 2892 642 2957 emendatum
681 2892 906 2958 videri.
955 2893 1150 2960 Mitto
1196 2895 1366 2980 quod
1414 2895 1488 2960 de
1537 2897 1896 2960 accusativo
1946 2896 2129 2971 „rc'voe
2154 2894 2433 2974 χρόνον”,
2460 2901 2617 2959 tem·

263 3016 364 3079 pus
417 3018 537 3083 quo
599 2998 756 3084 quid
818 2999 1061 3065 factum
1130 3005 1228 3066 est
1296 3000 1614 3066 indicante
1634 3050 1650 3078 ,
1715 3000 1995 3065 dubitari
2040 3006 2269 3085 potest.
2342 2998 2466 3078 Qui
2483 3048 2499 3077 ‚
2560 3002 2617 3063 si

263 3122 366 3165 non
419 3102 690 3170 Homeri
748 3125 938 3169 versu
985 3127 1062 3171 ex
1111 3104 1281 3172 Libr.
1332 3106 1471 3171 XV.
1526 3104 1653 3171 511
1704 3105 1992 3184 βέλτερον
2044 3104 2454 3180 §Sanoua-021
2505 3101 2613 3169 ἕνα

261 3208 454 3287 χρόνον,
516 3209 652 3275 οὐδὲ
711 3208 966 3289 βιῶναι,
1031 3218 1098 3276 at
1161 3211 1475 3278 Herodoti
1528 3219 1745 3278 tamen
1806 3212 1945 3278 loco
1992 3210 2099 3291 (Π.
2152 3212 2221 3291 2)
2272 3213 2422 3289 „rin
2467 3209 2613 3287 ὥρην

263 3314 576 3391 ἐπαγινέειν
642 3326 758 3395 σφι
822 3313 1062 3393 αἶγας”
1112 3318 1362 3384 defendi
1407 3318 1682 3384 videtur.
1747 3319 1989 3385 Verum
2035 3322 2186 3404 quia
2230 3318 2394 3383 nihi]
2439 3316 2614 3382 aliud

259 3417 352 3483 illa
383 3423 572 3487 verba
611 3426 754 3486 riva
794 3423 1002 3501 χρόνον
1041 3424 1399 3511 significare
1439 3432 1701 3511 possunt
1726 3428 1850 3489 nisi
1872 3425 2029 3490 hoc:
2067 3446 2234 3510 „quo
2258 3423 2611 3511 tempore'’,

259 3524 604 3593 habebimus
653 3536 910 3615 poetam
957 3530 1126 3595 hunc
1174 3534 1241 3594 in
1289 3531 1560 3596 modum
1608 3531 1869 3597 Musam
1915 3530 2021 3596 vel
2066 3534 2282 3617 potius
2321 3532 2613 3594 animum

264 3650 428 3697 suum
485 3637 1029 3721 interrogantem:
1096 3635 1398 3713 „Sacram
1460 3636 1775 3714 insulam,
1843 3658 1879 3702 o
1926 3640 2021 3701 mi
2067 3640 2277 3701 anime
2295 3686 2312 3714 ,
2363 3635 2611 3721 quando

259 3758 412 3805 cenes
428 3789 445 3818 ,
495 3743 552 3805 si
597 3741 850 3826 quando
896 3762 1079 3807 canes
1096 3739 1164 3805 ?’'
1214 3741 1388 3822 Quae
1435 3744 1599 3807 mihi
1645 3742 1904 3828 quidem
1938 3745 2192 3808 iteratio
2234 3739 2612 3807 Oanmachi

257 3844 542 3933 elegantia
605 3846 778 3911 haud
835 3847 1032 3934 digna
1077 3848 1353 3913 videtur.
1425 3848 1667 3913 Verum
1711 3855 1927 3915 tamen
1944 3898 1960 3927 ‚
2017 3853 2359 3935 postquam
2412 3846 2611 3911 semel

255 3947 526 4019 Reiskius
573 3956 955 4019 correctione
1001 3974 1117 4019 sua
1151 3954 1457 4019 facillima
1496 3960 1636 4040 (pro
1676 3955 1709 4029 ἥ
1752 3978 1902 4018 ποτε
1946 3956 2119 4019 enim
2156 3953 2354 4017 edidit
2379 3952 2610 4034 εἴποτε)

253 4078 472 4125 sensum
541 4081 766 4126 versus
827 4063 1028 4125 nostri
1087 4059 1425 4126 indicavit:
1496 4064 1595 4138 „si
1664 4061 1913 4146 quando
1958 4059 2197 4125 Delum
2245 4067 2495 4125 cantare
2541 4062 2611 4123 in

253 4168 436 4232 animo
483 4174 582 4233 est
633 4214 829 4232 .....
837 4166 874 4193 ”
926 4166 1180 4233 difficile
1220 4172 1318 4231 est
1355 4188 1484 4232 non
1522 4166 1751 4232 addere
1791 4188 1951 4252 quae
1991 4166 2187 4231 talem
2226 4169 2610 4231 sententiam

253 4290 346 4335 sua
401 4272 527 4339 fere
592 4278 820 4359 sponte
875 4279 1232 4358 sequuntur
1282 4321 1342 4350 „.
1373 4321 1388 4337 .
1418 4322 1432 4337 .
1464 4322 1478 4337 .
1510 4322 1524 4337 .
1574 4294 1778 4351 nunc,
1830 4292 1983 4359 age,
2030 4272 2311 4337 insulam
2359 4272 2607 4337 canta''.

251 4374 370 4445 Hoc
409 4379 883 4447 restituendum
929 4385 1028 4445 est
1043 4428 1059 4457 ‚
1105 4385 1172 4445 et
1209 4378 1383 4451 facili
1423 4399 1614 4468 opera
1652 4379 1829 4459 (licet
1867 4382 2127 4473 gravior
2159 4382 2244 4447 sit
2266 4379 2609 4445 verborum
