3192 5009
1083 765 1230 854 AD
1281 764 1825 855 TRAGICOS.

1327 970 1575 1014 summu·

985 1125 1070 1191 H.
1119 1124 1296 1192 VAN
1341 1123 1917 1190 HERWERDEN.

1273 1397 1647 1442 ——oewoo—

347 1629 570 1694 Eum.
620 1629 864 1694 Hecub.
915 1613 1068 1693 239.
1126 1625 1390 1692 Hecuba
1436 1634 1624 1714 rogat
1672 1627 2012 1716 Ulyssem:

530 1730 676 1800 οἶσθ’
725 1735 880 1808 ἡνίκ’
927 1729 1100 1808 ἦλθες
1156 1733 1338 1798 Ἰλίου
1385 1733 1781 1808 κατάσκοπος

530 1840 903 1923 δυσχλαινία
951 1842 1009 1905 τ’
1055 1837 1329 1920 ἄμορφος
1358 1888 1374 1917 ,
1426 1839 1823 1915 ὀμμάτων
1871 1847 1928 1905 τ’
1976 1841 2133 1907 άπο

529 1948 715 2026 Φόνου
765 1947 1132 2026 σταλαγμο)
1184 1948 1292 2020 σὺν
1343 1945 1726 2028 κατέσταζον
1776 1945 1977 2026 γένυν.

241 2055 338 2120 K.
385 2055 667 2121 Bussche
703 2057 770 2119 in
809 2055 980 2118 Neue
1015 2053 1385 2116 Jahrbaezcher
1425 2051 1621 2131 1891,
1667 2077 1729 2140 p.
1758 2052 1887 2119 515
1913 2075 2005 2140 sq.
2059 2055 2217 2119 bene
2254 2053 2644 2119 intellexisse

241 2161 538 2238 videtur,
589 2163 973 2226 sententiam
1019 2179 1153 2224 esse
1201 2166 1557 2244 „quantum
1605 2159 1808 2225 oculis
1854 2161 2123 2226 iudicari
2170 2165 2419 2248 poterat
2438 2209 2455 2239 ,
2502 2181 2644 2248 gra-

245 2269 362 2332 vis
413 2265 688 2332 volneris
733 2273 958 2352 guttae
1006 2287 1043 2330 a
1088 2269 1305 2329 mento
1344 2271 1458 2330 tuo
1498 2265 1968 2332 destillabant'’.
2022 2267 2176 2347 Quis
2222 2289 2370 2333 vero
2411 2288 2642 2353 quaeso

247 2378 696 2458 spectatorum
739 2373 935 2438 verba
980 2369 1221 2437 Graeca
1265 2372 1360 2435 ita
1405 2374 1686 2457 accipere
1730 2374 1969 2457 potuit,
2020 2375 2144 2438 nisi
2190 2375 2279 2438 sic
2325 2372 2539 2438 reficta

535 2477 911 2558 δυσχλαινία
960 2478 1018 2540 τ’
1066 2474 1384 2554 ἄμορφος,
1433 2474 1623 2555 (ὥς)
1671 2475 1733 2540 τ’
1782 2479 1911 2541 ἀπ’
1958 2477 2348 2556 ὀμμάτων

531 2584 716 2659 Φόνου
764 2582 1131 2658 σταλαγμοὶ
1182 2583 1291 2654 σὺν
1337 2580 1723 2664 κατέσταζον
1770 2582 1986 2662 γένυνς

245 2695 330 2752 ut
379 2687 544 2752 dixit
562 2737 579 2766 ,
628 2710 820 2774 quem
864 2691 999 2774 ipse
1044 2687 1326 2753 Bussche
1373 2687 1599 2752 attulit
1618 2736 1632 2763 ,
1684 2687 2023 2774 Sophocles
2071 2687 2143 2754 O.
2188 2687 2257 2756 O.
2306 2687 2407 2754 15.
2458 2688 2638 2769 Quod

247 2793 337 2859 ad
397 2815 493 2858 vs.
544 2792 676 2860 270
740 2795 1006 2871 attinet,
1073 2815 1263 2878 quem
1324 2793 1496 2858 idem
1557 2796 1661 2858 vir
1720 2794 1941 2860 doctus
1989 2794 2192 2873 delet,
2243 2817 2377 2861 sero
2426 2798 2639 2873 venit,

243 2920 408 2965 nam
455 2899 612 2964 olim
661 2899 736 2965 de
783 2921 858 2965 ea
901 2920 966 2964 re
1014 2902 1272 2977 monui,
1323 2899 1493 2986 quod
1537 2899 1713 2966 idem
1758 2899 1930 2967 valet
1978 2901 2053 2967 de
2089 2923 2216 2967 vss.
2257 2900 2636 2967 820—823.

346 3081 660 3148 Serimon.
711 3081 1003 3148 Trachin.
1060 3082 1188 3148 102

525 3189 866 3272 ποθουμένα
913 3190 1040 3267 γάρ
1089 3189 1260 3270 Φρενὶ
1313 3189 1694 3267 πυνθάνομαι

529 3295 656 3360 τὰν·
694 3296 1034 3374 άμφινεικῆ
1084 3294 1450 3373 Δηιάνειραν
1496 3295 1599 3362 ozel
1615 3344 1632 3374 ,

527 3395 625 3465 οἶά
672 3403 784 3464 τιν’
832 3398 1038 3466 ἄθλιον
1085 3399 1232 3480 ὄρνιν

527 3505 734 3571 οὔποτ’
779 3507 1050 3588 εὐνάζειν
1095 3506 1452 3584 άδακρύτων
1502 3505 1840 3588 βλεφάρων
1888 3508 2087 3586 πόθον,
2136 3510 2283 3573 aim·

527 3611 868 3690 εὔμναστον
919 3612 1124 3693 ἀνδρὸς
1173 3612 1361 3683 δεῖμα
1407 3612 1758 3692 τρέφουσαν
1804 3612 1939 3676 ὀδοῦ

528 3719 818 3796 bovatam
869 3721 1141 3791 εὐναῖς
1196 3717 1788 3798 άνανδρῶτοισι
1839 3719 2209 3799 τρύχεσθαι,
2260 3721 2464 3785 κακὰν

525 3824 819 3889 δύστανον
868 3823 1240 3906 ἐλπίζουσαν
1286 3819 1493 3889 αἶσαν.

253 3927 422 4008 Quin
482 3930 903 4005 άνανδρώτοισι
953 3929 1373 4015 depravatum
1419 3931 1503 3995 sit
1549 3932 1770 4015 nequit
1818 3929 2095 3996 dubitari
2114 3979 2130 4007 ‚
2178 3935 2329 4018 quie.
2373 3933 2491 3998 hoc
2538 3933 2639 3998 ad-

251 4037 564 4100 iectivum
609 4035 772 4101 nihil
817 4035 992 4101 aliud
1038 4035 1392 4123 significare
1437 4041 1649 4122 potest
1691 4039 1758 4101 in
1806 4043 2060 4103 vetusto
2106 4059 2394 4105 sermone
2442 4060 2637 4125 quam

255 4163 372 4205 non
415 4141 678 4206 adulm.

343 4245 897 4333 circumspicienti
944 4254 1161 4312 autem
1206 4247 1526 4313 medelam
1571 4247 1739 4313 nihil
1785 4252 1997 4334 aptius
2045 4253 2389 4328 succurrit,
2438 4271 2632 4336 quam

254 4357 328 4416 ut
372 4352 500 4419 leni
545 4374 741 4418 manu
786 4356 1215 4440 corrigamus:

521 4461 839 4524 εὐναῖσι
889 4459 1421 4537 πανδύρτοισι
1469 4459 1801 4538 τρύχεσθαι
1850 4475 1991 4525 κτλ.
