3192 5009
548 254 679 321 384
1522 265 1962 316 rmssmons

636 435 949 502 Lentulus
999 435 1293 520 Pompeii
1340 433 1687 499 consilium
1733 433 1812 498 de
1859 432 2119 497 Parthis
2167 433 2472 498 adeundis
2517 434 2856 520 improbat

638 542 803 608 354:
2044 539 2270 606 solatia
2315 544 2478 605 tanti

909 648 1120 734 perdit
1166 647 1376 712 Roma
1418 646 1611 723 mali,
1660 645 1868 711 nullos
1917 646 2256 711 admittere
2299 667 2484 733 reges

908 754 1016 820 sed
1065 757 1193 818 civi
1242 756 1482 818 servire
1529 773 1663 817 suo.

543 861 807 927 Lentuli
856 863 1135 927 sermoni
1183 861 1394 948 magis
1441 861 1893 924 convenienter
1937 860 2027 922 sic
2070 857 2349 944 legitur:

2037 962 2268 1030 solatia
2314 967 2480 1028 tanti

905 1074 1129 1161 perdet
1176 1072 1384 1138 Roma
1431 1070 1591 1136 mali
1608 1119 1624 1147 ,
1673 1069 1888 1134 nullos
1935 1069 2273 1135 admittere
2318 1090 2503 1157 reges

908 1181 1017 1246 sed
1065 1181 1193 1245 civi
1240 1181 1481 1243 servire
1528 1174 1686 1241 suo?

633 1347 929 1434 Pompeii
974 1347 1146 1412 filius
1192 1346 1271 1411 ad
1322 1348 1521 1432 patris
1568 1349 1850 1409 mortem
1887 1343 2318 1409 ulciscendam
2356 1343 2602 1410 111111188
2639 1345 2955 1410 hortatur

545 1453 1033 1530 1X.150·ite,
1084 1453 1309 1529 1111888,
1362 1473 1656 1517 mecum:
1707 1471 2068 1535 numquam
2113 1449 2414 1515 civilibus
2463 1453 2658 1515 armis

908 1563 1089 1624 181118
1136 1559 1260 1622 fuit
1305 1578 1582 1634 merces,
1632 1557 2002 1621 inhumatos
2047 1555 2316 1621 condere
2361 1575 2615 1632 manes,

906 1668 1217 1752 sanguine
1266 1667 1555 1729 semiviri
1603 1663 1925 1748 Magnum
1970 1665 2204 1727 satiare
2253 1665 2532 1749 tyranni.

640 1771 970 1836 Nimirum
1018 1775 1111 1835 ita
1158 1775 1253 1834 est
1299 1768 1864 1855 distinguendum:

906 1879 1031 1953 ite,
1082 1877 1272 1940 duces
1291 1924 1307 1951 ,
1355 1896 1615 1940 mecum
1662 1881 2049 1959 (numquam
2096 1872 2398 1938 civilibus
2445 1875 2642 1938 armis

908 1989 1085 2048 tant-a
1122 1983 1248 2048 fuit
1286 1977 1592 2059 mercesl)
1630 1981 2004 2045 inhumatos
2042 1979 2308 2045 condere
2347 1999 2590 2058 manes,
2620 1999 2674 2044 8.
2703 2000 2766 2063 q.
2797 1999 2852 2043 s.

638 2165 802 2232 436:
1727 2169 1958 2227 natura
2004 2161 2220 2228 deside
2267 2167 2480 2248 torpet

904 2271 1071 2336 orbis
1119 2277 1184 2334 et
1231 2271 1524 2335 immotis
1571 2288 1812 2334 annum
1859 2289 1986 2333 non
2035 2271 2231 2333 sentit
2278 2268 2552 2332 harenis.

542 2376 746 2441 Hask.
813 2376 891 2440 ad
947 2375 1200 2439 immotis
1217 2402 1235 2436 .·
1284 2375 1427 2439 'and
1474 2375 1633 2438 with
1679 2377 1764 2439 its
1811 2376 2179 2459 unvarying
2226 2372 2413 2438 sands
2463 2371 2617 2437 feels
2663 2375 2778 2436 not
2827 2373 2950 2437 the

542 2484 819 2568 changes
864 2482 937 2546 of
976 2483 1084 2547 the
1132 2483 1425 2546 seasons’.
1476 2479 1549 2544 In
1606 2480 1736 2544 this
1784 2500 2051 2565 passage
2097 2480 2368 2542 immotus
2412 2477 2740 2565 evidently
2787 2497 2948 2543 can·

544 2593 658 2653 not
713 2608 903 2653 mean
963 2587 1165 2652 ‘fixed'
1212 2607 1281 2652 as
1330 2587 1437 2651 the
1486 2585 1672 2650 sends
1720 2605 1824 2650 are
1873 2584 2197 2650 described
2242 2604 2311 2648 as
2357 2583 2665 2670 shisting‚
2711 2583 2838 2648 but
2887 2587 2948 2648 is

542 2692 909 2779 equivalent
956 2698 1021 2757 to
1073 2699 1366 2755 constan-3.

634 2797 1032 2885 significatio
1080 2797 1256 2862 verbi
1306 2796 1559 2860 immoti-3
1606 2802 1704 2861 est
1752 2796 1976 2862 eadem
2024 2816 2185 2881 quae
2231 2795 2512 2859 inaratis.

631 2981 1011 3046 Sitientibus
1078 2980 1373 3045 omnibus
1439 2976 1597 3047 Cato
1662 2978 1942 3044 militem
2008 2998 2207 3064 aquae
2271 2979 2579 3043 haustum
2625 2978 2746 3043 sibi
2793 2977 2948 3044 offe-

544 3093 793 3153 rentem
841 3090 1116 3174 castigat
2483 3077 2494 3088 ’

638 3191 803 3258 505;
1383 3213 1567 3257 1118118
1587 3240 1604 3267 ,
1654 3194 1900 3278 inquit,
1953 3191 2230 3276 degener
2275 3211 2483 3255 unum

906 3297 1095 3362 miles
1143 3301 1209 3362 in
1256 3297 1373 3362 hac
1419 3299 1610 3363 turba
1654 3317 1934 3361 vacuum
1981 3299 2226 3361 virtute
2272 3293 2555 3382 putasti?

905 3424 1108 3490 usque
1154 3404 1310 3468 adeo
1358 3402 1573 3468 mollis
1624 3405 1976 3488 primisque
2025 3402 2342 3468 caloribus
2391 3405 2602 3488 impar

908 3531 1056 3575 sum
1104 3507 1325 3575 visus?
1372 3515 1609 3594 quanto
1655 3529 1858 3593 poena
1905 3514 1980 3572 tu
2029 3507 2284 3595 dignior
2331 3511 2457 3574 1818
2503 3530 2570 3576 88
2689 3591 2698 3598 ‚

712 3657 715 3662 -
906 3619 1017 3702 qui
1064 3613 1301 3701 populo
1348 3617 1604 3679 sitiente
1652 3613 1850 3680 bibas.
1903 3616 1993 3679 sic
2041 3616 2326 3680 concitus
2369 3617 2465 3679 ira
2511 3635 2567 3680 8.
2593 3636 2654 3701 q.
2679 3636 2730 3680 8.

543 3722 744 3788 Hask.
818 3722 898 3787 ad
954 3744 1156 3806 poena
1182 3757 1265 3770 —
1292 3721 1447 3783 ista.-
1518 3721 1648 3785 this
1718 3721 2136 3806 punishment
2205 3721 2416 3786 which
2486 3720 2518 3784 I
2585 3719 2790 3785 inflict
2849 3741 2940 3786 on

538 3827 809 3917 myself,
860 3831 978 3892 viz.
1032 3833 1099 3891 to
1146 3847 1232 3912 go
1281 3828 1557 3891 without
1599 3826 1926 3912 drinking.
1977 3825 2150 3914 Ergo
2193 3823 2506 3892 Catonem
2545 3827 2638 3891 ita
2674 3824 2940 3912 loquen—

540 3941 674 4000 tem
736 3935 923 3999 facit:
990 3931 1239 4012 Quanto
1302 3939 1375 3997 tu
1394 3981 1409 4010 ‚
1475 3935 1588 4017 qui
1658 3931 1896 4018 populo
1963 3934 2222 3999 sitiente
2288 3932 2466 3999 bibas
2485 3981 2501 4011 ,
2561 3953 2760 4019 poena
2803 3934 2938 3998 1818

539 4047 649 4121 (80.
702 4039 985 4118 8111811111)
1033 4039 1288 4125 dignior
1336 4059 1402 4102 es
1451 4059 1646 4123 quam
1691 4059 1812 4125 ego
1861 4060 2028 4103 sum.
2076 4041 2164 4103 At
2211 4036 2370 4105 Cato
2414 4060 2544 4104 non
2591 4039 2714 4104 fert
2749 4041 2938 4102 sitim

539 4151 873 4230 tamquam
924 4163 1226 4230 poenam:
1278 4145 1418 4208 sitit
1464 4164 1699 4228 agmen
1749 4151 1984 4208 totum.
2033 4142 2257 4229 Neque
2301 4141 2490 4208 miles
2535 4146 2673 4228 ipse
2719 4143 2938 4209 bibere

538 4254 718 4335 cupit
758 4249 992 4336 populo
1032 4253 1286 4315 sitiente
1326 4248 1432 4314 sed
1473 4251 1785 4314 haustum
1817 4254 2142 4336 repertum
2185 4249 2334 4314 duci
2371 4251 2677 4335 porrexit.
2724 4247 2936 4326 Quare

540 4377 653 4442 pro
714 4355 873 4418 ista.-
938 4355 1049 4418 isto
1098 4363 1161 4419 et
1210 4376 1322 4439 pro
1371 4355 1567 4417 bibas:
1619 4356 1780 4418 bibat
1827 4355 2099 4420 scribere
2143 4354 2364 4420 velim.
2413 4353 2592 4419 'Pu—nc
2637 4355 2790 4418 haec
2835 4359 2938 4418 est
