3192 5009
927 273 1011 320 nn
1055 271 1676 322 mauamnomus
1720 269 2023 320 nomme.
2533 247 2666 318 427

292 440 633 504 sententias
690 444 945 526 rogatas
1006 445 1065 502 et
1122 459 1235 524 per
1296 437 1748 504 discessionem
1764 485 1782 516 ,
1843 436 1971 502 alia
2035 456 2148 521 per
2217 436 2665 502 discessionem

288 544 417 608 sine
478 547 811 610 sententiis
872 546 1115 631 rogatis
1131 593 1150 622 ,
1212 545 1367 610 haec
1427 543 1559 608 sola
1607 543 1684 609 de
1730 543 1964 630 quibus
2012 544 2362 609 sententiae
2407 547 2670 630 rogatae

290 673 408 714 non
474 657 627 716 sunt
695 651 997 716 dicuntur
1060 651 1225 717 facta
1293 671 1427 716 esse
1494 671 1610 738 per
1669 650 2153 728 discessionem3
2219 670 2406 714 nemo
2469 651 2671 714 nescit

294 753 579 823 Gellium
638 758 759 823 hoc
821 757 1159 843 explanare
1216 779 1343 823 non
1403 761 1689 844 potuisse
1710 806 1727 835 ,
1774 777 1926 822 cum
1970 759 2292 843 ignoraret
2339 776 2484 822 eam
2528 776 2671 822 con-

291 864 698 930 suetudinem
762 863 1065 950 loquendi
1089 862 1159 942 l).
1230 863 1415 929 Hanc
1482 866 1797 929 rationem
1813 912 1830 941 ,
1902 883 2097 949 quam
2161 864 2404 948 optime
2466 881 2670 946 nuper

291 973 588 1056 exposuit
647 976 712 1036 et
772 970 1083 1057 exemplis
1142 969 1499 1035 illustravit
1558 970 1928 1035 Mommsen
1951 967 2027 1052 ⁹),
2092 989 2263 1033 nunc
2307 967 2672 1054 experiendi

289 1097 481 1143 causa
526 1077 985 1143 transferamus
1032 1076 1112 1141 ad
1156 1079 1420 1143 comitia
1435 1124 1452 1154 ,
1499 1079 1568 1140 in
1615 1097 1778 1163 quae
1825 1083 1996 1142 certe
2044 1074 2205 1140 duae
2252 1074 2487 1141 cadunt
2531 1095 2674 1160 pro·

286 1186 589 1269 prietates
606 1233 623 1262 ,
678 1191 753 1249 ut
799 1184 1205 1262 advocentur,
1252 1189 1319 1250 et
1364 1189 1440 1248 ut
1484 1186 1895 1262 conveniant;
1945 1189 2089 1248 tum
2137 1183 2426 1266 sequitur
2471 1187 2548 1270 ut
2595 1201 2671 1247 ea

285 1292 549 1356 comitia
594 1289 720 1354 dici
765 1293 1091 1377 potuerint
1140 1289 1555 1368 „advocata'’,
1606 1310 1767 1376 quae
1814 1310 1966 1354 cum
2009 1296 2238 1354 vocata
2283 1293 2493 1354 essent-
2540 1309 2670 1352 non

284 1399 713 1464 convenirent.
778 1398 980 1483 Atqui
1050 1399 1352 1463 novimus
1367 1444 1384 1474 ,
1451 1399 1714 1463 comitia
1775 1396 2088 1482 quaedam
2147 1395 2346 1460 fuisse
2409 1414 2570 1479 quae
2632 1413 2670 1458 a

285 1504 535 1570 civibus
596 1524 724 1568 non
784 1505 1134 1582 inirentur3
1200 1503 1357 1568 talia
1403 1503 1664 1569 fuerunt
1709 1506 1955 1569 curiata
2000 1501 2127 1568 illa·
2161 1507 2227 1566 et
2273 1503 2631 1566 centuriata
2651 1548 2666 1577 ,

286 1611 519 1696 quibus
556 1631 808 1695 semper
842 1611 1230 1697 rogabantur
1272 1609 1449 1696 leges
1494 1613 1774 1676 curiatae
1821 1615 1886 1675 et
1931 1610 2322 1674 centuriatus
2369 1609 2444 1670 de
2489 1606 2672 1691 impe-

286 1715 381 1781 rio
443 1724 502 1780 et
548 1723 848 1799 potestate
906 1717 1377 1798 maqistratuum.
1442 1715 1567 1782 Sed
1615 1714 1834 1783 Cicero
1853 1765 1870 1794 ‚
1921 1705 2032 1801 qui
2079 1713 2251 1780 solus
2299 1713 2378 1779 de
2424 1714 2525 1778 his
2575 1734 2672 1779 co-

284 1824 493 1887 mitiis
558 1821 799 1908 aliquid
858 1843 971 1888 nos
1033 1821 1250 1888 docuit
1293 1825 1361 1887 in
1408 1826 1694 1888 oratione
1741 1823 1817 1888 de
1865 1821 2054 1887 domo
2101 1841 2218 1886 sua
2265 1825 2442 1901 (nam
2497 1839 2672 1904 prae-

284 1934 459 1994 terea
520 1949 838 2014 nusquam
896 1950 1121 1994 eorum
1184 1931 1428 1994 mentio
1482 1929 1618 2008 fit),
1665 1929 1757 1994 ibi
1801 1949 1928 1994 non
1973 1933 2169 2014 negat
2213 1926 2475 2012 quidem
2492 1974 2510 2002 ,
2561 1924 2670 1990 sed

282 2057 411 2100 non
470 2038 681 2121 magis
746 2034 903 2100 dicit
920 2084 935 2113 ,
998 2035 1152 2101 haec
1214 2037 1475 2101 comitia
1535 2035 1705 2102 dicta
1767 2055 1903 2101 esse
1955 2033 2280 2112 ‚,calata’';
2329 2035 2550 2118 itaque
2595 2051 2670 2098 ea

282 2162 385 2206 res
428 2161 557 2205 non
601 2141 835 2206 sufficit
850 2190 868 2218 ,
916 2163 1064 2206 cum
1106 2163 1486 2227 quaeramus
1524 2163 1685 2206 num
1721 2140 1838 2206 illo
1877 2143 2062 2228 signo
2103 2139 2270 2225 quod
2303 2141 2374 2202 in
2412 2140 2669 2203 nomine

280 2250 424 2334 ipso
468 2249 673 2313 inesse
720 2246 1033 2324 videatur,
1083 2269 1305 2314 revera
1349 2250 1752 2314 contineatur
1787 2247 1857 2312 id
1896 2246 2064 2332 quod
2101 2247 2436 2332 proprium
2474 2243 2671 2309 fuerit

283 2355 562 2418 comitiis
624 2352 866 2419 calatis.
931 2353 1005 2419 Id
1068 2361 1212 2420 tum
1273 2354 1535 2420 demum
1596 2354 2109 2419 demonstratum
2166 2353 2316 2430 erit,
2366 2353 2421 2415 si
2467 2356 2672 2415 osten·

285 2460 568 2525 der-imus
637 2461 835 2524 etiam
880 2463 947 2524 in
994 2481 1067 2526 eo
1114 2460 1286 2547 quod
1329 2461 1406 2526 de
1453 2463 1733 2526 comitiis
1780 2459 2000 2525 calatis
2049 2465 2162 2524 aut
2207 2457 2505 2523 omnibus
2551 2461 2666 2522 aut

281 2564 609 2630 nonnullis
655 2587 769 2630 nos
816 2565 1043 2632 docent
1088 2573 1376 2632 auctores
1394 2615 1409 2644 ,
1460 2565 1704 2652 aliquid
1748 2569 1952 2631 inesse
2000 2563 2171 2650 quod
2214 2564 2469 2650 probet,
2511 2562 2666 2627 haec

164 2733 169 2738 .
280 2693 409 2736 non
479 2691 516 2736 a
584 2671 831 2736 civibus
892 2693 1025 2737 esse
1086 2674 1266 2738 inita.
1331 2675 1532 2759 Atqui
1590 2672 1659 2736 id
1717 2671 1888 2736 cadit
1946 2673 2232 2755 primum
2291 2673 2358 2734 in
2404 2671 2666 2734 comitia

281 2778 517 2862 quibus
575 2783 959 2842 testamenta
1016 2777 1250 2844 fiebant
1268 2828 1283 2854 ‚
1348 2779 1423 2844 de
1488 2779 1719 2864 quibus
1767 2777 2050 2844 Gellius:
2102 2776 2270 2854 „tria
2313 2779 2408 2841 ait
2443 2797 2667 2856 ,qenes-a

280 2890 756 2948 testamentorum
807 2884 1023 2969 fuisse
1092 2886 1423 2967 accepimus
1442 2911 1461 2947 .·
1536 2907 1718 2948 unum
1779 2886 1936 2968 quod
1995 2882 2213 2947 calatis
2274 2881 2532 2945 comitiis
2595 2882 2665 2946 in

268 2989 494 3072 populi
555 2988 824 3052 contione
868 2992 1055 3072 fieret
1070 3039 1087 3068 ,
1151 2991 1405 3054 alterum
1450 2991 1517 3054 in
1553 2991 1875 3073 procinctu
1927 3039 1939 3053 .
1973 3038 1988 3054 .
2019 3037 2032 3054 .
2058 3037 2074 3067 ,
2124 2989 2364 3053 tertium
2395 3010 2516 3070 per
2546 2989 2666 3074 fa—

280 3095 489 3159 mibiae
541 3095 1079 3177 mancipationem'’
1111 3094 1182 3176 ³).
1247 3096 1404 3162 Η.1.
1455 3095 1708 3163 Gellius
1754 3099 1892 3182 ipse
1934 3096 2245 3161 indicavit
2291 3115 2454 3180 quae
2501 3101 2666 3160 esset

278 3206 381 3268 vis
429 3202 724 3268 vocabuli
775 3201 1124 3281 „calatus'’,
1171 3225 1321 3268 cum
1365 3204 1435 3267 id
1478 3207 2006 3289 interpretaretur
2042 3202 2252 3267 verbis
2294 3203 2404 3279 „in
2441 3200 2665 3286 populi

280 3308 641 3374 contione’'.
704 3309 845 3374 Non
910 3307 1063 3374 licet
1108 3311 1289 3375 nobis
1335 3310 1585 3376 credere
1604 3358 1620 3387 ‚
1669 3310 1824 3374 haec
1869 3309 2064 3374 verba
2107 3329 2145 3372 a
2193 3305 2403 3373 Gellio
2449 3306 2666 3372 addita

282 3437 417 3482 esse
464 3422 540 3480 ut
587 3414 936 3500 explicaret
976 3421 1179 3481 totam
1216 3417 1563 3482 formulam
1605 3415 1870 3492 „calatis
1909 3414 2255 3492 comitiis'',
2297 3416 2478 3499 quasi
2519 3415 2666 3479 scri-

282 3523 431 3587 bere
488 3520 833 3599 voluisset,
882 3526 1265 3589 testamenta
1312 3523 1449 3589 fieri
1499 3523 1760 3600 „calam
1805 3521 2095 3599 comitiis,
2145 3521 2190 3585 i.
2217 3544 2288 3603 e„
2337 3520 2406 3584 in
2441 3521 2665 3604 popubi

282 3627 614 3692 contione''.
678 3627 816 3692 Viri
878 3628 1079 3707 docti,
1144 3631 1256 3715 qui
1316 3630 1487 3695 hunc
1545 3627 1763 3694 locum
1823 3630 1917 3693 ita
1959 3629 2363 3712 interpretati
2409 3633 2560 3690 sunt
2586 3626 2660 3707 ⁴),

283 3737 418 3800 vim
468 3733 827 3798 attulerunt
872 3739 1221 3800 sententiae
1268 3733 1467 3801 Gellii
1485 3785 1501 3814 ,
1542 3757 1668 3800 non
1705 3734 1996 3821 perducti
2036 3734 2420 3799 obscuritate
2459 3733 2664 3818 ipsius

282 3841 441 3920 loci,
507 3862 667 3927 quae
727 3840 905 3906 nulla
950 3849 1079 3919 est,
1130 3843 1239 3908 sed
1286 3845 1579 3929 opinione
1626 3848 2037 3929 praesumpta
2083 3861 2242 3927 quae
2291 3842 2493 3906 teneri
2538 3862 2663 3906 non

354 4075 403 4134 1)
448 4073 571 4124 Gall.
609 4074 689 4122 14.
707 4071 753 4123 ¹1.
776 4072 853 4120 12.
905 4098 972 4107 —
1022 4070 1079 4134 2)
1118 4071 1386 4119 Mommsen
1430 4071 1632 4118 stanter.
1685 4071 1714 4119 3
1767 4085 1872 4133 pag.
1911 4070 2032 4118 840:
2089 4068 2236 4117 »nach
2271 4069 2358 4116 der
2391 4066 2660 4118 bekannten

286 4155 570 4206 Blimiucben
598 4153 888 4212 Redeweiee,
918 4153 995 4202 die
1022 4152 1276 4216 augemein
1304 4151 1488 4215 gultige
1524 4151 1780 4216 Katcgorie
1817 4150 2207 4214 terminologisch
2243 4150 2436 4216 specicll
2469 4151 2550 4200 fur
2585 4151 2662 4200 die

285 4238 532 4303 ger-ingere
582 4235 871 4300 Rnngklme
920 4251 979 4283 zu
1028 4234 1340 4283 vernet-then.
1380 4234 1492 4283 vid.
1526 4232 1642 4284 ibid.
1677 4233 1785 4282 adn.
1821 4234 1868 4282 2.
1921 4261 1988 4270 —
2042 4233 2099 4298 3)
2135 4232 2260 4282 Gen.
2304 4233 2375 4284 15.
2395 4232 2475 4285 27.
2496 4234 2542 4283 8.
2595 4261 2664 4272 —

282 4322 341 4386 4)
372 4320 445 4369 cfr
495 4319 686 4369 Rubino
714 4317 1143 4380 Untersuchungen
1172 4331 1278 4381 pag.
1297 4317 1397 4366 244
1426 4316 1533 4365 adn.
1552 4316 1600 4373 8,
1637 4315 1816 4364 Becker
1847 4315 2035 4364 Handb.
2059 4315 2108 4366 Β.
2131 4315 2156 4363 1
2195 4331 2300 4381 pag.
2321 4313 2419 4366 370
2435 4315 2542 4365 adn.
2568 4317 2656 4374 1⁵3

284 4403 561 4452 Mommsen
592 4403 791 4450 stant-r.
830 4399 937 4450 8.1.
976 4416 1023 4466 p.
1060 4398 1158 4448 319
1191 4399 1299 4448 adn.
1338 4400 1386 4448 3.
1432 4427 1439 4432 -
