3192 5009
575 223 707 292 272
1584 241 1942 291 mammos.

571 428 721 471 rum
782 410 1310 472 terminationum
1375 406 1735 472 similitudo
1797 407 2014 471 abiieee
2061 456 2076 472 .
2109 457 2122 472 .
2154 456 2167 472 .
2203 407 2461 490 petiiese
2523 430 2706 475 aures
2768 411 2938 474 tritas

572 534 699 578 non
768 513 981 579 laedat
998 563 1014 593 ‚
1088 519 1303 578 contra
1320 563 1337 592 ,
1412 515 1680 578 intrusis
1751 514 2050 579 brevibus
2119 510 2250 578 illis
2317 537 2516 579 eumue
2586 522 2643 578 et
2705 515 2841 594 (ubi
2891 523 2942 578 et

570 640 820 704 quoque
884 621 1019 684 sine
1080 617 1217 683 ulla
1280 621 1686 684 excusatione
1747 617 1886 684 loco
1934 641 2051 684 suo
2100 625 2426 698 movetur)
2479 622 2944 685 terminationes

565 725 789 790 breves
861 727 955 790 ita
1024 723 1439 790 cumulantur
1509 731 1585 788 ut
1647 745 1870 789 versus
1933 728 2111 790 omni
2177 724 2496 813 elegantia
2542 726 2940 791 destituatur.

565 830 745 896 Adde
793 831 962 917 quod
1008 830 1414 917 dactylorum
1461 833 1850 896 coacervatio
1895 830 2042 897 inde
2090 839 2230 896 orta
2276 853 2402 896 non
2451 833 2752 918 optabilis
2791 841 2948 898 esset

564 938 691 1000 nisi
752 936 1096 1002 celeritatis
1156 939 1399 1002 mentio
1448 945 1616 1016 esset
1663 936 1979 1014 facienda,
2030 957 2191 1022 quae
2237 940 2306 1002 in
2352 939 2472 1003 hoc
2519 959 2711 1004 versu
2756 943 2952 1004 neuti-

566 1063 761 1127 quam
828 1042 1241 1108 desideratur.
1313 1040 1517 1107 Unica
1586 1045 1750 1106 ratio
1822 1062 1982 1127 quae
2052 1042 2246 1107 huius
2317 1046 2714 1109 coniecturae
2779 1043 2948 1109 reddi

564 1142 779 1233 posset
796 1195 811 1224 ‚
862 1155 1027 1213 esset
1072 1147 1255 1213 credo
1304 1148 1589 1214 absentia
1638 1148 1818 1213 verbi
1863 1170 2062 1211 eumue
2111 1148 2281 1233 apud
2327 1151 2746 1234 participium
2793 1150 2911 1212 rati
2926 1170 2944 1228 3

567 1252 676 1317 sed
738 1274 818 1318 ne
878 1252 1044 1319 illud
1104 1253 1366 1338 quidem
1414 1253 1493 1317 ad
1542 1252 1744 1317 talem
1788 1259 2092 1318 conatum
2138 1253 2367 1318 ducere
2417 1254 2722 1320 debuerat
2737 1275 2754 1332 ;
2804 1276 2950 1320 nam

569 1356 892 1445 Vergilius
957 1365 1021 1423 et
1084 1357 1375 1444 aequales
1438 1379 1625 1443 saepe
1697 1361 2011 1423 omittunt
2086 1360 2358 1424 verbum
2437 1366 2559 1437 eet,
2637 1369 2750 1425 aut
2815 1369 2952 1424 mut

568 1471 713 1549 post
774 1466 1108 1553 participia
1169 1464 1446 1549 perfecta
1510 1463 2002 1548 deponentium:
2068 1463 2310 1551 Vergil.
2371 1465 2528 1529 Aen.
2577 1464 2661 1543 11,
2715 1466 2756 1531 2
2801 1467 2956 1530 Inde

570 1577 696 1634 toro
729 1577 913 1652 pater
956 1571 1044 1633 sie
1088 1593 1256 1634 orm
1294 1571 1366 1633 ab
1408 1570 1553 1647 atto,
1595 1567 1703 1647 IV,
1732 1568 1863 1635 632
1895 1569 2055 1633 Pam
2094 1570 2350 1634 breviter
2389 1571 2628 1635 Barcen
2671 1571 2952 1635 nutricem

568 1676 765 1759 affata
828 1675 1078 1760 Sychaei
1096 1723 1111 1752 ,
1176 1673 1315 1752 VII,
1368 1672 1499 1740 3¹74
1564 1674 1674 1736 Ubi
1727 1723 1740 1738 .
1772 1723 1786 1738 .
1817 1722 1832 1738 .
1881 1675 2172 1738 Latinum
2238 1676 2458 1738 Contra
2523 1683 2688 1740 stare
2757 1677 2914 1740 videt
2935 1726 2952 1754 ‚

557 1780 918 1865 penitusque
977 1780 1046 1844 in
1106 1780 1334 1844 viscera
1394 1780 1630 1862 lapswm
1682 1777 1844 1859 (scil.
1895 1786 2016 1860 est)
2066 1780 2370 1862 Serpentie
2396 1780 2656 1866 furiale
2701 1781 2914 1844 malum
2935 1831 2952 1859 ‚

568 1892 861 1971 totamque
898 1894 1197 1970 pererrat,
1243 1886 1470 1951 Horat.
1518 1885 1721 1971 Epod.
1769 1884 1833 1950 H
1880 1888 1948 1950 in
1991 1884 2145 1951 fine:

1018 1992 1190 2056 Haec
1234 1992 1337 2055 ubi
1384 1992 1614 2056 locutus
1643 1992 1976 2077 fenerator
2021 1990 2284 2074 Alphiue
2301 2039 2320 2070 ,

568 2093 782 2162 Tibul.
833 2096 917 2176 H,
965 2097 1082 2175 ΠΙ,
1136 2084 1254 2161 19':

1032 2203 1082 2266 Ο
1126 2202 1355 2287 quoties
1400 2225 1583 2266 ausae
1601 2251 1619 2280 ,
1670 2209 1907 2266 caneret
1953 2205 2093 2266 dum
2139 2201 2301 2267 valle
2344 2204 2450 2266 sub
2497 2203 2628 2266 alta

1110 2309 1411 2390 Rumpere
1454 2307 1682 2388 muqitu
1725 2307 1992 2371 carmina
2037 2309 2214 2372 docta
2257 2309 2443 2374 boves.

569 2413 737 2494 Quin
784 2417 982 2478 etiam
1028 2435 1108 2480 ex
1151 2415 1253 2490 iis,
1304 2434 1466 2498 quae
1510 2411 1868 2499 Wagnerus
1907 2416 1975 2477 in
2018 2412 2398 2493 Quaestione
2435 2412 2804 2501 Vergiliana
2829 2413 2950 2478 XV

564 2519 642 2583 de
698 2519 1085 2584 abundantia
1131 2525 1196 2584 et
1242 2520 1527 2584 absentia
1572 2519 1751 2584 verbi
1797 2541 1918 2582 esse
1961 2522 2030 2582 in
2079 2517 2364 2606 Vergilio
2410 2521 2662 2585 monuit
2679 2567 2697 2597 ,
2745 2540 2954 2584 neces-

563 2627 728 2690 sario
792 2627 971 2710 sequi
1030 2625 1289 2690 videtur
1348 2632 1423 2689 ut
1486 2626 1605 2690 hoc
1668 2623 1929 2709 quidem
1987 2623 2125 2690 loco
2174 2625 2448 2690 verbum
2493 2647 2689 2688 eumue
2734 2627 2952 2710 potius

562 2730 997 2796 omittendum
1066 2734 1184 2796 sit:
1258 2733 1350 2795 ait
1411 2733 1585 2795 enim
1647 2730 1933 2795 Numero
1981 2729 2022 2794 8
2073 2729 2428 2807 „Interdum
2473 2729 2540 2794 in
2588 2728 2954 2793 commotiore

561 2838 831 2901 oratione
874 2837 977 2900 ubi
1001 2837 1355 2923 festinatur
1395 2837 1480 2898 ad
1503 2835 1790 2917 proxima
1829 2837 1937 2900 hoc
1974 2836 2208 2898 verbum
2247 2836 2563 2914 omittitur,
2604 2835 2952 2920 omninoque

560 2945 629 3007 in
676 2967 740 3008 eo
781 2967 997 3026 qenere
1042 2942 1368 3019 orationie,
1418 2941 1501 3005 in
1547 2964 1691 3027 quo
1733 2943 2192 3024 scriptores
2251 2942 2490 3023 vulqo
2549 2942 2950 3006 brevitati

560 3053 889 3115 student
904 3049 977 3125 ;’'
1028 3049 1200 3135 quod
1244 3048 1352 3112 hic
1400 3069 1552 3113 sane
1596 3046 1816 3113 locum
1864 3049 2090 3125 habet,
2143 3068 2296 3112 nam
2345 3051 2570 3112 statim
2617 3049 2946 3133 sequitur:

562 3177 714 3221 cum
760 3154 1087 3221 alacritate
1134 3160 1200 3219 et
1246 3155 1689 3218 festinatione:
1739 3153 1902 3233 Erqo
1949 3153 2138 3216 omnis
2176 3153 2349 3234 lonyo
2387 3153 2570 3216 solvit
2605 3175 2668 3217 se
2697 3152 2952 3216 Teucria

564 3263 763 3338 bactu,
814 3263 996 3324 Iuvat
1042 3260 1154 3324 ire.

654 3365 1028 3431 Retineatur
1072 3368 1279 3452 igitur
1320 3367 1605 3452 genuina
1651 3372 1715 3430 et
1763 3364 1962 3450 proba
2005 3366 2322 3451 scriptura

922 3535 930 3543 ,
1014 3472 1089 3534 N
1082 3493 1143 3535 oe
1188 3471 1405 3536 abiisee
1450 3472 1575 3535 rati
1623 3479 1680 3535 et
1723 3479 1895 3536 vento
1929 3471 2188 3553 petiisse
2233 3471 2542 3555 Mycenas.

654 3683 759 3748 59.
1203 3683 1322 3764 Qui
1364 3705 1427 3745 se
1471 3682 1738 3764 iynotum
1781 3682 2149 3747 venientibus
2193 3683 2356 3748 ultro

1022 3788 1333 3852 Obtulerat
1359 3790 1569 3870 fidene
1613 3788 1822 3852 (mimi.

557 3896 672 3961 Vir
733 3895 811 3960 cl.
872 3895 1116 3980 Speijer
1160 3914 1275 3978 pro
1322 3893 1581 3974 iynotum
1621 3895 1890 3958 coniecit
1927 3893 2184 3974 iynotus.
2249 3893 2471 3958 Primo
2521 3894 2754 3959 obtutu
2801 3915 2947 3960 con·

554 4004 798 4065 iectura
840 3999 955 4064 illa
998 3999 1164 4063 mihi
1209 3997 1395 4064 valde
1444 3996 1771 4083 placebat,
1823 4001 2086 4084 eiusque
2134 4019 2404 4064 acumen
2453 3999 2728 4065 effecisse
2769 4000 2945 4066 vide-

556 4113 665 4168 tur
726 4113 801 4169 ut
861 4107 930 4169 in
990 4125 1227 4171 novam
1288 4102 1561 4190 Vergilii
1609 4105 1958 4170 editionem
2005 4104 2320 4171 Batavam
2367 4113 2622 4191 recepta
2665 4107 2773 4170 sit.
2847 4105 2943 4171 Re

557 4215 773 4273 tamen
858 4211 1018 4274 serio
1099 4209 1442 4274 deliberata
1513 4230 1657 4275 eam
1728 4231 1854 4275 non
1922 4210 2388 4276 admittendam
2461 4213 2696 4277 censui.
2771 4210 2944 4276 Nam

562 4314 739 4380 nullo
810 4315 1018 4379 codice
1089 4315 1414 4380 stabilitur
1482 4325 1547 4381 et
1614 4337 1803 4381 versu
1868 4315 1998 4380 589
2064 4337 2285 4382 rursus
2346 4339 2424 4382 ex
2472 4317 2767 4382 omnibus
2813 4317 2947 4384 fere
