3192 5009
677 334 803 413 196
1191 355 1832 405 onsuRvA'rmthmAn
1878 358 1961 405 ns
2005 360 2154 406 wrm
2201 360 2480 408 somno.

749 519 1015 585 Restant
1076 520 1200 586 duo
1262 521 1573 587 Marciani
1633 522 1990 610 fragmenta
2048 522 2092 587 1.
2144 523 2228 588 35
2275 524 2352 589 D.
2403 524 2465 589 8.
2494 525 2535 590 2
2581 532 2646 591 et
2692 526 2735 591 1.
2787 526 2876 591 40
2929 526 3025 612 §1

658 624 737 691 D.
779 626 894 692 12.
924 627 984 692 6.
1032 628 1243 693 Priori
1291 631 1424 694 sine
1472 627 1768 694 molestia
1815 630 2027 695 abesse
2073 636 2284 715 potest
2329 631 2612 695 incertum
2646 630 2730 713 ¹):

932 782 1127 798 .....
1177 758 1248 797 ea·
1295 735 1534 797 vendito
1581 758 1755 815 affere
1788 743 1989 817 potest
2037 735 2130 799 vel
2168 739 2537 820 [incertum]
2575 739 2883 801 condicere
2901 787 2919 816 ,
2962 746 3027 800 ut

924 841 1177 902 servitus
1214 840 1574 922 imponatur.

744 943 947 1009 Alteri
997 945 1244 1011 detrahi
1290 948 1828 1031 pernecessarium
1879 950 2033 1012 erit:

1012 1052 1078 1113 Si
1119 1074 1274 1133 pars
1318 1054 1520 1115 domus
1534 1101 1550 1129 ‚
1600 1075 1750 1137 quae
1796 1053 1864 1115 in
1910 1054 2065 1116 diem
2100 1075 2219 1135 per
2245 1054 2764 1137 fideicommissum
2808 1056 3027 1119 relicta

922 1165 1008 1222 est
1024 1207 1040 1235 ‚
1089 1158 1307 1221 arserit
1354 1165 1493 1221 ante
1536 1159 1691 1222 diem
1720 1160 2170 1241 fideicommissi
2215 1162 2507 1225 cedentem
2524 1210 2541 1238 ,
2593 1167 2650 1224 et
2689 1184 2813 1224 eam
2853 1164 3027 1225 heres

918 1287 1030 1326 sua
1080 1264 1344 1346 impensa
1392 1264 1677 1350 refecerit
1693 1313 1709 1341 ‚
1758 1267 2159 1328 deducendam
2205 1288 2326 1330 esce
2370 1266 2692 1350 impensam
2730 1290 2803 1330 ea.-
2831 1269 3027 1350 fidei-

920 1369 1214 1433 commissa
1275 1378 1503 1433 constat
1518 1397 1537 1432 :
1602 1377 1659 1434 et
1717 1371 1773 1432 εἰ
1816 1371 1945 1434 sine
1992 1372 2341 1436 deducbione
2381 1374 2609 1437 domum
2654 1373 2992 1438 tradiderit
3008 1424 3024 1450 ,

907 1498 1084 1558 posse
1130 1478 1407 1559 [incerti]
1454 1477 1689 1540 condic-i
1707 1526 1724 1554 ,
1778 1477 1950 1561 quasi
1984 1478 2136 1559 plus
2182 1479 2376 1543 debito
2423 1481 2676 1544 dederit.

739 1579 1004 1648 Certum
1063 1582 1378 1669 impendit
1438 1582 1653 1659 heres,
1703 1589 1953 1649 certum
1999 1586 2267 1650 retinere
2320 1584 2574 1662 debuit,
2625 1586 2848 1672 quidni
2898 1608 3025 1652 cer-

646 1695 789 1753 tum
852 1686 1179 1753 condicat?
1239 1687 1386 1754 Ideo
1431 1710 1553 1754 non
1601 1689 1674 1753 fit
1720 1692 1869 1775 quia
1913 1690 2301 1777 Papinianus
2346 1690 2512 1756 libro
2558 1690 2653 1755 IX
2699 1713 3024 1778 responso-

645 1818 791 1860 rum
851 1799 1104 1881 scripsit
1149 1796 1269 1858 viri
1314 1796 1450 1859 boni
1495 1796 1795 1859 arbitratu
1840 1805 2174 1879 sumptuum
2222 1798 2540 1878 ration(es)
2588 1800 3021 1879 decim-(endas)

645 1923 780 1967 esse
840 1901 909 1983 (l.
961 1902 1045 1966 58
1094 1900 1170 1966 D.
1224 1900 1358 1982 30).
1423 1898 1646 1987 Itaque
1706 1903 1856 1967 huic
1901 1903 2212 1968 Marciani
2257 1904 2516 1991 regulae
2562 1903 2782 1969 eadem
2826 1907 3023 1971 inter·

643 2007 879 2094 polatio
939 2008 1188 2084 subest,
1252 2029 1445 2093 quam
1508 2009 1765 2075 subesse
1811 2009 2096 2074 vidimus
2141 2014 2301 2095 (cap.
2347 2008 2526 2090 XIV)
2572 2009 2804 2075 Iuliani
2849 2010 3021 2097 frag-

643 2120 895 2191 ment0‚
960 2114 1126 2199 quod
1188 2120 1283 2179 est
1344 2114 1528 2180 hodie
1591 2114 1636 2179 1.
1690 2113 1775 2179 60
1821 2114 1899 2179 D.
1950 2113 2056 2179 30.
2106 2114 2219 2180 Sin
2267 2119 2408 2201 quis
2456 2116 2655 2193 dicat,
2705 2115 3019 2181 Marciani

642 2222 1008 2285 testimonio
1071 2222 1282 2307 magis
1345 2219 1539 2297 effici,
1607 2227 1681 2284 ut
1743 2242 1820 2286 ne
1886 2220 2173 2286 Iulianus
2233 2220 2655 2306 interpolatus
2700 2222 3016 2297 videatur,

643 2347 844 2411 quum
905 2328 1058 2391 satis
1106 2332 1402 2411 appareat
1448 2327 1617 2391 hunc
1664 2327 2042 2413 simpliciter
2087 2330 2473 2413 exscriptum
2520 2328 2715 2393 fuisse
2763 2349 2800 2393 a
2845 2328 3018 2394 Mar·

641 2434 817 2496 ciano
837 2480 853 2509 ‚
925 2439 1381 2518 argumentum
1445 2454 1555 2518 per
1616 2454 1681 2498 se
1744 2440 2103 2519 spectatum
2163 2433 2425 2499 firmum
2488 2441 2604 2499 est.
2667 2434 3016 2500 Enimvero

641 2560 843 2624 quum
888 2545 986 2602 tot
1030 2542 1158 2603 sint
1196 2545 1575 2625 argumenta
1595 2588 1612 2616 ,
1655 2543 1885 2604 veteris
1924 2541 2083 2604 iuris
2124 2540 2553 2604 conditoribus
2592 2560 2795 2625 neque
2833 2544 3013 2616 certi,

639 2667 840 2731 neque
921 2647 1146 2709 incerti
1230 2666 1433 2730 neque
1519 2648 1855 2711 triticarias
1931 2645 2350 2711 condictiones
2422 2647 2707 2733 cognitas
2776 2646 3011 2724 fuisse,

639 2755 963 2839 cognitam
1025 2759 1244 2817 autem
1307 2752 1769 2817 condictionem
1830 2756 2119 2830 tantum,
2183 2758 2442 2838 propter
2502 2753 2618 2817 hoc
2665 2773 2871 2816 unum
2924 2773 3014 2817 ar-

636 2865 1058 2945 gumentum,
1123 2858 1291 2942 quod
1353 2857 1634 2942 aliquam
1696 2861 1832 2923 vim
1891 2859 2119 2924 habere
2181 2858 2456 2936 videtur,
2519 2860 2846 2923 neminem
2914 2858 3014 2924 ad·
3176 2902 3178 2945 Ι

637 2986 894 3030 sensum
940 2966 1373 3030 cohibiturum
1418 2965 1706 3029 arbitror.

768 3131 1038 3182 Scribebam
1073 3131 1280 3181 Traiecti
1315 3132 1374 3180 ad
1409 3115 1631 3181 ’Rhenum
1667 3147 1825 3181 mense
1857 3130 2124 3197 Septembri
2161 3132 2310 3181 1891.

702 3394 758 3458 1)
793 3395 890 3444 Pro
924 3393 1097 3443 incerti
1129 3400 1216 3443 est.
