3192 5009
93 4421 96 4466 !

1248 303 1607 380 mucimus.
2489 287 2619 353 281

280 469 773 559 significationem
853 471 993 557 pari
1059 473 1201 536 iure
1270 470 1376 536 hic
1442 469 1663 536 locum
1737 471 2132 549 obtinerent,
2202 476 2419 537 tamen
2489 475 2624 539 sine

278 578 445 642 dubio
485 577 871 663 praeferrem
904 584 1227 660 promunt,
1274 598 1354 643 ne
1401 597 1628 642 versus
1674 575 2002 642 similibus
2046 578 2258 644 verbis
2303 577 2513 643 reddet
2559 585 2626 644 et

276 685 537 770 produnt,
596 686 819 750 minus
882 683 1209 769 eleganter
1252 684 1563 768 inciperet
1610 689 1676 748 et
1723 681 2057 749 desineret.
2107 682 2234 749 Sed
2278 704 2405 749 non
2449 685 2627 750 idem

274 787 632 875 significant:
710 810 789 854 ex
859 789 1158 854 omnibus
1174 837 1191 867 ,
1266 808 1425 874 quos
1486 787 1818 866 consului,
1883 787 2044 854 locis
2103 789 2272 854 mihi
2329 793 2627 877 apparuit

270 903 511 978 promunt
577 896 699 961 hoc
767 898 989 980 ipsum
1055 897 1411 981 exprimere
1480 895 1651 980 quod
1714 893 2041 980 Vergilius
2109 895 2320 960 voluit
2383 896 2590 963 dicere
2607 945 2624 976 ‚

262 1003 499 1082 prodam
538 1022 963 1087 nequaquam.
1013 1001 1289 1065 Promere
1336 1020 1587 1087 semper
1630 999 1949 1085 significat
1987 999 2231 1085 aliquid
2269 1022 2348 1067 ex
2373 1001 2624 1068 occulto

272 1113 327 1170 et
374 1107 589 1172 latenti
650 1107 793 1172 loco
858 1108 1135 1194 proferre
1189 1107 1271 1172 ad
1314 1128 1512 1171 usum
1557 1104 1667 1171 vel
1713 1108 2145 1192 cognitionem
2188 1112 2623 1192 praesentem:

272 1211 403 1276 Hor.
442 1211 537 1276 III
584 1211 702 1278 Od.
756 1211 864 1291 28,
892 1213 935 1278 2
1029 1213 1243 1276 Prome
1290 1212 1660 1275 reconditum

1032 1318 1207 1403 Lyde
1220 1365 1237 1396 ,
1278 1324 1526 1382 strenua
1582 1317 1922 1381 Caecubum.

270 1423 334 1491 V.
352 1425 539 1490 Flacc.
566 1424 675 1504 VI,
702 1425 787 1490 41
837 1426 1001 1506 E'rqo
1050 1426 1229 1488 duces
1274 1425 1546 1508 eota-eque
1588 1425 1738 1488 deae
1781 1423 1933 1486 mihi
1968 1423 2234 1506 promite
2271 1432 2478 1505 yentee
2496 1474 2512 1502 ,

268 1538 332 1596 ut
368 1553 581 1597 eorum
625 1534 993 1618 cognitione
1040 1552 1209 1596 nunc
1258 1533 1483 1595 statim
1528 1533 1599 1594 in
1639 1532 1918 1610 carmine
1963 1534 2130 1594 utar.

346 1637 529 1702 Tacit.
572 1638 739 1702 Ann.
774 1635 924 1715 XH,
955 1635 1062 1700 65.
1104 1635 1505 1719 Ayrippiuoem
1542 1635 1731 1716 maqie
1751 1637 2054 1720 maqisque
2075 1641 2422 1718 suspectante
2445 1635 2627 1716 (Nar-

271 1743 463 1822 cissus)
490 1742 859 1826 prompsisse
896 1747 1003 1822 (ex
1042 1743 1276 1807 intimo
1301 1740 1508 1806 cordis
1532 1748 1808 1821 recessu)
1849 1740 2010 1804 inter
2036 1740 2346 1822 proximos
2375 1742 2629 1826 fereba-

272 1853 355 1908 tur
384 1855 595 1911 certam
631 1848 749 1912 sibi
775 1846 1111 1930 perniciem
1147 1869 1251 1910 eeu
1300 1846 1692 1910 Bm‘tanuieue
1737 1868 1934 1909 rerum
1977 1868 2080 1910 seu
2118 1846 2284 1910 Nero
2296 1847 2624 1930 potiretur.

270 1949 403 2016 Hor.
446 1950 478 2017 I
523 1951 637 2017 Od.
692 1951 800 2030 34,
831 1951 915 2017 14
1339 1951 1515 2014 Valet
1558 1952 1682 2014 ima
1728 1949 1969 2014 summio

778 2059 1030 2122 Mutare
1078 2066 1137 2122 et
1180 2057 1418 2138 iurique
1464 2063 1740 2122 attenuat
1781 2057 1948 2120 Deme

790 2164 1051 2228 Obscura
1084 2185 1369 2246 promens
1383 2211 1401 2242 ,

270 2268 363 2332 ubi
390 2292 659 2351 promere
702 2291 925 2334 rursus
962 2269 1042 2335 ad
1081 2290 1376 2356 praesens
1422 2274 1683 2334 tantum
1730 2274 1986 2355 tempus
2003 2317 2020 2346 ,
2060 2289 2184 2333 non
2227 2268 2310 2334 ad
2332 2270 2628 2354 futurum

268 2376 532 2457 pertinet.
580 2375 846 2440 Prodere
888 2396 1042 2441 vero
1090 2377 1342 2459 saepius
1390 2375 1597 2439 futuri
1651 2376 1959 2459 temporis
2015 2375 2330 2439 rationem
2391 2374 2584 2439 habet
2603 2421 2620 2452 ,

270 2479 415 2562 quod
468 2482 597 2545 iam
658 2485 839 2566 patet
894 2501 974 2546 ex
1032 2479 1351 2546 locutione
1410 2479 1724 2544 memoriae
1772 2480 2054 2561 prodere.
2113 2477 2218 2544 Sic
2267 2477 2504 2544 Seneca
2549 2478 2623 2560 Q.

269 2582 393 2648 Nat.
438 2585 527 2650 ΠΙ
572 2586 781 2652 Praef.
833 2586 997 2650 Auis
1041 2608 1252 2650 eausa-r
1296 2593 1355 2650 et
1397 2591 1626 2650 secreta
1669 2585 1878 2648 mundi
1922 2586 2217 2648 noscenda
2248 2587 2531 2668 prodere.

270 2687 329 2752 V.
370 2689 561 2758 Flacc.
610 2691 729 2769 III,
778 2691 911 2757 216
1391 2691 1450 2754 V
1443 2713 1506 2754 oe
1540 2689 1792 2773 prodite
1838 2690 2038 2754 Divae

592 2797 991 2862 Eumenidum
1038 2797 1340 2883 noeti-sque
1378 2797 1581 2878 ylebos
1599 2845 1616 2874 ,
1663 2795 1906 2881 vatique
1939 2801 2219 2878 patescat

593 2906 904 2968 Amorum
930 2903 1168 2989 fraqor
1213 2906 1281 2984 (i.
1312 2924 1367 2968 e.
1409 2902 1660 2987 prodite
1703 2902 1870 2966 mihi
1909 2909 1980 2966 et
2013 2922 2128 2988 per
2165 2922 2271 2966 me
2308 2903 2624 2988 posteris).

273 3003 489 3073 Terent.
537 3009 735 3074 Andr.
785 3008 867 3087 H,
924 3008 983 3097 1,
1015 3007 1097 3074 13

424 3117 603 3180 Oredo
650 3116 975 3198 impetrabo
995 3165 1011 3193 ,
1059 3122 1129 3178 ut
1175 3115 1408 3200 abiquot
1450 3114 1664 3178 saltem
1709 3113 1946 3196 nuptiis
1978 3114 2212 3195 prodat
2260 3113 2408 3178 dies.

270 3216 374 3283 Ubi
416 3219 698 3287 Donatus
732 3223 964 3304 prodat
1010 3220 1287 3307 explicat
1333 3243 1445 3306 per
1478 3222 1807 3306 proferat,
1847 3219 2151 3302 prolatet,
2203 3241 2358 3306 ergo
2403 3239 2624 3284 rursus

270 3323 329 3388 de
383 3327 587 3392 futuro
656 3333 943 3414 tempore
1008 3328 1257 3391 dictum
1317 3334 1435 3392 est.
1502 3325 1626 3392 Sed
1685 3327 1892 3390 futuri
1939 3327 2248 3411 temporis
2295 3331 2360 3391 et
2407 3345 2624 3392 morae

270 3433 515 3499 notiones
559 3454 973 3520 nequaquam.
1012 3436 1219 3518 aptari
1264 3438 1534 3518 possunt
1579 3431 1872 3497 militum
1915 3434 1984 3495 in
2024 3452 2184 3516 equo
2222 3429 2623 3496 inclusorum

241 3535 535 3624 ⁴imagini,
579 3545 775 3626 atque
810 3542 959 3606 inde
998 3539 1165 3605 clam
1203 3541 1377 3604 exire
1416 3539 1881 3604 festinantium.
1933 3537 2098 3600 Clam
2135 3542 2305 3602 certe
2328 3536 2396 3602 id
2419 3536 2622 3602 facere

270 3641 490 3722 volunt,
548 3651 613 3711 et
656 3646 802 3710 ideo
848 3667 1098 3732 quoque
1132 3646 1397 3728 prodere
1442 3643 1696 3730 probari
1741 3642 1913 3708 haud
1960 3647 2211 3728 potest,
2261 3663 2386 3727 quo
2433 3663 2621 3728 saepe

266 3747 441 3824 palam
483 3749 839 3815 ostenditur
883 3749 1057 3835 quod
1102 3752 1246 3836 quis
1294 3752 1482 3814 anxie
1528 3755 1746 3835 tegere
1793 3746 2148 3814 studuerat.
2531 3747 2535 3752 ’

277 3846 429 3918 Ovid.
460 3855 617 3921 Met.
660 3855 740 3933 Π,
766 3851 896 3921 447
955 3856 1189 3920 &tmen
1222 3857 1486 3938 prodere
1528 3854 1720 3918 vultu.

277 3953 501 4024 Heroid.
546 3959 694 4038 XII,
747 3959 833 4026 38
940 3961 1179 4024 Eminet
1225 3961 1457 4025 iudicio
1495 3960 1752 4043 prodita
1781 3961 2036 4043 flamma
2078 3981 2184 4022 cuo
2202 4007 2219 4037 ,

277 4067 328 4124 et
362 4066 639 4150 inprimis
686 4065 847 4132 Met.
896 4065 1003 4145 IV,
1058 4065 1187 4132 655

1518 4173 1835 4256 laevaque
1868 4178 2055 4254 parte
2101 4173 2396 4236 Medma

950 4279 1092 4362 Ipse
1138 4286 1503 4344 rem-eversus
1549 4278 1892 4364 squalentia
1925 4278 2214 4362 prodida't
2257 4301 2364 4342 ora
2381 4327 2398 4358 ,

282 4383 341 4442 ut
378 4381 619 4450 vultum
660 4382 853 4450 illum
898 4389 1114 4453 totum
1160 4390 1225 4454 et
1272 4383 1457 4470 plane
1500 4387 1880 4452 intueretur.
