3192 5009
564 226 649 292 68
1525 189 2029 292 camenus..

558 418 826 497 uterque
875 418 1148 477 testatur
1197 412 1569 476 dubitemus
1585 431 1603 489 ;
1654 432 1813 475 num
1857 430 2012 475 vero
2058 409 2138 474 ad
2186 418 2441 495 tempus
2490 428 2616 493 quo
2654 408 2942 493 hymnus

557 522 832 604 scriptus
880 521 967 583 sit
1011 524 1266 583 tantum
1309 516 1525 583 afferat
1563 516 1762 594 lucri,
1806 522 2120 601 quantum
2154 514 2357 603 vulgo
2383 521 2668 600 putatur,
2694 514 2941 579 dubito.

555 626 728 693 Mira
788 633 937 691 sunt
997 646 1071 691 66
1112 625 1309 690 verba
1355 624 1706 701 Ἀντίγονός
1757 649 1847 694 τις
1899 622 2081 703 Φίλος
2130 627 2237 687 τοῦ
2286 622 2684 702 Φιλαδέλφου
2732 623 2821 697 81,
2868 618 2945 683 id

558 732 728 821 quod
775 732 1050 797 affirmat
1094 730 1465 819 Droysenus
1485 780 1500 809 ,
1553 730 1630 795 de
1679 727 1931 796 Gonata
1978 729 2341 815 accipienda
2386 734 2537 794 sunt
2570 728 2637 809 ι).
2689 724 2945 805 „Wenn

558 839 658 904 (116
720 838 1170 924 Bezeichnung
1229 836 1482 901 Freund
1544 856 1754 923 genau
1815 840 1981 900 ware
2000 884 2015 912 ,
2081 856 2149 900 so
2196 834 2436 900 1166616
2483 833 2585 899 (116
2632 830 2945 916 Sendung

554 966 680 1009 nur
723 941 1082 1010 274—272
1128 942 1431 1030 gemacht
1477 942 1656 1007 sein''
1698 944 1792 1006 ita
1828 944 2044 1028 pergit
2068 944 2168 1005 vir
2192 940 2583 1005 clarissimus
2608 936 2777 1020 (111¹.
2804 934 2943 1003 270

557 1073 618 1114 n.
668 1050 738 1129 2)
801 1052 912 1127 „in
973 1050 1082 1114 der
1127 1048 1266 1114 Zeit
1313 1048 1421 1113 des
1466 1048 1897 1135 Pyrrhischen
1944 1046 2285 1135 Krieges.''
2336 1045 2461 1112 Sed
2508 1052 2677 1111 recte
2725 1042 2943 1109 addit:

559 1155 764 1235 „doch
808 1158 895 1220 ist
943 1155 1075 1220 dies
1121 1177 1199 1219 zu
1245 1154 1568 1242 gewagt.’'
1619 1153 1743 1218 Vix
1790 1156 1963 1219 enim
1980 1202 1996 1231 ,
2045 1156 2170 1217 nisi
2209 1152 2413 1230 fallor,
2455 1158 2713 1238 propter
2748 1150 2946 1215 breve

552 1261 718 1327 illud
757 1264 1038 1347 spatium
1073 1283 1196 1347 quo
1222 1259 1618 1346 aliquamdiu
1644 1256 1930 1325 Gonatae
1957 1259 2277 1324 adversari
2299 1258 2707 1324 Ptolemaeus
2730 1256 2944 1332 desiit,

555 1368 972 1433 historiarum
1035 1370 1306 1453 scriptor
1366 1388 1445 1432 ex
1507 1368 1691 1431 cuius
1754 1366 1916 1431 libro
1964 1367 2180 1430 11611811
2228 1364 2573 1431 scholiasta
2618 1361 2946 1430 Gonatam

553 1473 912 1539 Ptolemaei
969 1476 1250 1538 amicum
1312 1480 1619 1538 vocasset.
1685 1470 1965 1537 Obscura
2025 1475 2241 1557 itaque
2302 1492 2402 1537 res
2462 1475 2560 1537 est
2620 1490 2824 1555 neque
2872 1470 2945 1531 in

555 1580 675 1644 1166
733 1586 1102 1665 temporum
1167 1578 1610 1664 disquisitione
1669 1577 1882 1644 lucem
1944 1578 2122 1643 affert
2166 1578 2360 1663 idque
2408 1598 2480 1642 eo
2526 1579 2743 1642 minus
2789 1596 2945 1640 cum

557 1686 720 1751 effici
782 1706 908 1751 non
966 1688 1168 1771 possit
1221 1684 1528 1771 quidnam
1573 1706 1651 1749 ex
1698 1691 1795 1749 tot
1842 1682 2182 1751 Gallorum
2228 1683 2595 1770 agminibus
2641 1681 2945 1766 dispersis

558 1813 669 1878 per
731 1789 1064 1857 Graeciam
1125 1798 1189 1857 61
1251 1793 1472 1857 Asiam
1532 1790 1613 1855 ad
1657 1790 2107 1856 Ptolemaeum
2155 1792 2420 1855 venerit.
2494 1788 2637 1853 Hoc
2682 1794 2947 1853 tantum

557 1903 804 1963 constat
864 1897 1109 1982 aliquot
1155 1900 1334 1961 annis
1385 1903 1530 1982 post
1585 1894 1919 1962 Gallorum
1972 1895 2217 1961 cladem
2271 1894 2349 1959 ad
2402 1892 2682 1979 Delphos
2728 1894 2945 1978 copias

558 2024 664 2069 eas
709 2002 784 2067 de
832 2003 1065 2088 quibus
1112 2005 1251 2088 agit
1294 2008 1484 2087 poeta
1529 2006 1599 2067 in
1624 2004 2003 2088 Aegyptum
2027 2004 2294 2066 venisse.
2342 1998 2538 2065 Haud
2561 1998 2772 2064 multo
2794 2004 2948 2083 post

559 2106 991 2175 Callimachus
1039 2129 1290 2173 carmen
1339 2129 1533 2172 suum
1578 2110 1834 2193 scripsit
1854 2157 1870 2185 ,
1920 2130 2047 2173 non
2094 2110 2265 2172 661111
2312 2128 2391 2171 ex
2414 2105 2729 2171 eiusmodi
2752 2104 2946 2169 rebus

558 2218 758 2303 gestis
817 2215 970 2279 haec
1023 2212 1428 2299 Philadelphi
1479 2216 1751 2279 victoria
1804 2214 1929 2278 fuit
1946 2263 1962 2291 ‚
2022 2234 2181 2299 quae
2236 2212 2467 2277 multis
2516 2215 2712 2277 etiam
2758 2212 2945 2275 annis

555 2323 936 2386 intermissis
980 2323 1176 2384 tantis
1219 2318 1515 2384 laudibus
1563 2327 1777 2405 posset
1824 2319 2047 2385 efferri.

653 2425 936 2491 Ulterius
1003 2425 1302 2511 progredi
1369 2425 1589 2490 liceret
1653 2432 1718 2490 et
1780 2427 2134 2489 accuratius
2200 2431 2457 2509 tempus
2524 2422 2781 2489 definire
2802 2471 2818 2499 ,
2885 2424 2943 2486 si

557 2537 914 2617 superesset
958 2531 1269 2595 indicium
1317 2530 1750 2609 πεντετηρίδας
1794 2552 1950 2616 quas
1992 2533 2271 2615 antiquis
2310 2530 2708 2617 temporibus
2746 2528 2945 2593 Athe-

557 2640 804 2703 nienses
878 2635 1025 2701 Deli
1093 2640 1505 2702 instituerant
1524 2686 1539 2714 ,
1614 2657 1651 2702 a
1718 2636 2106 2702 Ptolemaeis
2124 2686 2139 2714 ,
2210 2658 2362 2701 cum
2430 2639 2513 2715 τῷ
2586 2637 2751 2716 κοινῷ
2822 2640 2943 2699 τῶν

559 2750 854 2819 νησιωτῶν
898 2749 1293 2828 praeessent,
1333 2764 1467 2809 esse
1509 2749 1812 2808 servatas.
1859 2742 2000 2808 Hoc
2040 2745 2213 2808 enim
2252 2745 2307 2807 si
2346 2746 2679 2819 constaret,
2720 2741 2942 2827 proba-

555 2850 705 2917 bilis
743 2850 904 2914 foret
941 2851 1302 2914 coniectura
1351 2848 1743 2914 solemnibus
1782 2869 2167 2935 magnorum
2210 2847 2544 2913 Deliorum
2588 2848 2768 2913 festis
2814 2866 2944 2912 car-

559 2978 708 3021 men
769 2952 1146 3021 Callimachi
1193 2976 1327 3020 esse
1375 2962 1704 3020 cantatum
1751 2959 1819 3019 in
1866 2955 2331 3040 rhapsodorum
2379 2957 2723 3020 certamine
2771 2953 2941 3038 quod

558 3068 703 3126 tum
763 3064 1018 3126 institui
1079 3060 1341 3126 solebat.
1406 3061 1629 3147 Itaque
1649 3110 1665 3138 ,
1721 3083 1867 3126 cum
1920 3067 2163 3127 constet
2208 3081 2445 3147 magna
2489 3059 2669 3125 Delia
2717 3060 2943 3124 haberi

559 3169 868 3251 cuiusque
927 3165 1313 3253 olympiadis
1376 3187 1538 3231 anno
1607 3165 1667 3243 3,
1725 3169 2033 3251 suspicari
2076 3166 2297 3231 liceret
2342 3171 2635 3231 nostrum
2682 3184 2940 3230 carmen

560 3293 722 3337 anno
781 3272 910 3337 fere
974 3271 1170 3351 27524
1233 3276 1663 3357 compositum
1726 3294 1859 3339 esse
1918 3278 1994 3336 ut
2055 3278 2416 3337 cantaretur
2476 3274 2544 3336 in
2592 3274 2941 3337 certamine

559 3381 706 3445 anni
763 3380 1155 3462 insequentis
1216 3375 1322 3457 (01
1411 3378 1560 3443 126.
1627 3377 1715 3457 3).
1779 3378 1901 3444 Sed
1964 3386 2029 3444 et
2073 3379 2228 3444 haec
2276 3381 2548 3464 suspicio
2594 3377 2757 3443 levis
2804 3384 2902 3443 est
2921 3402 2940 3456 ,-

559 3484 738 3549 1111116
783 3485 956 3548 enim
999 3486 1328 3569 inscriptio
1375 3482 1556 3548 (16661
1603 3484 1845 3571 Magna
1899 3484 2081 3549 Delia
2142 3483 2724 3570 (quinquennalia),
2770 3492 2943 3570 post-

559 3611 750 3677 quam
812 3590 1228 3655 Athenienses
1288 3610 1361 3653 ea
1421 3610 1609 3675 agere
1672 3591 1993 3655 desierunt
2054 3611 2091 3655 a
2150 3591 2537 3656 Ptolemaeis
2584 3593 2943 3657 instaurata

561 3718 694 3763 esse
721 3695 793 3777 ²).

629 3950 686 4013 1)
717 3949 767 3997 Si
813 3952 941 3997 recte
983 3947 1073 3995 1166
1117 3946 1323 3995 affirmat
1358 3948 1566 4011 Droyscn
1605 3947 1750 4011 (quod
1784 3950 1943 3995 tamen
1979 3946 2057 3996 vix
2092 3946 2385 4011 putaverim)
2424 3960 2533 3995 cum
2574 3945 2941 3995 Wachsmuthio

561 4030 844 4093 Ἀντίγονος
878 4032 1162 4085 Γονατᾶς
1197 4028 1445 4091 legendum
1483 4029 1590 4077 erit.
1628 4029 1715 4076 Sed
1754 4028 1919 4077 dubito
1952 4044 2011 4077 66
2048 4029 2245 4077 fortasse
2280 4028 2504 4093 scriptor,
2537 4042 2679 4092 quem
2714 4028 2934 4091 sequitur

553 4115 828 4171 scholiasta,
866 4112 1042 4161 dixerit
1077 4110 1368 4175 Antigonum
1403 4128 1548 4160 unum
1582 4128 1638 4159 ex
1678 4111 1935 4159 Ptolemaei
1978 4109 2199 4161 „amicis”
2234 4115 2355 4169 (τῶν
2381 4110 2537 4173 Φίλων
2556 4126 2591 4158 s.
2612 4113 2711 4157 τῶν
2730 4107 2935 4170 πρώτων

554 4198 734 4261 φίλων)
781 4195 1058 4243 Galatarum
1101 4195 1394 4259 praefectum
1434 4194 1590 4243 iniisse.
1630 4194 1839 4243 Eandem
1871 4194 2185 4259 suspicionem
2218 4193 2513 4259 argumentis
2546 4192 2767 4259 probasne
2802 4193 2939 4241 video

557 4278 870 4329 Lumbrosum
905 4274 1127 4340 (l'ngitto
1162 4292 1254 4325 666.
1290 4293 1336 4341 p.
1375 4277 1479 4338 61).

623 4362 676 4423 2)
709 4361 765 4409 cf.
807 4357 1020 4409 Homoll.
1055 4375 1101 4423 p.
1138 4358 1218 4407 28.
1256 4385 1320 4395 —
1359 4357 1462 4407 Vel.
1498 4358 1556 4406 (16
1589 4358 1829 4407 Schoefl'er
1866 4360 1951 4407 ,(16
1992 4358 2097 4407 Deli
2130 4358 2313 4408 insulae
2348 4356 2519 4409 rebm”
2554 4375 2587 4424 p
2642 4356 2757 4409 176.
