3192 5009
1123 385 1208 441 1111
1253 392 1522 442 ramme
1567 388 1866 440 nonnius.
2548 367 2677 439 387

311 555 589 647 figuram
650 561 852 625 crucis
871 607 888 637 ,
951 562 1021 623 in
1085 557 1346 645 templis
1407 558 1558 624 solis
1608 558 1814 624 eidem
1859 557 1994 645 legi
2038 557 2291 623 subesse
2336 556 2532 622 aliam
2578 555 2686 620 811-

312 687 505 751 quam
561 668 878 731 rationem
942 669 1306 752 ceteroquin
1367 666 1550 731 nobis
1614 668 1925 752 ignotam.
1990 663 2211 750 Itaque
2276 663 2685 729 statuendum

309 778 409 836 est
425 821 440 849 ,
506 772 667 836 hanc
730 771 808 836 ob
869 791 1126 837 causam
1188 771 1327 837 loca
1383 775 1771 858 inaugurate
1819 769 2131 834 terminami
2176 769 2464 835 debuisse
2511 770 2687 834 certis

307 878 646 960 reqionibus
663 927 679 956 ,
741 881 872 944 sine
937 878 1197 944 flexuris
1259 883 1324 944 et
1387 880 1749 942 curvaturis
1766 926 1783 956 ,
1848 877 2012 962 qnod
2072 875 2227 941 fines
2271 878 2687 942 terminantes

307 983 600 1070 paralleli
661 1005 794 1050 esse
856 983 1155 1050 deberent
1195 1005 1352 1056 ‚cum
1401 983 1769 1049 Decumano
1818 989 1882 1048 et
1932 981 2219 1049 Cardine.
2268 981 2687 1047 Manifestum

309 1097 408 1156 est
467 1091 587 1156 boc
645 1097 1104 1178 argumentum
1167 1112 1290 1156 non
1346 1089 1564 1155 cadere
1612 1092 1680 1153 in
1730 1089 1918 1153 locum
1960 1089 2117 1152 mma*
2136 1137 2151 1165 ,
2200 1091 2312 1174 qui
2357 1110 2507 1154 cum
2550 1092 2687 1174 ipse

304 1219 438 1262 non
499 1201 664 1262 esset
725 1196 1233 1284 quadrangulus,
1297 1198 1493 1262 etiam
1543 1194 1894 1282 exigendus
1939 1194 2136 1260 fuisse
2185 1216 2307 1260 non
2354 1199 2564 1280 potest
2608 1192 2688 1259 ad

307 1306 622 1370 rationem
666 1303 1017 1369 Decumani
1061 1309 1128 1369 et
1176 1301 1468 1370 Cardinis
1501 1303 1566 1384 ¹).

403 1411 474 1476 2⁰
518 1411 658 1476 Hoc
701 1410 909 1494 idem,
960 1411 1199 1475 formae
1245 1409 1719 1496 quadrangulae
1756 1414 1963 1474 rectae
2004 1408 2393 1494 templorum
2432 1408 2687 1474 subesse

307 1520 625 1584 rationem
687 1516 1042 1584 Decumani
1104 1523 1170 1582 et
1231 1514 1522 1583 Car-dinis
1541 1566 1557 1595 ,
1624 1516 2035 1582 confirmatur
2099 1519 2296 1582 etiam
2358 1538 2431 1583 eo
2452 1565 2467 1594 ,
2516 1515 2687 1603 quod

307 1631 570 1712 apparet
630 1624 1009 1703 stellam,
1077 1645 1237 1709 quae
1301 1630 1398 1690 est
1443 1626 1584 1709 ipsa
1629 1627 1846 1710 imago
1896 1624 2089 1688 huius
2136 1625 2397 1688 rationis
2416 1673 2433 1701 ‚
2483 1643 2687 1708 neque

309 1731 585 1796 alienam
653 1752 788 1796 esse
857 1731 934 1796 ab
1006 1729 1303 1818 augurali
1372 1729 1662 1795 doctrina
1729 1750 1930 1814 neque
2004 1729 2080 1793 ab
2151 1727 2427 1815 templis.
2506 1728 2688 1808 Quod

308 1841 598 1925 primum
680 1838 759 1903 ad
843 1857 1120 1924 augures
1189 1840 1421 1902 attinet
1441 1886 1457 1914 ‚
1531 1837 1699 1922 apud
1769 1839 2106 1922 scriptores
2175 1835 2433 1920 quidem
2504 1857 2688 1900 num·

309 1965 505 2030 quam
575 1943 796 2009 stellae
868 1947 1110 2009 mentio
1180 1943 1254 2007 fit
1323 1950 1657 2028 tamquam
1728 1945 1898 2028 signi
1966 1944 2119 2006 artis
2190 1941 2518 2029 auguralis
2536 1991 2553 2020 ,
2616 1943 2686 2006 hi

308 2049 554 2115 lituum
609 2049 820 2114 solum
877 2055 1211 2135 tamquam
1263 2052 1516 2137 insigne
1565 2052 1656 2114 eis
1698 2048 2059 2114 attribuunt
2105 2047 2445 2132 (Mnemoe.
2492 2047 2684 2113 1890.

317 2155 401 2222 18
461 2177 609 2243 pag.
677 2154 806 2220 259
872 2156 1011 2221 adn.
1079 2155 1120 2220 2
1181 2159 1248 2221 et
1314 2154 1402 2241 3).
1475 2155 1601 2221 Sed
1662 2155 1847 2221 hodie
1909 2161 2084 2220 extat
2143 2155 2347 2220 lituus
2410 2155 2686 2234 ferreus,

309 2261 496 2328 stella
533 2268 826 2339 ornatus,
869 2283 1062 2348 quem
1108 2267 1292 2326 antea
1336 2260 1640 2346 descripsi
1686 2260 1804 2342 (1.1.
1854 2281 2002 2347 pag.
2044 2259 2177 2326 258
2218 2260 2359 2326 adn.
2391 2260 2455 2342 1)
2481 2259 2534 2342 ⁸)
2552 2283 2570 2342 ;
2619 2264 2687 2326 in

310 2389 385 2435 eo
447 2371 874 2434 instrumento
936 2368 1140 2433 lituus
1189 2372 1286 2432 est
1331 2370 1549 2455 imago
1596 2367 1826 2453 templi
1872 2369 2027 2432 aerii
2070 2372 2135 2432 et
2182 2370 2335 2432 artis
2380 2370 2689 2454 auspicio-

308 2496 459 2540 rum
477 2523 494 2553 ,
541 2477 760 2560 itaque
807 2473 1088 2538 dubitari
1131 2495 1257 2539 non
1297 2479 1507 2560 potest
1548 2475 1702 2559 quin
1740 2473 1927 2539 stella
1965 2476 2483 2560 superimposita,
2527 2495 2688 2559 quae

309 2586 409 2646 est
465 2582 684 2666 imago
747 2577 1154 2644 limitationis
1172 2629 1188 2658 ,
1239 2582 1436 2644 etiam
1484 2579 1715 2644 referat
1760 2585 2009 2665 partem
2056 2579 2359 2665 aliquam‘
2382 2582 2536 2644 artis
2582 2601 2688 2645 au-

310 2684 556 2774 guralis
573 2733 590 2764 ‚
655 2705 848 2771 quam
911 2691 1127 2751 tamen
1174 2689 1390 2750 minus
1435 2706 1705 2773 gravem
1755 2691 1819 2750 et
1863 2688 2078 2751 minus
2124 2688 2443 2772 insignem
2492 2707 2688 2770 quam

309 2790 578 2857 alteram
635 2792 831 2858 fuisse
877 2792 1217 2858 ostendunt
1263 2799 1552 2858 auctores
1596 2812 1749 2857 cum
1796 2793 1933 2857 81118
1981 2794 2070 2856 rei
2115 2813 2469 2876 numquam
2513 2814 2687 2858 men-

307 2899 550 2963 tionem
593 2898 856 2963 faciunt.
906 2935 992 2946 —
1042 2897 1103 2963 N
1104 2919 1184 2963 08
1225 2898 1514 2963 dubitavi
1553 2897 1865 2962 affirmare
1904 2897 2159 2963 steHam
2196 2897 2376 2962 illam
2414 2901 2483 2974 in
2522 2898 2685 2964 lituo

307 3005 584 3090 positam
644 3025 778 3070 esse
839 3004 1174 3086 imaginem.
1247 3005 1403 3070 Esse
1465 3004 1728 3089 quidem
1774 3006 1977 3089 possit
2024 3006 2134 3088 qui
2178 3005 2300 3070 hoc
2344 3012 2537 3090 neget
2556 3055 2572 3082 ,
2621 3010 2687 3070 et

310 3109 480 3205 dicat
547 3130 697 3175 eum
763 3109 1005 3176 lituum
1072 3111 1402 3177 stellatum
1463 3111 1659 3176 fuisse
1720 3114 1937 3198 ipsum
1996 3113 2498 3177 instrumentum
2560 3133 2685 3197 quo

308 3215 463 3281 fines
535 3217 610 3281 ab
680 3218 1032 3304 auguribus
1091 3221 1648 3295 constituerentur,
1712 3223 1776 3282 et
1836 3216 1983 3282 inde
2040 3238 2409 3304 progressus
2456 3225 2686 3306 arguat

307 3323 578 3404 reqionec
639 3324 850 3387 ducere
912 3327 980 3387 in
1027 3322 1268 3409 templo
1318 3326 1605 3388 terrestri
1651 3323 1847 3388 fuisse
1894 3323 2068 3388 idem
2116 3324 2284 3408 quod
2328 3326 2397 3388 18
2442 3323 2684 3409 templo

309 3429 478 3493 aerio
497 3476 514 3506 ,
580 3431 730 3512 quia
772 3437 1122 3514 utrumque
1171 3429 1394 3495 eodem
1440 3432 1870 3495 instrumento
1916 3428 2093 3494 fieret
2110 3479 2125 3506 ,
2176 3436 2241 3495 et
2284 3432 2379 3495 ita
2424 3435 2688 3496 conetur

311 3540 592 3600 evertere
657 3555 816 3619 quae
880 3541 1063 3600 antea
1109 3534 1299 3600 attuli
1347 3536 1424 3601 ad
1474 3535 1949 3600 distinctionem
1997 3535 2369 3601 faciendam.
2440 3535 2688 3602 Revera

309 3641 570 3705 fuerunt
632 3644 744 3726 qui
803 3662 840 3706 a
887 3639 1005 3706 tali
1049 3648 1432 3728 argumento
1478 3664 1606 3707 non
1653 3643 2091 3720 abhorrerent;
2140 3641 2343 3707 lituus
2392 3641 2687 3708 steHatus

309 3766 792 3832 nonnumquam
831 3750 1142 3812 excitatus
1182 3755 1278 3812 est
1318 3769 1442 3834 quo
1482 3747 2044 3826 demonstraretur,
2090 3747 2331 3834 templa
2367 3751 2690 3815 terrestria

310 3872 448 3918 esse
507 3852 672 3918 lituo
733 3855 1100 3918 constituta.
1157 3851 1280 3918 Sed
1330 3856 1441 3939 qui
1489 3857 1681 3919 etiam
1734 3853 2125 3919 dubitaverit
2141 3902 2159 3931 ‚
2208 3874 2289 3918 an
2334 3853 2519 3920 stella
2562 3859 2690 3920 exi-

308 3978 476 4046 gua,
526 3979 686 4044 quae
735 3958 903 4045 quod
949 3980 1144 4024 manu
1183 3965 1505 4026 teneretur
1544 3959 1799 4026 mobilis
1836 3966 2003 4026 esset
2042 3965 2108 4025 et
2144 3963 2320 4025 omni
2342 3960 2687 4028 stabilitate

310 4070 550 4129 careret
566 4113 582 4142 ,
631 4068 912 4151 potuerit
958 4065 1239 4130 adhiberi
1285 4069 1354 4130 in
1400 4066 1536 4132 loco
1577 4087 1765 4132 verae
1802 4087 2065 4154 gromae
2082 4116 2099 4146 ,
2137 4074 2214 4132 ut
2252 4068 2688 4153 conspiciendo

380 4283 435 4346 1)
480 4281 641 4332 Etiam
687 4281 728 4331 81
773 4281 886 4332 urbs
931 4281 1056 4330 forte
1091 4284 1195 4330 erat
1229 4280 1558 4346 quadrangula
1591 4283 1670 4346 (ut
1706 4283 1859 4331 Roma
1894 4282 2168 4347 quadrata),
2206 4282 2335 4332 10888
2368 4283 2496 4332 muri
2529 4285 2689 4334 tamen

312 4364 513 4416 babebat
545 4381 679 4415 suam
713 4365 917 4414 formam
953 4363 1092 4430 longe
1126 4364 1388 4424 diversam,
1425 4379 1576 4428 neque
1592 4402 1605 4422 ,
1641 4380 1927 4428 quamquam
1962 4364 2020 4413 ad
2048 4379 2157 4414 81118
2186 4364 2567 4415 constituendum
2584 4369 2689 4416 tum

312 4445 528 4498 adhiberi
558 4449 785 4513 poterant
821 4449 1115 4496 0888188888
1147 4449 1195 4495 et
1229 4445 1408 4504 Cardo,
1446 4446 1540 4495 dici
1574 4449 1764 4510 poterat
1798 4461 1853 4495 ex
1888 4446 2075 4496 ratione
2112 4447 2369 4496 Decumani
2398 4451 2447 4496 ct
2474 4448 2693 4498 cardinis

314 4547 413 4580 8888
443 4531 783 4582 conformatus.
819 4555 884 4566 —
920 4530 978 4596 2)
1015 4529 1121 4578 Vid.
1161 4529 1387 4592 inprimis
1420 4529 1679 4594 descriptio
1712 4545 1789 4594 ap.
1824 4529 2019 4578 Cantor.
2052 4529 2121 4580 Ll.
2156 4545 2262 4596 pag.
2300 4528 2396 4582 197
2431 4531 2537 4580 adn.
2577 4532 2690 4584 141.
