3192 5009
1050 351 1441 409 ΗΡΩῙΔΟΤ
1489 353 1973 411 MIMIAMBOI
2606 345 2693 413 53

1477 690 1545 761 Π

1197 951 1821 1015 HOPNOBOCKOC

1343 1198 1675 1245 nArrAPoc

499 1349 582 1418 II
663 1351 916 1436 ’Ἄνδρες
965 1353 1262 1420 δικασταί
1280 1403 1297 1434 ,
1345 1360 1456 1429 τῆς
1503 1361 1689 1435 revise,-
1736 1356 1852 1435 μὲν
1897 1357 2008 1421 οὐκ
2054 1356 2196 1422 ἐστέ
2312 1440 2317 1447 ¹

677 1457 875 1538 ἡμέων
923 1461 1127 1541 κριταὶ
1179 1460 1456 1539 ὃῆκουθεν
1499 1460 1634 1528 οὐδὲ
1682 1469 1793 1538 τῆς
1845 1461 2018 1540 δόξης
2042 1511 2058 1542 ,

674 1566 796 1631 οὐδ’
844 1566 895 1631 εὶ
946 1574 1162 1644 Θαλῆς
1210 1567 1325 1646 μὲν
1371 1564 1539 1642 οὗτος
1589 1569 1767 1648 ἀξίην
1812 1571 1923 1645 τὴν
1971 1572 2112 1646 νηῦν

379 1750 476 1800 ac.
527 1754 576 1801 a
609 1768 646 1799 v
665 1788 676 1799 .
697 1788 707 1799 .
726 1712 810 1802 ,ἕν
843 1750 900 1810 P,
934 1748 1076 1816 rw]
1111 1752 1190 1797 vo„
1226 1750 1284 1800 R„
1321 1749 1445 1801 Dedi
1473 1748 1565 1807 τὴν
1593 1752 1719 1808 mov,
1747 1750 2013 1815 quaram
2031 1766 2119 1817 pro
2139 1751 2393 1808 „anatim
2408 1752 2691 1819 Apononiu·

401 1997 534 2063 AB.
599 1996 912 2077 Βάτταρος
979 1995 1071 2078 (5,
1113 1995 1221 2075 49,
1269 1994 1374 2075 75,
1415 1994 1531 2078 82)
1595 2018 1839 2063 novum
1888 2018 2138 2064 nomen.
2190 1996 2287 2065 Of.
2337 1998 2684 2072 Βάτταλος.

313 2115 358 2170 1
409 2104 640 2171 Forma
678 2105 828 2183 γονή
847 2153 864 2182 ,
907 2125 1100 2191 quam
1140 2124 1174 2169 e
1199 2100 1594 2169 Callimacho
1620 2102 1798 2169 affert
1821 2104 2045 2191 Etym.
2071 2103 2189 2184 M„
2217 2110 2578 2172 constanter
2596 2106 2684 2173 Η.

307 2231 464 2276 usus
510 2217 640 2289 est,
692 2216 766 2274 ut
811 2210 976 2275 infra
1025 2231 1116 2275 ve.
1171 2207 1277 2274 32.
1331 2207 1418 2273 IV
1465 2207 1572 2274 84.
1621 2207 1704 2274 al.
1757 2208 1783 2290 ΙΙ
1836 2220 1884 2274 2
1934 2210 2035 2276 Ad
2073 2209 2350 2286 δήκουθεν
2388 2214 2465 2278 cf.
2507 2214 2686 2287 δήκου

307 2315 364 2380 V
411 2316 518 2382 24.
609 2314 635 2397 ΙΙ
725 2328 774 2381 8
835 2315 1033 2409 semel
1086 2315 1407 2382 intellecto
1453 2314 1757 2381 ultimam
1806 2338 2030 2383 vocem
2073 2338 2201 2383 non
2247 2322 2348 2381 νῦν
2396 2339 2531 2386 esse
2577 2320 2685 2386 sed

307 2426 450 2497 νηῦν
508 2422 688 2489 locus
748 2444 873 2489 non
934 2428 1082 2510 eget
1141 2424 1505 2507 interprete.
1571 2421 1843 2488 Tantam
1906 2444 2227 2490 summam
2273 2428 2487 2511 ponit,
2536 2428 2688 2512 quia

306 2531 488 2595 navis
547 2528 866 2595 frum0nto
930 2535 1158 2595 onusta
1217 2529 1412 2593 fuisse
1457 2528 1732 2594 videtur.
1799 2527 1893 2596 Of.
1941 2551 2036 2596 vs.
2093 2530 2175 2596 18
2222 2535 2288 2596 et
2334 2530 2442 2610 80,
2490 2534 2547 2596 si
2590 2532 2683 2597 ibi

302 2640 471 2701 recte
519 2636 714 2714 πόρων
761 2640 1117 2701 correctum
1164 2640 1278 2700 est.
1327 2633 1382 2698 Ε
1429 2634 1640 2699 verbis
1687 2655 1820 2719 sqq.
1874 2634 2103 2701 efficias
2146 2635 2442 2702 lenonem
2487 2636 2685 2703 simul

303 2762 655 2827 cauponem
713 2742 926 2806 fuisse.
994 2738 1090 2808 Cf.
1153 2761 1249 2807 vs.
1305 2738 1407 2805 18.
1472 2740 1815 2827 Propterea
1876 2741 2137 2808 sortasse
2184 2748 2378 2820 πυρῶν
2426 2744 2684 2823 ἐραστήν

303 2868 370 2913 se
417 2846 750 2933 profitetur
791 2847 957 2912 infra
1002 2868 1099 2911 vs.
1149 2844 1257 2913 80.
1318 2845 1756 2911 Nihilominus
1800 2853 2061 2933 propter
2107 2850 2453 2933 permiram
2498 2848 2681 2914 illam

299 2956 470 3018 inter
514 2952 753 3019 talenta
798 2958 863 3018 et
911 2974 1104 3039 panes
1122 3001 1140 3030 ,
1190 2954 1567 3038 praesertim
1615 2952 1829 3017 addito
1876 2955 2249 3038 pronomine
2292 2958 2643 3039 possessivo
2661 3004 2679 3033 ,

301 3063 762 3145 oppositionem
808 3058 1098 3124 nonnihil
1144 3058 1364 3124 dubito
1411 3080 1570 3123 num
1616 3058 1893 3146 Kenyon
1910 3108 1925 3135 ‚
1977 3062 2088 3144 qui
2136 3062 2205 3124 in
2249 3060 2365 3125 hac
2411 3064 2682 3126 vexatis-

299 3168 466 3230 sima
525 3172 705 3251 parte
760 3186 888 3230 non
931 3185 1150 3229 omnes
1194 3162 1442 3229 litteras
1490 3167 1865 3249 superstites
1914 3170 2080 3231 recte
2128 3168 2465 3253 agnovisse
2510 3167 2682 3233 vide-

298 3277 426 3349 tur,
473 3277 548 3336 ut
597 3277 694 3336 est
740 3292 854 3337 cur
899 3273 1228 3336 existimes
1267 3291 1418 3335 eum
1457 3269 1822 3336 litterarum
1863 3270 2295 3337 deficientium
2334 3295 2678 3339 numerum

297 3398 423 3441 non
485 3377 722 3462 ubique
781 3376 940 3443 bene
1008 3382 1297 3454 notasse,
1362 3376 1621 3451 dubito,
1680 3377 1980 3461 inquam,
2030 3399 2188 3442 num
2238 3388 2470 3457 αρΤους
2520 3379 2677 3445 bene

293 3482 547 3569 legerit.
622 3482 746 3548 Fac
807 3505 931 3548 non
993 3486 1084 3547 sic
1130 3482 1240 3548 sed
1283 3492 1509 3562 αρΓους
1559 3484 1872 3567 seriptum
1919 3490 2132 3549 extare
2151 3534 2167 3563 ‚
2216 3506 2339 3549 non
2384 3488 2520 3552 sine
2567 3485 2678 3552 ali-

298 3611 424 3676 qua
467 3588 916 3675 probabilitate
964 3590 1297 3654 conieceris
1345 3610 1566 3654 veram
1611 3588 1951 3654 lectionem
1998 3609 2165 3655 esse:

663 3696 786 3760 οὐδ’
831 3697 883 3761 εἱ
933 3703 1149 3770 Θαλῆς
1196 3696 1310 3769 μὲν
1358 3692 1526 3766 οὗτος
1576 3694 1751 3773 ἀξίην
1798 3696 1904 3767 τὴν
1953 3700 2093 3768 νηῦν

663 3799 798 3883 ἔχει
845 3802 1173 3867 ταλάντων
1223 3800 1393 3865 πέντ’
1442 3802 1560 3876 ἐγὼ
1613 3802 1676 3866 δὲ
1723 3802 1915 3877 μνέας
1964 3802 2227 3880 ἀργούς,

663 3908 808 3972 ἀλλ’
853 3910 905 3972 εἰ
954 3907 1241 3991 παρέξει,
1293 3908 1609 3985 Βάτταρόν
1659 3930 1718 3972 τι
1769 3911 2096 3987 πημήναις,

662 4016 746 4079 τὰ
796 4013 1002 4080 δίκαια
1056 4062 1252 4079 .....

297 4120 400 4187 Ita
439 4122 528 4187 sie
565 4121 694 4186 fere
731 4119 1018 4207 loquitur
1057 4119 1356 4185 Battarus
1403 4119 1576 4199 „Neo
1617 4120 1693 4185 de
1736 4124 2069 4206 utriusque
2092 4125 2383 4185 nostrum
2408 4142 2637 4207 genere
2655 4171 2672 4201 ,

295 4226 541 4294 iudices
565 4276 582 4305 ,
631 4248 746 4293 nee
793 4227 868 4293 de
915 4227 1226 4314 dignitate
1273 4248 1386 4292 nec
1433 4226 1508 4291 de
1549 4226 1820 4291 fortunis
1859 4228 2171 4291 sententia
2205 4226 2387 4291 vobis
2421 4226 2676 4292 ferenda

299 4340 398 4399 est
416 4381 432 4410 ‚
481 4332 590 4399 sed
635 4354 714 4397 an
760 4331 988 4397 Thales
1007 4381 1024 4410 ,
1073 4353 1187 4419 pro
1235 4336 1421 4419 gravi
1468 4332 1702 4397 damno
1723 4380 1738 4409 ,
1781 4332 1949 4416 quod
1988 4331 2247 4397 Battaro
2269 4332 2453 4410 feeit,
2481 4353 2674 4418 quam

294 4440 402 4506 hio
459 4438 740 4504 multam
801 4441 1007 4524 poscit
1067 4438 1324 4506 reddere
1387 4437 1680 4503 debeat'’.
1745 4436 2028 4503 Thaletis
2076 4458 2305 4503 navem
2356 4459 2504 4503 cum
2548 4439 2676 4505 fru-
