3192 5009
1305 280 1613 329 tremus.
2556 261 2640 331 3¹7

285 452 410 535 ipso
464 448 674 513 iudice
735 452 922 535 poeta
980 448 1221 513 famam
1265 450 1576 533 sequitur,
1624 468 1751 513 non
1797 450 1953 512 satis
2000 449 2224 532 opinor
2268 445 2524 513 claram.
2572 446 2643 514 Si

287 556 513 632 „fatam
572 554 993 643 morganam'’
1058 554 1244 620 fando
1305 554 1593 619 auditam
1656 556 1973 640 originem
2032 554 2391 619 traditionis
2436 574 2641 641 vagae

282 684 382 728 nec
441 664 598 727 satis
643 660 976 733 distinctae
1024 660 1236 727 credas
1255 709 1270 739 ,
1322 662 1665 725 enormitas
1709 659 1823 725 fila
1844 708 1859 736 ,
1909 681 2071 746 quae
2118 665 2214 725 est
2258 663 2326 724 in
2373 660 2642 726 vocabu-

281 767 383 833 lis:
445 788 691 856 „reg-na
735 768 910 834 videt
959 788 1200 853 pauper
1247 766 1308 832 N
1309 787 1522 831 asamo
1569 770 1845 832 errantia
1890 765 2127 833 vento''
2177 766 2641 851 quodammodo

283 880 640 951 excusatum
703 894 853 939 nam
911 873 1075 939 lucis
1135 876 1606 959 repercussione
1670 872 1785 938 illa
1828 879 1981 937 nota
2014 878 2235 952 ‚turres
2252 921 2268 950 ‚
2317 872 2601 938 aedificia
2619 921 2636 951 ‚

279 978 389 1044 alia
430 982 501 1043 in
551 980 806 1045 aethere
854 985 1178 1065 apparent.

353 1086 474 1151 Pro
541 1093 760 1169 raptae
818 1085 1126 1151 Weberus
1187 1092 1404 1167 ruptae
1460 1087 1775 1161 coniecit,
1842 1086 1978 1150 sine
2038 1104 2262 1162 causa3
2314 1104 2465 1149 nam
2515 1105 2641 1150 non

277 1191 603 1257 offenditur
679 1194 1052 1278 repetitione
1130 1192 1416 1257 eiusdem
1479 1189 1775 1256 vocabuli
1836 1193 1905 1255 in
1968 1193 2287 1255 continuis
2348 1191 2639 1256 versibus

277 1296 576 1361 Lucanus.
640 1294 736 1363 Of.
803 1295 1088 1363 Oudend.
1154 1296 1234 1361 ad
1297 1295 1372 1360 V.
1427 1293 1554 1361 170
1618 1296 1911 1359 Nocentes
1972 1294 2070 1359 bis
2118 1294 2200 1359 H.
2257 1294 2404 1373 143,
2450 1298 2639 1382 ferro

275 1400 372 1466 III.
420 1400 580 1479 434,
628 1409 853 1485 tempus
896 1401 1002 1468 IV.
1056 1399 1209 1468 477.
1265 1401 1413 1466 AJia
1465 1402 1613 1466 vide
1657 1404 1725 1465 in
1770 1400 1977 1466 indice
2025 1397 2639 1468 Cortio-Weberiano

275 1530 327 1573 v.
369 1510 690 1596 repetitio.
739 1508 1106 1573 Admodum
1154 1506 1435 1573 notabile
1484 1506 1854 1593 exemplum
1902 1506 2079 1573 affert
2124 1506 2393 1573 Kindler
2436 1529 2499 1592 p.
2554 1506 2635 1573 18

277 1636 342 1679 ex
381 1614 544 1680 libro
593 1613 709 1691 IX,
768 1615 882 1680 ubi
929 1614 1222 1700 deinceps
1270 1613 1541 1700 sing-ulis
1589 1614 1691 1678 his
1737 1614 2027 1679 versibus
2075 1612 2182 1692 32,
2227 1612 2332 1692 35,
2377 1610 2485 1692 37,
2527 1612 2634 1693 40,

277 1720 366 1797 45,
391 1720 476 1786 48
523 1722 684 1787 haec
727 1721 920 1786 verba
963 1720 1303 1808 leguntur:
1355 1722 1584 1785 carinis
1605 1768 1621 1797 ,
1680 1722 1921 1785 carinas
1939 1768 1956 1797 ,
2015 1722 2255 1787 carinas
2273 1768 2290 1798 ,
2346 1723 2599 1806 rapinas
2618 1770 2634 1801 ,

277 1830 502 1892 carinae
522 1876 540 1905 ‚
589 1829 821 1891 carina.

345 2044 454 2109 IX.
504 2043 641 2111 495
711 2066 866 2123 „nec
929 2045 1136 2111 sidera
1195 2050 1332 2111 tota
1373 2047 1383 2133 Ι
1426 2045 1702 2111 ostendit
1765 2044 2039 2130 Libycae
2100 2044 2315 2111 finitor
2360 2046 2634 2112 circulus

275 2151 461 2217 orae.'’
517 2150 783 2230 „Sidera
828 2158 978 2217 nota
994 2152 1056 2229 ,''
1105 2151 1447 2217 lectionem
1493 2151 1719 2217 Weisii
1764 2154 2072 2236 expressit
2108 2151 2410 2229 Haskins‚
2450 2155 2634 2217 cuius

275 2257 594 2344 explicatio
665 2259 820 2324 haec
891 2263 1022 2323 est:
1097 2279 1256 2336 „nor
1318 2258 1464 2324 does
1523 2260 1634 2324 the
1694 2258 1953 2324 horizon
2014 2258 2154 2323 that
2214 2258 2458 2323 bounds
2522 2259 2632 2325 the

275 2363 453 2429 realm
502 2364 578 2429 of
617 2364 826 2451 Libya
873 2362 1062 2430 suffer
1106 2363 1213 2429 the
1259 2370 1421 2429 stars
1468 2364 1626 2451 they
1644 2362 1724 2447 [2]
1768 2364 1958 2429 know
2006 2366 2075 2446 (i.
2104 2386 2156 2429 e.
2200 2365 2383 2429 those
2421 2364 2493 2430 of
2524 2366 2631 2430 the

275 2470 561 2535 northern
625 2470 1054 2555 hemisphere)
1117 2476 1185 2535 to
1248 2472 1324 2535 be
1387 2469 1600 2535 seen.”
1649 2470 1768 2535 Th.
1818 2470 2201 2535 Famabius:
2251 2470 2405 2547 „alii
2445 2478 2629 2549 nota,

275 2573 330 2638 id
371 2582 462 2639 est
509 2564 855 2654 australia}
906 2576 1086 2641 nobis
1133 2579 1630 2661 septentrionem
1676 2598 1897 2642 versus
1943 2579 2167 2661 positis
2211 2578 2437 2663 ignota
2453 2626 2470 2654 ,
2512 2598 2637 2641 non

275 2681 457 2759 visa'’‚
505 2685 822 2768 iungens:
872 2688 938 2747 et
985 2681 1189 2747 sidera
1231 2704 1358 2747 non
1395 2690 1581 2762 nota;
1623 2682 1859 2748 melius
1895 2689 2031 2748 erat
2054 2686 2463 2769 negationem
2485 2705 2629 2748 cum

276 2788 510 2851 ostendit
554 2792 860 2875 iungere:
909 2787 1375 2866 adiumentum,
1423 2810 1546 2875 quo
1588 2810 1701 2854 nos
1741 2792 1809 2852 in
1848 2787 2197 2854 definiendo
2241 2791 2470 2855 itinere
2510 2792 2633 2853 uti-

271 2912 414 2971 mur,
473 2894 610 2959 illis
679 2894 854 2959 deest
901 2894 1280 2975 (secundum
1326 2893 1713 2960 Farnabium
1764 2900 1962 2959 esset:
2011 2893 2246 2959 habent
2290 2915 2485 2959 suum
2530 2894 2635 2959 ad·

271 2998 617 3065 iumentum
676 2999 855 3064 nobis
925 3005 1281 3088 negatum).
1346 3000 1670 3087 Quidquid
1732 3006 1862 3077 est,
1926 3007 2064 3065 tam
2112 3007 2395 3066 constare
2444 3000 2630 3066 debet

269 3124 334 3169 ex
375 3128 590 3172 rerum
636 3112 865 3171 natura
902 3128 1129 3173 verum
1176 3128 1312 3172 esse
1359 3115 1502 3171 nota
1540 3128 1736 3193 quam
1776 3106 2011 3172 falsum
2045 3106 2164 3171 hoc
2201 3105 2357 3171 loco.
2408 3104 2629 3172 Osten—

269 3210 404 3275 dnnt
464 3216 832 3298 sequentia:
906 3212 1280 3299 „multaque
1340 3213 1578 3279 devexo
1644 3220 1959 3278 terrarum
2021 3215 2311 3299 marg-ine
2381 3212 2543 3279 celat
2561 3212 2622 3290 ,'’

269 3318 303 3379 i.
325 3338 371 3382 e.
429 3339 738 3406 magnam
801 3324 1053 3404 partem
1114 3320 1371 3384 horizon
1435 3319 1795 3397 abscondit3
1862 3319 2174 3405 quaedam
2220 3324 2370 3383 sunt
2420 3319 2625 3385 sidera

271 3424 451 3494 (nobis
489 3430 670 3503 nota)
710 3446 870 3511 quae
910 3424 1010 3489 illi
1047 3447 1399 3513 numquam
1447 3429 1766 3511 aspiciunt
1813 3434 1965 3491 tota.
2017 3424 2140 3490 Vix
2188 3446 2347 3511 opus
2394 3432 2490 3490 est
2536 3426 2626 3491 di—

273 3548 387 3594 cere
429 3532 642 3597 ubivis
690 3532 806 3597 hoc
853 3532 1023 3609 fieri,
1073 3538 1148 3596 ut
1190 3531 1452 3598 horizon
1494 3532 1807 3617 quaedam
1854 3531 2033 3598 celet.
2082 3529 2251 3599 Cum
2294 3530 2483 3597 solita
2522 3553 2624 3597 ex-

271 3642 656 3723 aggeratione
719 3639 838 3703 hoc
901 3638 1089 3703 dicit:
1158 3660 1236 3703 ne
1301 3639 1506 3704 sidera
1570 3638 1829 3724 quidem
1850 3688 1865 3717 ‚
1917 3640 2148 3725 quibus
2194 3659 2351 3724 opus
2398 3644 2495 3703 est
2542 3637 2622 3702 ad

273 3744 586 3809 notandam
653 3746 827 3809 viam
846 3794 862 3823 ‚
936 3765 1165 3810 novere
1233 3750 1391 3810 tota.
1465 3745 1631 3808 Nota
1694 3766 1771 3809 ex
1832 3743 2203 3810 melioribus
2250 3744 2338 3826 (U
2362 3743 2416 3807 V
2440 3744 2515 3809 M
2536 3746 2620 3825 A)

44 3884 47 3999 ι
271 3846 495 3927 nullus,
569 3850 680 3915 sed
749 3852 818 3915 in
879 3852 954 3915 A.
1020 3857 1115 3915 est
1174 3872 1261 3915 m.
1315 3850 1356 3915 2
1405 3872 1455 3915 ε.
1503 3872 1554 3915 ε.
1604 3874 1699 3915 no.
1765 3849 1938 3915 Olim
1983 3854 2325 3917 inventum
2371 3858 2505 3917 erat
2548 3855 2619 3916 in

273 3949 656 4022 deterioribus
703 3958 1084 4043 quibusdam
1133 3978 1361 4043 parum
1406 3960 1572 4021 notis
1622 3962 1687 4022 et
1728 3956 1974 4022 duabus
2015 3960 2293 4043 antiquis
2333 3956 2619 4023 editioni-

273 4055 372 4122 bus
411 4063 560 4142 (vid.
614 4060 918 4144 Cottius),
967 4064 1076 4129 sed
1121 4066 1315 4129 nimis
1365 4062 1572 4129 simile
1623 4066 1989 4129 correctioni
2040 4064 2277 4129 doctae.

45 4317 47 4385 ἰ
351 4272 452 4340 IX.
501 4278 652 4357 624,
681 4300 815 4364 sqq.
876 4278 1160 4365 lapidosa
1217 4285 1446 4346 natura
1507 4282 1706 4366 partis
1769 4280 2017 4345 Africae
2077 4282 2441 4365 imputatur
2482 4277 2617 4345 Me-

279 4374 470 4462 dusae,
529 4406 692 4472 quae
739 4384 926 4451 vultu
975 4408 1088 4452 suo
1134 4390 1349 4453 omnia
1393 4389 1461 4452 in
1510 4407 1662 4453 saxa
1707 4390 2090 4453 converterit
2107 4406 2124 4466 ;
2176 4406 2397 4473 aspera
2440 4393 2614 4451 erant
