3192 5009
1140 362 1224 409 mr.
1269 362 1419 408 mar.
1468 360 1750 409 Romo.
2525 338 2651 407 179

548 531 895 607 aquator)
984 524 1123 611 qui
1191 526 1575 591 incertum
1632 525 2126 608 promiserit
2195 526 2656 611 [formulam

543 631 663 695 ita
710 630 1174 714 concipite).
2362 627 2372 637 ’

362 735 539 803 Haeo
597 744 933 823 >praecepta
952 785 969 815 ,
1032 740 1101 801 ni
1164 736 1368 815 fallor,
1420 740 1636 803 omnia
1677 740 1748 803 in
1793 758 1999 802 unum
2046 740 2380 803 coniuncta
2421 737 2490 802 id
2513 737 2659 824 ‚effi-

270 845 485 920 ciunt‚
536 842 705 928 quod
750 843 904 909 alibi
953 842 1134 908 audit
1177 843 1274 907 ius
1319 843 1573 907 solemne
1618 842 1688 923 (1.
1738 841 1824 909 27
1873 842 1952 909 D.
2006 841 2291 923 50.17):
2375 898 2380 903 .

636 950 765 1013 Nee
811 972 883 1013 ea·
932 950 1250 1013 Praetorio
1298 952 1437 1032 [nee
1477 953 1583 1033 ex]
1631 949 1879 1014 solemni
1915 950 2048 1013 iare
2065 999 2080 1027 ,
2111 950 2494 1033 privator-mn
2530 972 2661 1014 eom

544 1056 815 1119 ventione
878 1055 1199 1141 quidquam
1256 1055 1683 1129 immutandum
1743 1062 1829 1120 est
1845 1104 1863 1135 ,
1925 1056 2191 1141 quamvis
2237 1056 2660 1137 obbiyationm

546 1184 758 1225 caueae
792 1162 1077 1244 pactione
1111 1162 1353 1245 possint
1398 1161 1703 1227 mmmm-i
1719 1210 1736 1240 ,
1786 1170 1844 1226 et
1890 1162 2021 1245 ipso
2063 1163 2204 1255 iare
2249 1170 2307 1227 et
2340 1185 2459 1246 per
2484 1163 2661 1246 pacti

546 1266 817 1331 conventi
890 1268 1282 1350 exceptionem
1296 1294 1315 1331 :
1384 1270 1528 1353 qaia
1590 1268 1890 1333 actionum
1951 1270 2154 1333 modus
2215 1270 2314 1333 vel
2358 1270 2487 1350 leffe
2503 1316 2520 1347 ,
2572 1268 2665 1333 vel

536 1395 657 1455 per
720 1373 1065 1437 Praetorem
1111 1374 1483 1438 introductus
1501 1425 1517 1453 ,
1558 1374 1943 1458 privatorum
1978 1374 2364 1457 pactionibus
2408 1397 2528 1438 non
2571 1374 2663 1438 in-

531 1480 826 1559 firmatur
863 1480 1015 1562 [nisi
1058 1486 1210 1545 tuno
1248 1501 1409 1545 eum·
1435 1481 1774 1545 inchoatur
1811 1482 1975 1545 actio
2001 1483 2169 1546 inter
2191 1502 2294 1547 eos
2317 1484 2661 1564 convenit}

369 1581 708 1650 Occasione
753 1592 1084 1671 pactorum
1133 1585 1447 1652 dotalium
1467 1635 1483 1664 ‚
1533 1589 1756 1673 opinor
1785 1584 1855 1667 ¹),
1901 1587 2296 1673 Pomponius
2331 1594 2550 1674 egerat
2588 1586 2664 1653 de

274 1692 359 1755 iis
428 1693 629 1776 pactis
700 1712 859 1777 quae
919 1692 1062 1757 ideo
1126 1692 1431 1757 servanda
1494 1714 1622 1757 non
1683 1699 1868 1770 sunt,
1936 1696 2084 1778 quia
2129 1696 2520 1780 impugnant
2563 1696 2664 1765 ins

274 1795 485 1869 civile.
550 1795 793 1863 Deinde
853 1798 1071 1863 adiicit
1117 1820 1321 1884 neque
1368 1819 1442 1864 ea
1487 1804 1673 1884 pacta
1717 1792 2022 1864 servanda
2066 1820 2201 1865 esee
2221 1848 2238 1876 ,
2284 1802 2515 1885 quibus
2563 1798 2666 1863 ad-

276 1908 569 1968 versatur
636 1903 734 1967 im
799 1904 1053 1969 selme
1112 1905 1491 1969 Praetorium
1515 1903 1588 1985 ⁹),
1656 1905 1826 1991 quod
1885 1905 1964 1970 ad
2026 1908 2352 1971 actionum
2399 1905 2663 1970 modum

278 2011 575 2094 pertinet.
644 2009 893 2096 Quippe
956 2012 1253 2075 actionum
1296 2013 1501 2075 modam
1548 2060 1562 2076 .
1594 2060 1608 2075 .
1641 2060 1655 2075 .
1685 2060 1699 2077 .
1737 2034 1858 2093 per
1905 2012 2247 2076 Praetorem
2289 2012 2666 2077 introductus

278 2115 453 2181 haud
497 2118 711 2203 magis
752 2122 848 2180 est
886 2117 1351 2187 subvertendus
1391 2123 1581 2203 atque
1619 2118 1826 2181 modas
1863 2118 1990 2197 leqe
2026 2116 2418 2195 introductus,
2462 2137 2664 2203 neque

275 2220 595 2287 formulae
640 2223 1000 2308 propositae
1043 2223 1195 2289 lieet
1240 2223 1469 2289 addere
1514 2222 1622 2289 vel
1661 2222 1989 2289 detrahere
2029 2222 2342 2309 quidquid
2379 2226 2498 2299 sit,
2539 2225 2666 2286 nisi

274 2327 543 2392 Praetor
578 2327 788 2392 aditus
828 2331 1181 2413 permittat.
1229 2329 1398 2394 Nam
1414 2377 1431 2405 ,
1473 2328 1640 2413 quod
1681 2330 1751 2392 in
1786 2326 2073 2414 Digestis
2109 2327 2278 2412 apud
2315 2326 2665 2413 Ulpianum

276 2434 357 2499 de
419 2437 752 2521 praetoriis
813 2434 1334 2520 stipulationibus
1399 2440 1688 2520 superest
1735 2434 1804 2515 (1.
1857 2434 1943 2500 52
1991 2456 2086 2520 pr.
2135 2434 2212 2499 D.
2264 2432 2372 2499 45.
2405 2434 2475 2511 13
2525 2433 2572 2498 1.
2627 2433 2658 2498 1

277 2539 433 2626 §10
479 2538 556 2604 D.
608 2539 715 2603 46.
746 2538 813 2619 5)
874 2562 1104 2606 verum
1166 2542 1364 2606 fuisse
1428 2545 1678 2626 oportet
1720 2542 1787 2606 in
1834 2538 2132 2605 formulis
2178 2558 2464 2625 quoque,
2516 2541 2666 2625 quia

274 2646 452 2713 haud
494 2667 675 2711 secus
724 2646 961 2712 iudicio
1011 2647 1303 2713 dictando
1353 2668 1545 2732 quam
1594 2645 1954 2731 stipulando
2001 2646 2438 2711 adversarium
2484 2646 2665 2710 nobis

275 2750 641 2837 obligamus
691 2750 859 2831 (Gai.
913 2751 1007 2816 III
1052 2751 1293 2837 5180).
1358 2752 1581 2838 Itaque
1629 2772 1886 2837 prorsus
1936 2753 2095 2818 facio
2145 2772 2294 2816 cum
2343 2750 2666 2817 Fridolino

273 2856 489 2923 Eisele
516 2855 567 2937 ³)
606 2863 893 2923 extrema
930 2860 1123 2923 verba
1159 2858 1352 2923 huius
1390 2859 1738 2944 fragmenti
1775 2880 1812 2923 a
1849 2857 2202 2942 Pomponio
2240 2856 2662 2923 abiudioante.

270 2964 396 3029 Est
438 2966 612 3029 enim
655 2966 1029 3037 insanientis
1078 2964 1347 3029 scribere
1393 2963 1702 3029 formulas
1748 2966 2104 3049 propositas
2143 2984 2266 3027 non
2305 2984 2489 3048 posse
2527 2984 2668 3029 eon-

272 3074 572 3137 ventione
616 3073 901 3155 partium
945 3073 1318 3148 immutari,
1376 3074 1501 3136 nisi
1547 3079 1702 3136 tune
1749 3072 2082 3135 conveniat
2100 3116 2116 3147 ,
2169 3090 2371 3154 quum
2418 3070 2665 3136 inchoe—

272 3186 387 3243 tur
447 3179 631 3243 aoti0.
695 3176 867 3241 'Palis
929 3179 1104 3241 enim
1164 3180 1499 3241 conventio
1560 3175 1720 3241 alias
1781 3194 1860 3240 ne
1923 3175 2061 3241 fieri
2110 3175 2370 3260 quidem
2419 3181 2660 3261 potest3

271 3288 493 3369 itaque
540 3304 790 3368 semper
837 3281 1097 3348 valeret.

372 3389 471 3454 Ad
540 3389 917 3453 Praetorium
985 3389 1238 3453 solemne
1308 3387 1405 3451 ius
1467 3410 1594 3453 non
1659 3394 1915 3452 tantum
1976 3389 2290 3473 pertinet,
2355 3393 2432 3451 ut
2477 3390 2544 3451 in
2593 3408 2666 3452 ea

277 3496 476 3562 verba
534 3494 811 3560 formula
872 3494 1114 3571 edatur,
1180 3495 1409 3580 quibus
1465 3498 1603 3581 ipse
1668 3494 1933 3559 Praetor
1977 3496 2046 3558 in
2093 3493 2300 3559 edicto
2348 3515 2462 3559 suo
2509 3515 2666 3558 usus

276 3605 401 3679 sit,
470 3622 696 3665 verum
758 3600 922 3665 illud
985 3622 1235 3686 quoque
1295 3606 1371 3664 ut
1432 3620 1505 3667 ea
1564 3599 1841 3665 formula
1885 3600 2127 3677 edatur,
2177 3620 2372 3685 quam
2417 3602 2485 3663 in
2531 3620 2668 3685 pro-

276 3710 488 3794 posito
560 3706 866 3771 edendam
938 3707 1205 3773 Praetor
1268 3709 1545 3771 iusserit.
1609 3706 1864 3791 Itaque,
1929 3713 2005 3770 ut
2065 3708 2157 3771 ait
2223 3704 2564 3791 Ulpianus,
2611 3706 2669 3768 si

276 3813 416 3900 quie
476 3820 697 3875 eertum
754 3813 1083 3895 stipulatus
1122 3813 1337 3899 fuerit
1356 3861 1371 3889 ,
1434 3836 1504 3875 ex
1550 3813 1849 3895 stipulatu
1897 3811 2166 3892 (incerti)
2215 3812 2503 3875 actionem
2550 3834 2669 3875 non

354 4073 401 4133 1)
435 4072 507 4121 Cf.
544 4069 745 4119 Ottonis
780 4070 921 4118 Lenel
958 4068 1138 4117 observ,
1176 4068 1237 4117 ed
1274 4067 1460 4131 Peling.
1498 4066 1525 4115 I
1560 4083 1608 4131 p.
1649 4067 1790 4116 128¹.

350 4153 403 4212 2)
446 4151 604 4201 Verba
646 4166 731 4201 nee
774 4166 835 4201 es
879 4164 1127 4214 perperam
1174 4148 1380 4213 repetita
1428 4147 1548 4197 mihi
1595 4148 1839 4197 videntur.
1893 4148 1938 4196 N
1943 4162 2020 4196 sm
2065 4152 2221 4212 potest
2256 4148 2331 4197 ius
2363 4147 2668 4199 Praetorium

278 4234 457 4301 opponi
504 4234 599 4283 iuri
646 4231 801 4290 civili,
852 4232 971 4281 item
1006 4231 1081 4280 ius
1112 4230 1322 4279 solemne
1357 4230 1664 4279 Praetorium
1699 4230 1794 4279 iuri
1830 4229 2030 4279 solemni
2065 4229 2208 4279 civili,
2249 4230 2331 4279 Ius
2364 4230 2668 4281 Praetorium

280 4333 379 4367 non
422 4320 579 4381 potest
625 4314 801 4379 opponi
844 4313 940 4362 iuri
986 4312 1212 4371 solemni,
1249 4312 1361 4377 quia
1396 4327 1453 4361 ex
1488 4311 1792 4376 sequentibus
1826 4314 2023 4377 apparet
2060 4312 2134 4361 ius
2169 4311 2376 4360 solemne
2411 4328 2580 4376 magns
2613 4328 2668 4361 ex

284 4402 423 4467 parto
456 4414 511 4447 ex
547 4398 701 4447 edicto
738 4396 913 4446 venire.
2647 4384 2650 4387 ’

354 4482 409 4541 s)
443 4480 736 4539 Zeiuchrist
766 4481 853 4528 aar
885 4478 1335 4543 &nemetiam
1374 4478 1409 4525 x
1449 4477 1632 4543 (1889)
1666 4494 1713 4541 p.
1749 4476 1862 4526 322.
