3192 5009
1154 277 1599 327 summersus,
2203 246 2206 250 ⁵
2430 250 2558 317 185

224 450 387 525 χρεῶν
442 445 748 516 ἀποκοπὴν
810 466 961 511 011111
1008 446 1367 510 instituisse
1386 492 1401 519 ,
1454 442 1563 509 sed
1607 444 1958 507 imminuta
2007 442 2084 506 ab
2132 462 2205 505 eo
2253 460 2388 505 esse
2434 438 2558 503 foe-
2611 517 2618 531 ί

222 572 377 627 nora,
435 558 499 615 et
558 573 703 617 cum
766 550 963 616 simul
1024 555 1354 615 mutatum
1402 556 1569 614 esset
1614 570 2034 614 nummorum
2079 547 2329 633 pondus
2349 594 2365 623 ,
2412 544 2558 631 lege

220 660 496 722 sancitum
555 678 685 723 esse
752 662 829 721 ut
889 657 1286 722 debitoribus
1330 655 1552 721 liceret
1594 677 1710 741 pro
1759 653 2035 742 singulis
2079 653 2396 719 drachmis
2440 651 2560 715 Ae-

219 765 477 849 gineticis
523 763 861 849 rependere
910 763 1223 827 Euboicas
1243 811 1259 840 ,
1309 765 1403 827 ita
1441 770 1514 827 ut
1554 768 1782 848 quarta
1819 762 1948 827 fere
1987 767 2165 847 parte
2202 762 2560 824 minueren-

218 874 305 931 tur
344 868 561 933 debita.
611 871 898 935 Auctum
944 871 1152 955 igitur
1196 873 1294 933 est
1331 870 1583 955 argenti
1623 870 1863 953 signati
1903 869 2188 952 pretium
2205 914 2221 943 ,
2263 886 2392 929 non
2430 865 2559 949 ipsi

218 978 433 1039 nummi
487 981 633 1039 sunt
696 977 903 1051 aucti;
953 979 1102 1039 ante
1150 973 1455 1040 Solonem
1502 975 1809 1055 παχείαις
1831 1023 1847 1049 ,
1897 980 2044 1058 post
2088 992 2241 1037 eum
2285 977 2554 1040 λεπταῖς

217 1080 491 1159 δραχμαῖς
522 1079 568 1160 l)
614 1082 962 1147 utebantur
1004 1081 1443 1146 Athenienses,

288 1184 379 1252 Sic
412 1186 737 1253 Plutarchi
776 1192 892 1252 aut
927 1186 1338 1251 Androtionis
1363 1188 1559 1252 verba
1580 1193 1750 1253 recte
1775 1185 2174 1273 explicarunt
2197 1182 2558 1249 Boeckhius

218 1291 377 1359 ‹SH.³
397 1292 457 1357 11
486 1315 543 1379 p.
572 1292 703 1358 326
728 1299 873 1379 sq.),
916 1292 1400 1370 Mommsenus,
1440 1292 1849 1358 Hultschius.
1898 1294 1985 1356 At
2023 1290 2194 1377 finge
2232 1309 2400 1354 nunc
2437 1289 2560 1353 tibi

218 1420 317 1463 non
347 1402 509 1464 viros
544 1402 991 1486 sagacissimos
1028 1400 1407 1484 eosdemque
1434 1400 1837 1464 doctissimos
1859 1398 2076 1463 locum
2097 1396 2558 1462 Plutarcheum

218 1508 661 1591 interpretantes
722 1505 831 1570 sed
894 1504 1174 1570 stultum
1220 1512 1411 1591 atque
1456 1510 1760 1592 ignarum
1799 1505 2077 1591 aliquem
2126 1503 2560 1569 tenebrionem

220 1630 277 1674 ea
325 1631 473 1695 quae
512 1610 646 1676 11110
692 1610 1003 1697 leguntur
1048 1614 1182 1675 suis
1228 1612 1439 1676 verbis
1489 1612 1906 1677 referentem:
1955 1610 2026 1674 id
2068 1613 2287 1695 ipsum
2334 1610 2562 1693 opinor

220 1717 461 1781 narrabit
515 1718 699 1783 nobis
745 1717 913 1803 quod
963 1718 1135 1803 apud
1181 1716 1595 1783 Aristotelem
1643 1720 1962 1803 reperitur
1978 1765 1994 1794 ,
2044 1718 2314 1779 maiores
2359 1714 2558 1778 fuisse

218 1821 425 1888 Solonis
468 1844 771 1889 nummos
818 1845 1013 1909 quam
1059 1823 1419 1890 Phidoneos
1468 1828 1605 1889 sive
1651 1826 2059 1909 Aegineticos
2077 1871 2093 1900 ,
2133 1821 2280 1907 plus
2319 1820 2562 1887 scilicet

220 1948 325 1993 0000
363 1935 611 1995 centum
658 1950 852 2015 quam
899 1934 1310 2017 septuaginta
1355 1934 1503 1996 tres.

288 2032 399 2099 Hic
454 2036 615 2100 1111111
676 2036 899 2101 haeret
946 2056 1128 2121 aqua.
1177 2035 1510 2115 Quomodo
1557 2036 1820 2101 tandem
1868 2034 2249 2100 solvendum
2293 2038 2392 2098 est
2438 2032 2560 2097 hoc

220 2143 490 2226 aenigma,
525 2141 696 2226 quod
719 2140 1128 2207 Androtionis
1152 2143 1347 2208 verba
1369 2163 1407 2207 a
1431 2142 1780 2208 Plutarcho
1805 2140 2242 2228 negligentius
2266 2158 2561 2224 expressa

220 2246 269 2307 in
300 2267 551 2312 errorem
588 2247 929 2313 abduxisse
967 2248 1269 2313 videntur
1307 2244 1800 2313 Aristotelem?!
1849 2246 2144 2312 Isdemne
2178 2246 2392 2311 verbis
2431 2265 2562 2309 am-

222 2350 397 2437 biguis
440 2374 592 2417 usus
632 2353 843 2419 fuerat
881 2354 1237 2419 Androtion
1255 2402 1272 2431 ‚
1312 2353 1720 2419 Androtionis
1759 2358 1979 2418 autem
2021 2373 2180 2437 opus
2228 2349 2562 2416 Aristoteli

222 2454 341 2522 haec
384 2460 674 2524 scribenti
725 2459 804 2524 ad
844 2480 1115 2525 manum
1156 2466 1290 2525 erat
1326 2466 1389 2525 et
1428 2458 1597 2524 male
1639 2455 1730 2525 ab'
1756 2480 1830 2525 eo
1869 2454 2406 2544 intellegebatur?
2455 2455 2560 2521 Sic

224 2566 395 2628 tamen
429 2571 623 2630 restat
662 2571 738 2629 ut
778 2586 1113 2629 summum
1150 2564 1609 2651 philosophum
1645 2567 1712 2629 in
1751 2564 1869 2629 tali
1902 2586 1972 2630 re
1995 2562 2330 2651 pueriliter
2352 2583 2558 2629 errare

222 2672 456 2751 potuisse
494 2670 845 2736 credamus.
887 2671 1070 2750 Quod
1110 2693 1262 2737 cum
1298 2674 1368 2735 in
1392 2674 1686 2735 animum
1707 2671 2008 2735 inducere
2031 2671 2197 2735 mihi
2221 2689 2556 2754 nequeam,

223 2779 517 2841 necessario
564 2797 764 2863 cogor
808 2782 885 2841 ut
933 2780 1217 2862 suspicer
1252 2776 1423 2841 hunc
1459 2776 1678 2841 locum
1717 2797 1921 2862 neque
1961 2773 2378 2841 Aristotelem
2417 2796 2560 2840 auc-

224 2884 385 2945 torem
436 2882 666 2948 habere
726 2903 930 2968 neque
987 2885 1125 2948 eius
1171 2881 1419 2948 scholae
1467 2882 1711 2960 deberi,
1761 2883 1870 2947 sed
1918 2904 1996 2948 ex
2043 2880 2378 2946 Plutarchi
2424 2903 2560 2947 ver-

226 2983 299 3047 bis
340 2987 493 3053 male
543 2987 887 3054 intellectis
941 2988 1202 3054 fluxisse
1228 2987 1301 3069 ⁹).
1352 2987 1667 3067 Quoniam
1706 2994 1923 3053 tamen
1962 2987 2350 3053 Plutarchus
2390 2990 2559 3052 vixit

228 3091 333 3173 ipso
364 3092 467 3158 1110
506 3110 793 3180 tempore
836 3116 961 3179 quo
997 3100 1333 3161 exaratum
1372 3116 1505 3160 esse
1544 3091 1805 3159 v'idetur
1849 3092 2154 3159 volumen
2196 3093 2316 3158 hoc
2362 3114 2560 3179 papy-

230 3216 435 3265 1110011111
452 3249 469 3277 ,
530 3201 685 3266 haec
741 3222 991 3286 quoque
1039 3201 1382 3286 explicatio
1428 3206 1666 3287 quanta
1710 3201 1943 3266 habeat
1985 3199 2390 3266 incommoda
2435 3220 2560 3263 non

230 3302 361 3389 fugit
408 3328 529 3372 me.
600 3304 727 3373 Sed
770 3306 1189 3393 undecunque
1234 3305 1425 3371 fluxit
1468 3308 1773 3371 immanis
1818 3306 1924 3371 hic
1971 3327 2162 3383 error,
2211 3304 2560 3383 Aristotele

230 3416 360 3475 certe
392 3412 914 3499 indignissimum
954 3411 1134 3477 duco.
1187 3411 1487 3497 Quisquis
1526 3418 1748 3477 autem
1787 3412 2074 3478 concedit
2106 3432 2230 3477 non
2255 3412 2332 3477 de
2355 3411 2558 3475 nihilo

230 3513 407 3583 fictum
462 3540 597 3585 0000
660 3522 901 3585 crimen
960 3519 1128 3604 quod
1172 3518 1415 3604 protuli
1433 3568 1450 3595 ‚
1498 3540 1623 3584 non
1671 3519 1936 3605 negabit
1981 3539 2060 3583 ne
2106 3518 2251 3583 aliis
2298 3516 2559 3602 quidem

231 3622 279 3683 in
308 3625 475 3691 rebus
514 3632 756 3691 temere
798 3625 992 3691 fidem
1030 3646 1165 3691 esse
1206 3625 1562 3691 habendam
1600 3626 1754 3691 huic
1795 3628 1981 3703 testi,
2022 3626 2271 3710 quoties
2310 3623 2560 3689 diversa

230 3736 399 3795 nan-at
454 3732 531 3797 ab
560 3734 666 3796 -iis
714 3752 876 3817 quae
922 3737 1107 3797 antea
1154 3737 1327 3797 certa
1373 3731 1776 3809 videbantur,
1827 3730 1935 3797 sed
1982 3735 2166 3795 caute
2211 3728 2560 3794 admodum

230 3854 359 3900 novo
396 3836 553 3903 libro
599 3858 734 3903 esse
782 3837 1116 3903 utendum.

280 4066 303 4114 1
457 4108 467 4117 .
678 4108 688 4121 .

279 4066 328 4210 83
354 4066 593 4202 {fullai-{lixo
606 4069 823 4203 qlibrum
874 4153 1001 4203 1111110
1051 4130 1414 4203 Aristotelicum
1469 4152 1690 4215 ignotum
1739 4149 1910 4210 fuisse,
1957 4166 2012 4199 ex
2060 4151 2305 4201 nonnullis
2349 4168 2471 4217 quae
2505 4154 2562 4202 de

229 4225 497 4283 Themistocle
544 4238 593 4285 et
640 4235 699 4283 de
748 4234 935 4283 Pericle
978 4234 1148 4285 scribit
1190 4234 1387 4291 efficias;
1441 4238 1654 4283 attamen
1700 4232 1978 4282 Aristotelis
2024 4233 2082 4282 de
2118 4234 2258 4283 Nicia
2291 4234 2564 4299 Thucydide

230 4308 476 4399 'Jfflmnene
516 4316 749 4369 iudicium
781 4318 1039 4367 admodum
1073 4316 1311 4377 notabile,
1347 4317 1472 4380 quod
1508 4316 1559 4365 in
1594 4320 1694 4380 ca'p.
1733 4316 1796 4364 28
1832 4318 1988 4375 extat,
2026 4315 2206 4365 citatur
2239 4332 2267 4366 a
2302 4317 2564 4367 Plutarcho

230 4404 269 4438 111
296 4393 377 4443 vita
406 4397 561 4449 Niciae
591 4416 619 4449 c
670 4400 717 4449 2.
