3192 5009
616 255 748 322 342
1630 269 1966 320 nuscum.

609 442 895 505 invenire
940 441 1153 524 potuit
1198 441 1322 502 nisi
1365 437 1592 503 Euclio
1614 486 1629 515 ‚
1672 441 1784 522 qui
1823 437 2171 503 absurdum
2209 440 2279 500 in
2316 436 2586 501 modum
2625 454 2858 500 avarus
2896 444 2978 498 est

610 553 675 610 et
712 547 1025 631 suspicax.
1075 545 1201 609 Hic
1248 547 1421 608 enim
1465 565 1718 630 ungues
1737 583 1746 590 ·
1767 543 2048 608 desectos
2095 547 2342 620 servat,
2387 561 2644 607 araneas
2681 562 2812 606 non
2847 539 2981 606 vult

610 650 787 735 abigi
804 697 819 726 ,
887 651 1144 714 fumum
1192 651 1483 734 queritur
1530 670 1725 714 suum
1770 647 2060 734 h'gsslum
2106 651 2224 727 (sic
2272 668 2423 712 cum
2469 647 2678 712 Nonio
2727 645 2876 733 lego
2921 667 2976 710 v.

610 753 767 834 301)
814 755 1031 819 furari.
1078 754 1301 840 Itaque
1339 753 1742 819 obliviscitur
1780 757 1849 817 in
1886 773 2132 818 carcere
2174 754 2582 819 subterraneo
2621 756 2760 818 sive
2800 759 2979 838 puteo

606 860 712 938 (cf.
760 859 1001 945 Ussing
1064 860 1142 925 ad
1199 858 1358 939 339)
1422 863 1645 945 ignem
1693 865 1759 923 et
1807 858 2107 924 utensilia
2151 881 2278 924 non
2326 865 2548 944 parata
2592 880 2752 924 esse.
2815 857 2978 922 Haec

606 985 805 1049 aeque
851 964 1161 1050 quadrant
1203 967 1273 1028 in
1318 963 1697 1029 Euclionem
1744 971 1934 1048 atque
1983 962 2188 1028 aliena
2227 969 2380 1027 sunt
2415 985 2453 1028 a
2491 965 2692 1029 servis
2711 1013 2728 1040 ‚
2773 963 2980 1048 Mega-

603 1068 744 1134 dori
788 1071 1202 1154 potissimum
1222 1117 1237 1146 ‚
1286 1070 1519 1154 quibus
1564 1072 1756 1134 anxia
1801 1073 1866 1133 et
1911 1089 2112 1153 usque
2161 1069 2241 1133 ad
2286 1072 2606 1134 insaniam
2654 1089 2976 1156 progressa

604 1173 963 1240 sollicitudo
1004 1194 1117 1260 pro
1156 1175 1339 1239 bonis
1378 1174 1602 1240 alienis
1641 1174 1808 1240 unde
1848 1171 2148 1240 advolet?
2187 1195 2266 1238 ne
2289 1175 2498 1239 dicam
2520 1177 2658 1239 iam
2680 1171 2978 1239 vocabula

601 1302 663 1344 v.
694 1279 825 1346 370
864 1281 933 1343 in
970 1281 1212 1344 aedibus
1250 1302 1379 1346 non
1417 1287 1563 1366 apte
1605 1283 1936 1366 usurpari,
1977 1282 2102 1344 nisi
2142 1280 2222 1345 ab
2262 1301 2369 1356 ec,
2413 1281 2524 1366 qui
2566 1278 2643 1344 de
2691 1281 2827 1344 suis
2873 1283 2976 1342 aut

603 1385 850 1450 domini
900 1386 1160 1451 aedibus
1207 1385 1530 1471 loquatur.

691 1491 914 1576 Itaque
960 1498 1209 1558 certum
1255 1494 1417 1557 mihi
1459 1493 1719 1558 videtur
1737 1542 1751 1570 ‚
1801 1493 1993 1558 verba
2033 1513 2168 1556 esse
2209 1490 2570 1570 Euclioni83
2625 1490 2703 1557 de
2745 1512 2818 1556 eo
2857 1511 2973 1554 am-

598 1596 739 1681 bigi
784 1600 985 1681 possit
1003 1647 1019 1676 ,
1067 1619 1227 1662 num
1274 1619 1312 1663 a
1358 1619 1509 1663 vero
1556 1597 1699 1663 loco
1746 1603 1920 1663 mota
1968 1601 2096 1662 sint
2141 1604 2206 1663 et
2251 1619 2410 1663 num
2459 1601 2588 1661 sint
2632 1619 2750 1684 per
2785 1618 2850 1662 se
2891 1599 2970 1660 in·

599 1705 801 1787 tegra.
852 1702 1250 1769 ‚Dubitanter
1313 1702 1573 1789 Langen
1636 1705 1854 1768 initio:
1923 1709 2030 1780 „at
2085 1724 2206 1790 ego
2251 1705 2630 1768 intervisam
2681 1704 2970 1780 (nostri)

600 1806 755 1892 quid
813 1808 1051 1874 faciant
1110 1808 1340 1893 coqui''
1405 1812 1668 1889 (omisso
1721 1815 1970 1888 morato).
2033 1807 2202 1872 Mihi
2251 1828 2376 1872 non
2425 1827 2806 1894 persuasum
2849 1813 2969 1882 est,

598 1912 949 1998 quidquam
994 1913 1380 1978 mutandum
1418 1933 1555 1978 esse
1572 1961 1589 1990 ,
1633 1933 2024 1997 quamquam
2063 1933 2396 1978 scenarum
2433 1914 2834 1980 cohaerentia
2869 1911 2972 1976 dif-

597 2017 954 2084 ficultatem
993 2040 1118 2084 non
1156 2011 1465 2105 exiguam
1502 2019 1716 2084 obicit.
1757 2017 1982 2083 Euclio
2022 2021 2196 2084 enim
2213 2067 2230 2096 ,
2257 2022 2370 2104 qui
2392 2019 2586 2085 modo
2611 2020 2782 2085 foras
2803 2018 2968 2092 abiit,

596 2124 811 2189 subito
872 2145 1091 2188 rursus
1152 2131 1475 2209 comparet
1493 2172 1509 2201 ‚
1582 2128 1650 2187 et
1709 2123 1921 2187 verbis
1986 2125 2086 2188 his
2149 2126 2580 2210 pronuntiatis
2644 2123 2852 2190 denuo
2907 2124 2968 2184 in

596 2249 851 2294 scenam
897 2233 1073 2294 venit
1118 2251 1179 2293 v.
1225 2227 1379 2294 371:
1430 2229 1651 2305 „volui
1705 2231 1998 2294 animum
2053 2229 2312 2294 tandem
2365 2229 2740 2295 confirmare
2793 2225 2966 2292 hodie

596 2334 885 2410 meum’',
940 2333 1078 2399 rell.
1100 2381 1115 2410 ,
1182 2334 1451 2419 denique
1498 2333 1879 2399 mandatum
1927 2337 2112 2398 initio
2162 2333 2304 2398 dat:
2359 2335 2664 2411 „curate”
2687 2384 2704 2411 ‚
2753 2353 2863 2397 nec
2901 2329 2968 2394 li-

594 2447 747 2526 quet
811 2440 891 2504 ad
935 2461 1113 2525 quos.
1164 2439 1289 2504 Sed
1330 2442 1547 2505 omnia
1593 2445 1764 2504 recte
1811 2461 1875 2505 se
1925 2440 2159 2504 habent
2205 2460 2310 2505 me
2356 2439 2588 2505 iudice.
2651 2440 2964 2504 Nimirum

548 2571 559 2580 ·
593 2544 751 2609 abiit
796 2547 861 2608 in
908 2545 1122 2610 forum
1160 2565 1309 2609 cum
1349 2548 1549 2610 servis
1568 2593 1584 2622 ‚
1627 2547 1739 2628 qui
1776 2550 2098 2629 portarent
2137 2566 2298 2631 quae
2335 2553 2628 2612 emturus
2669 2551 2834 2611 esset
2849 2566 2866 2623 3
2903 2547 2962 2608 in

590 2653 698 2714 via
744 2653 1054 2735 comperit
1100 2649 1528 2736 Megadorum
1574 2672 1806 2735 coquos
1853 2671 2038 2716 suam
2087 2651 2354 2717 domum
2408 2653 2663 2717 misisse
2682 2700 2698 2729 ‚
2763 2655 2962 2735 itaque

587 2777 855 2840 propere
906 2754 1072 2820 redit
1090 2803 1105 2832 ‚
1153 2756 1459 2839 iubetque
1506 2759 1852 2821 consistere
1899 2757 2272 2841 pedisequos
2289 2805 2306 2834 ,
2357 2761 2470 2842 qui
2517 2779 2558 2822 a
2609 2758 2960 2842 spectatori·

587 2861 709 2924 bus
746 2860 1010 2925 fortasse
1045 2880 1169 2924 non
1207 2863 1703 2946 conspiciuntur,
1747 2870 1812 2927 et
1848 2881 2067 2926 curare
2105 2862 2322 2928 corbes
2361 2867 2476 2928 aut
2511 2863 2578 2927 id
2615 2883 2822 2949 genus
2846 2859 2958 2927 alia

588 2986 752 3052 quae
796 2971 1053 3050 portant
1071 3014 1088 3043 ,
1136 2973 1201 3030 et
1246 2966 1563 3031 curriculo
1611 2970 1885 3032 accurrit
1902 3017 1918 3044 ,
1961 2967 2150 3052 paulo
2188 2975 2334 3054 post
2371 2972 2702 3054 inquietus
2745 2975 2808 3035 et
2841 2974 2958 3032 tur·

586 3072 777 3138 batus
821 3091 1043 3136 rursus
1090 3072 1223 3136 abit
1270 3079 1334 3136 et
1381 3093 1636 3138 scenam
1683 3072 2008 3158 relinquit.
2057 3073 2225 3138 Ante
2280 3095 2475 3159 quam
2529 3075 2702 3141 redit
2739 3076 2956 3140 tibicen

586 3177 999 3244 delectaverit
1018 3227 1032 3254 ,
1084 3181 1307 3263 opinor
1326 3227 1342 3254 ‚
1392 3185 1799 3264 spectatores.
1847 3177 2017 3242 Tum
2063 3180 2370 3245 obsonatu
2413 3201 2710 3246 reversus
2744 3179 2956 3246 Euclio

584 3286 653 3347 in
692 3282 873 3348 collis
912 3304 1247 3350 servorum
1284 3291 1581 3369 apportat
1609 3323 1690 3334 -—
1719 3283 1902 3350 nihil.
1953 3283 2185 3350 Omnia
2225 3307 2370 3351 cara
2407 3295 2605 3354 erant.
2655 3287 2758 3354 Ita
2793 3284 2958 3352 nulla

584 3391 941 3454 mutatione
1005 3409 1165 3474 opus
1226 3410 1364 3455 esse
1425 3396 1490 3454 et
1550 3391 1704 3456 haec
1765 3389 2115 3482 admodum
2177 3391 2443 3457 ridicule
2491 3395 2602 3478 agi
2644 3394 2922 3478 potuisse
2937 3438 2952 3467 ,

580 3495 790 3560 vidae.
851 3494 992 3560 Imo
1052 3494 1211 3560 haec
1272 3515 1457 3560 scena
1517 3495 1671 3561 adeo
1719 3497 1977 3561 videtur
2022 3496 2336 3581 placuisse
2351 3547 2368 3574 ‚
2423 3504 2500 3562 ut
2545 3499 2666 3562 sub
2711 3499 2952 3564 nomine

580 3617 872 3666 ruromcs
911 3606 1017 3679 (=
1036 3599 1386 3687 puteodici)
1424 3603 1468 3665 1.
1496 3622 1548 3666 6.
1592 3605 1730 3666 eius
1748 3650 1764 3678 ,
1807 3604 1922 3686 qui
1958 3608 2232 3687 puteum
2269 3606 2336 3666 in
2374 3624 2482 3668 ore
2511 3605 2706 3670 habet.
2727 3608 2872 3682 („ut
2891 3605 2952 3664 in

580 3713 775 3791 puteo
834 3727 1059 3772 cenam
1116 3706 1463 3790 coquant’')
1524 3706 1862 3772 vendibilis
1927 3708 2106 3773 fieret
2121 3729 2138 3786 3
2186 3707 2383 3792 idque
2430 3709 2815 3776 vocabulum
2857 3705 2952 3772 ad·

579 3814 893 3898 scriptum
936 3811 1269 3876 Euclionis
1316 3811 1584 3896 pepulit.

668 3918 795 3983 Per
838 3917 1001 3983 hanc
1048 3920 1594 4003 opportunitatem
1641 3921 1823 3982 iuvat
1871 3916 2046 3983 aliud
2094 3920 2170 3984 de
2209 3918 2547 3985 Aulularia
2585 3918 2802 3985 afferre
2835 3919 2946 3982 for·

575 4027 742 4087 tasse
787 4043 911 4087 non
960 4022 1407 4108 spernendum.
1472 4021 1722 4088 Cereris
1769 4023 2033 4109 vigiliae
2079 4046 2229 4090 cum
2274 4027 2532 4092 ieiuniis
2581 4027 2678 4090 bis
2725 4029 2944 4092 iactan-

574 4132 683 4190 tur
729 4125 859 4192 354
908 4133 973 4192 et
1026 4125 1191 4194 ¹795:

755 4229 1044 4310 Cei-erin,
1094 4232 1369 4299 Strobile
1388 4281 1405 4310 ‚
1450 4233 1520 4298 hi
1566 4239 1719 4298 sunt
1765 4233 1995 4300 facturi
2039 4233 2343 4320 nuptias?

753 4335 1000 4404 Cereris
1038 4337 1286 4423 vigiliis
1334 4359 1447 4423 per
1483 4341 1716 4404 vinum
1760 4345 1952 4424 atque
1997 4342 2248 4426 impetu
2289 4339 2766 4406 adulescentiae.
