3192 5009
1157 260 1606 315 Amsrorsnns.
2429 245 2558 311 189

366 428 587 494 τούτων
632 432 847 495 εἶκοσιν
894 430 1117 508 ἄνδρας
1164 434 1412 507 βόσκειν
1461 430 1517 495 εἴ
1561 454 1654 501 τις
1705 432 2120 507 προσέταττεν
2171 430 2441 511 ἑκάστῃ,

363 536 465 600 δύο
508 537 747 617 μυριάδ’
794 537 871 603 ἄν
918 544 1035 601 τῶν
1084 537 1418 615 δημοτικῶν
1466 534 1609 616 ἔζων
1657 538 1718 601 ἐν
1765 542 1922 601 πᾶσι
1971 534 2260 617 λαγῴοις.

276 737 365 803 De
400 740 647 804 indiciis
680 744 888 829 igitur
928 742 1294 805 incertiores
1340 739 1667 826 aliquanto
1705 760 1873 804 nunc
1912 759 2138 804 sumus
2175 759 2369 824 quam
2408 744 2556 803 ante

198 866 417 911 novum
462 846 703 913 librum
740 854 1067 935 repertum
1114 866 1366 912 eramus
1384 895 1401 923 ,
1445 868 1648 932 neque
1696 848 1996 931 cuiquam
2043 852 2265 910 auctor
2309 847 2436 909 sim
2481 848 2561 909 ut

198 950 461 1017 multum
508 956 751 1019 tribuat
792 954 933 1019 loco
982 974 1175 1039 quem
1212 954 1401 1018 modo
1444 955 1976 1019 examinavimus.
2027 951 2153 1017 Sed
2191 951 2268 1016 de
2306 950 2562 1014 comitiis

194 1057 412 1143 aliquid
482 1058 823 1125 didicimus
893 1060 1062 1145 quod
1131 1062 1399 1124 minime
1469 1058 2007 1124 contemnendum
2080 1063 2195 1123 est.
2283 1054 2561 1122 Nullum

196 1168 319 1227 ante
374 1164 663 1230 Euclidis
715 1174 1007 1253 tempora
1061 1165 1352 1230 solutum
1401 1159 1535 1231 esse
1590 1166 1840 1230 civibus
1880 1163 2091 1239 μισθὸν
2135 1165 2562 1236 ἐκκλησιαστι-

198 1270 281 1333 κὸν
348 1280 535 1336 antea
602 1275 909 1359 suspicati
972 1278 1123 1336 sunt
1189 1272 1387 1337 multi
1418 1274 1489 1353 ¹),
1558 1293 1728 1337 nunc
1799 1271 2052 1335 disertis
2111 1270 2322 1335 verbis
2381 1269 2563 1335 docet

197 1376 589 1463 philosophus
634 1400 769 1463 cap.
824 1378 947 1443 41:
998 1386 1225 1457 πρῶτον
1274 1382 1387 1455 μὲν
1431 1378 1750 1458 Ἀγύρριος
1791 1378 2011 1456 ὀβολὸν
2051 1374 2346 1454 ἐπόρισεν,
2389 1376 2556 1452 μετὰ

198 1483 249 1545 δὲ
302 1488 509 1547 τοῦτον
572 1485 975 1563 Ἡρακλείδης
1039 1486 1066 1548 ὃ
1130 1484 1541 1566 Κλαζομένιος
1609 1485 1636 1549 ὃ
1702 1484 2012 1561 βασιλεὺς
2076 1483 2560 1559 ἐπικαλούμενος

199 1590 481 1673 διώβολον,
546 1594 737 1657 πάλιν
798 1591 855 1655 δ’
922 1592 1234 1669 Ἀγύρριος
1299 1590 1645 1670 τριώβολον.
1708 1590 1940 1655 Postea
1989 1596 2208 1655 autem
2255 1599 2334 1671 τῇ·
2381 1588 2558 1671 κυρίᾳ

203 1696 472 1781 ἐκκλησίᾳ
518 1720 770 1761 novenos
816 1697 1009 1761 obolos
1054 1700 1365 1762 meruisse
1410 1700 1604 1774 cives,
1646 1704 1788 1768 ταῖς
1830 1696 1894 1761 δὲ
1933 1693 2165 1766 ἄλλαις
2190 1695 2560 1761 drachmam

204 1804 531 1889 integram,
592 1824 723 1868 non
788 1806 925 1868 sine
970 1823 1209 1889 magna
1257 1804 1677 1867 admiratione
1712 1802 1864 1867 vidi
1909 1804 1976 1867 in
2023 1824 2161 1889 cap.
2217 1801 2304 1867 62
2321 1823 2337 1880 ;
2389 1801 2561 1887 quod

208 1930 405 1973 verum
454 1930 589 1975 esse
638 1914 715 1973 ut
763 1910 1015 1975 credam
1060 1912 1175 1973 vix
1223 1909 1517 1975 adducor.

276 2014 478 2080 Etiam
527 2016 599 2080 de
647 2022 970 2100 tempore,
1020 2036 1147 2100 quo
1185 2017 1488 2080 instituta
1526 2021 1625 2080 est
1667 2015 1700 2088 ἦ
1745 2014 2041 2092 διωβελία
2085 2017 2220 2079 sive
2262 2017 2331 2078 τὸ
2373 2017 2564 2093 θεωρι-

212 2120 309 2196 κὸν,
352 2142 427 2185 ex
472 2142 641 2185 novo
692 2122 813 2185 hoc
858 2120 1033 2186 fonte
1080 2124 1376 2186 certiores
1422 2120 1615 2185 fimus
1632 2141 1649 2198 3
1699 2141 1928 2205 nempe
1984 2120 2394 2201 Cleophontem
2441 2122 2566 2207 pri-

211 2246 361 2289 mum
403 2228 760 2291 instituisse
808 2225 969 2291 hanc
1013 2226 1430 2312 largitionem
1451 2276 1467 2303 ,
1517 2229 1702 2290 cuius
1751 2232 1972 2291 auctor
2027 2224 2306 2290 Pericles
2365 2226 2564 2290 fuisse

212 2330 477 2399 hactenus
537 2332 913 2398 credebatur
958 2338 1243 2419 (propter
1286 2331 1465 2397 Plut.
1516 2331 1746 2397 Pericl.
1797 2354 1850 2397 c.
1894 2330 1983 2413 9),
2031 2331 2225 2396 tradit
2272 2335 2563 2418 scriptor,

214 2459 301 2501 nec
359 2438 627 2503 dubium
700 2438 961 2503 videtur
1030 2441 1186 2524 quin
1247 2460 1322 2504 ea
1385 2460 1545 2524 quae
1609 2438 1685 2504 de
1742 2438 1860 2503 hac
1922 2458 1989 2502 re
2037 2438 2230 2503 refert
2274 2459 2354 2503 ex
2401 2440 2562 2503 bono

216 2542 352 2609 fonte
408 2544 731 2610 fluxerint.
795 2545 1057 2609 Annum
1104 2566 1229 2610 non
1274 2546 1513 2610 indicat
1558 2543 1936 2609 Aristoteles
1955 2593 1972 2621 ,
2023 2545 2132 2609 sed
2181 2564 2258 2609 ex
2308 2548 2576 2610 nomine!

218 2644 587 2735 Cleophontis
648 2649 1055 2737 intellegitur
1111 2650 1356 2738 legem,
1406 2672 1533 2735 qua
1580 2652 1702 2716 hoc
1749 2652 2127 2715 institutum
2175 2657 2272 2715 est
2291 2700 2308 2729 ,
2358 2658 2564 2717 aetate

218 2774 317 2817 non
348 2755 627 2820 multum
650 2758 1059 2821 antecessisse
1086 2759 1490 2821 notissimam
1510 2758 1995 2842 inscriptionem
2018 2754 2182 2822 OIG.
2218 2755 2343 2823 147
2371 2756 2561 2837 (CIA.

218 2856 239 2919 I
278 2858 405 2937 188,
450 2860 735 2927 Dittenb.
779 2861 885 2938 44,
936 2861 1193 2927 Boeckh
1242 2862 1373 2927 ΒΗ.
1424 2862 1487 2925 II
1526 2883 1589 2947 p.
1636 2862 1677 2926 2
1706 2869 1890 2948 sqq.),
1943 2883 2022 2927 ex
2067 2882 2193 2948 qua
2239 2870 2417 2947 patet
2452 2884 2566 2949 per

218 2974 447 3049 quatuor
482 2971 815 3055 prytanias
855 2971 1005 3033 anni
1042 2972 1220 3034 tertii
1260 2967 1663 3055 Olympiadis
1708 2967 1794 3032 92
1836 2967 2060 3048 (41019
2089 2990 2144 3033 a.
2174 2966 2276 3049 G.)
2315 2970 2564 3033 sedecim

220 3070 319 3135 fere
356 3074 581 3137 talenta
628 3076 711 3144 εἰς
762 3074 1095 3150 amasam
1142 3096 1220 3139 ex
1268 3074 1523 3159 publico
1573 3077 1816 3139 aerario
1865 3095 2139 3159 expensa
2185 3096 2339 3140 esse.

290 3177 632 3245 Utilissima
702 3184 853 3244 sunt
923 3182 1120 3245 etiam
1192 3201 1353 3265 quae
1416 3183 1485 3243 in
1548 3179 1672 3244 fine
1733 3182 1960 3266 capitis
2025 3179 2112 3243 44
2160 3181 2440 3269 legimus
2487 3181 2564 3246 de

222 3292 501 3369 tempore,
545 3306 669 3371 quo
708 3288 971 3351 comitia
1009 3287 1498 3373 magistratibus
1536 3286 1822 3351 creandis
1861 3288 2291 3353 habebantur:
2332 3294 2566 3354 ποιοῦσι

224 3386 269 3450 δὲ
325 3392 415 3455 και
476 3394 883 3471 ἀρχαιρεσίας
904 3391 963 3473 ³)
1026 3400 1391 3474 στρατηγῶν
1458 3392 1561 3456 καὶ
1630 3393 1967 3473 ἱππάρχων
2031 3395 2135 3463 καὶ
2187 3402 2302 3459 τῶν
2354 3396 2565 3460 ἄλλων

227 3500 315 3557 τῶν
373 3498 515 3575 πρὸς
583 3502 685 3564 τὸν
750 3500 1021 3575 πόλεμον
1082 3502 1287 3580 α’ρχῶν
1354 3503 1413 3564 ἐν
1474 3509 1549 3580 τῇ
1616 3500 1914 3583 ἐκκλησίᾳ
1979 3501 2118 3565 καθ’
2167 3526 2196 3565 ο
2247 3526 2307 3565 τι
2354 3501 2429 3566 ἂν
2477 3505 2561 3583 τῷ

226 3596 357 3681 δήμῳ
412 3605 587 3685 δοκῇ·
654 3610 886 3669 ποιοῦσι
943 3605 996 3670 δ’
1046 3604 1096 3669 οἱ
1164 3630 1335 3682 μετα
1399 3630 1509 3679 την
1570 3633 1610 3676 ς
1674 3606 2148 3683 πρυτανεύοντες
2213 3608 2315 3689 ἐφ’
2362 3604 2438 3672 ὧν
2485 3633 2561 3673 αν

228 3708 447 3780 tinnula
518 3710 797 3785 γένηται.
864 3711 961 3775 δεῖ
1017 3712 1079 3777 δὲ
1143 3712 1586 3790 προβούλευμα
1636 3713 1919 3790 γενέσθαι
1967 3712 2072 3777 καὶ
2123 3714 2259 3790 ’περὶ
2309 3715 2560 3779 τούτων.

228 3808 347 3877 Post
385 3822 629 3880 sextam
674 3819 881 3903 igitur
918 3822 1283 3904 prytaniam
1302 3867 1318 3897 ,
1360 3822 1906 3905 appropinquante
1944 3838 2092 3882 vere
2112 3867 2128 3894 ,
2171 3818 2564 3904 simulatque

230 3918 404 3985 sinunt
464 3924 749 4007 auspicia
816 3945 895 3989 ex
964 3931 1221 3989 senatus
1292 3928 1672 3990 auctoritate
1743 3929 2173 3989 convocantur
2241 3927 2415 3991 cives
2483 3926 2564 3990 ad

284 4204 327 4269 1)
364 4208 547 4259 Primus
592 4222 691 4257 rem
724 4205 963 4274 perspexit
1004 4206 1268 4256 Kirchhoff.
1306 4207 1379 4257 Cf.
1416 4204 1664 4271 Aristoph.
1701 4204 1876 4256 Euclea.
1913 4221 1980 4256 vs.
2019 4206 2114 4256 188
2132 4220 2238 4272 sqq.
2273 4209 2323 4257 et
2359 4224 2427 4257 vs.
2466 4208 2564 4259 308

240 4288 275 4333 et
297 4288 417 4339 uchel.
446 4290 509 4339 ed
542 4305 611 4339 vn.
648 4291 758 4339 102.

286 4369 329 4433 2)
354 4368 751 4435 δοκαρχαιρεσίας
784 4388 895 4431 mm
936 4372 1109 4422 vitium
1144 4376 1363 4439 apertum
1396 4370 1593 4421 sustulit
1629 4371 1775 4421 etiam
1811 4374 2028 4423 Sanora.
