3192 5009
1012 370 1095 421 An
1140 342 1489 422 merorum
1535 366 1870 421 sonmom.
2501 344 2631 419 205

234 539 367 608 sed
428 541 548 607 δια.
615 539 821 620 Quam
882 542 938 604 si
984 540 1385 604 restituimus
1432 540 1999 625 praepositionem,
2047 538 2201 605 haec
2249 540 2451 603 oritur
2496 558 2630 603 sen-

235 650 490 713 tentia:
556 647 623 713 τὸ
684 648 893 724 δρᾶμα
957 644 1123 709 δοκεῖ
1165 643 1587 723 ὖποβιλέσθοιι
1641 644 1740 709 διὰ
1793 643 2129 719 Νεόφρονος
2180 644 2628 716 διασκευάσοιοε

232 753 493 819 videtur
538 760 723 836 poeta
764 752 921 815 hanc
939 750 1233 837 fabulam
1260 756 1475 834 postea
1512 750 1834 814 correxi-see
1871 757 1929 814 et
1967 750 2346 834 Neophronis
2392 751 2624 815 nomine

230 867 469 924 iterum
514 858 763 922 dedisse.
813 856 1031 923 Testes
1078 872 1228 921 sunt
1271 855 1692 922 Dicaearchus
1735 862 1800 922 et
1844 855 2239 923 Aristoteles.

347 966 513 1045 Quid
549 971 765 1031 autem
804 966 888 1029 sit
927 963 1027 1027 διὰ
1067 969 1172 1028 τοῦ
1221 963 1385 1028 δεῖνα
1434 961 1656 1029 docere
1699 959 1978 1029 fabulam
1998 1012 2016 1041 ,
2059 984 2138 1028 ex
2183 964 2624 1049 Aristophanis

230 1075 392 1138 vita
437 1074 693 1137 scimus·
742 1070 971 1147 Poeta,
1013 1071 1125 1155 qui
1163 1090 1560 1155 quacumque
1600 1070 1677 1134 de
1715 1090 1903 1135 causa
1938 1072 2075 1154 ipse
2115 1069 2383 1134 chorum
2407 1077 2619 1155 petere

232 1200 380 1245 non
425 1184 671 1265 potest,
710 1176 777 1241 id
815 1176 985 1261 quod
1024 1177 1198 1255 χορὸν
1238 1178 1431 1241 οιῖτεῖν
1474 1176 1612 1240 καθ’
1650 1175 1864 1241 ἑαυτόν
1907 1175 2061 1241 dicit
2098 1178 2378 1241 comicus
2403 1176 2620 1263 Equit.

238 1283 413 1363 513,
478 1306 591 1371 per
647 1286 929 1348 amicum
990 1282 1270 1368 aliquem
1334 1304 1526 1347 suum
1587 1303 1747 1368 opus
1811 1303 2032 1348 scenae
2082 1285 2456 1347 committit.
2529 1282 2626 1349 De

234 1390 583 1456 Philonide
658 1389 1007 1453 Callistrato
1070 1390 1322 1452 Ararote
1382 1390 1597 1453 omnia
1662 1389 1815 1453 trita
1881 1393 2064 1465 sunt;
2132 1388 2392 1469 Eupolie
2441 1410 2629 1454 suum

234 1496 654 1584 Autolycum
700 1495 801 1559 διὰ
852 1494 1296 1571 Δημοστράτου
1336 1493 1553 1560 docuit
1590 1494 1848 1573 (Athen.
1876 1492 1932 1557 V
1956 1494 2160 1575 216d)
2179 1513 2196 1571 ;
2240 1493 2316 1559 de
2353 1496 2628 1577 Aphareo

234 1608 319 1669 in
361 1604 497 1667 vita
544 1601 609 1666 X
649 1600 821 1667 Orat.
862 1624 924 1688 p.
965 1600 1144 1666 839d
1178 1600 1495 1687 legimus:
1540 1601 1624 1669 δὶς
1668 1601 1901 1676 ἐνίκησε
1943 1600 2042 1663 διὰ
2089 1602 2399 1664 Διονυσίου
2426 1602 2628 1673 καθεὶς

239 1709 365 1775 καὶ
420 1706 498 1773 δι’
550 1709 759 1783 ἑτέρων
805 1708 1013 1787 ἑτέροις
1064 1709 1163 1773 δύο
1214 1706 1569 1785 Ληναϊκάς,
1621 1707 1932 1790 Sophocles
1979 1706 2054 1769 δι’
2103 1709 2416 1785 Ἰοφῶντος
2465 1729 2631 1773 com-

234 1816 475 1904 plures
534 1814 777 1879 fabulas
838 1834 1055 1879 scenae
1109 1816 1433 1879 commisit
1478 1812 1702 1891 (schol.
1751 1812 1909 1877 Ran.
1959 1814 2068 1879 Ar.
2121 1809 2254 1893 78),
2306 1815 2628 1898 Aeschylus

240 1923 331 1988 δι’
404 1924 773 1998 Εὐφορίωνος
852 1926 1124 2006 quatuor
1192 1919 1445 1999 (Suidas
1504 1922 1688 1999 i.v.).
1762 1918 1861 1983 Ad
1923 1920 2042 1984 hoc
2103 1918 2438 1984 artificium
2505 1942 2629 1986 non

240 2034 331 2095 ut
408 2026 778 2093 fallerentur
838 2030 1218 2113 spectatores
1277 2025 1735 2102 recurrebatur,
1799 2025 1913 2089 hos
1975 2028 2146 2091 enim
2209 2047 2330 2090 non
2391 2026 2632 2092 latebat

245 2136 409 2221 quis
470 2154 659 2199 verus
720 2138 899 2218 pater
962 2140 1125 2197 esset
1185 2130 1379 2217 prolis
1426 2130 1800 2196 subditiciae
1819 2179 1835 2208 ,
1883 2131 1989 2196 sed
2041 2137 2115 2195 ut
2159 2128 2412 2218 legibus
2453 2134 2632 2198 satis—

254 2240 450 2306 fieret
468 2260 484 2317 ;
547 2242 616 2303 in
660 2243 1075 2303 monumenta
1120 2242 1338 2302 autem
1385 2236 1642 2323 publica
1687 2258 1811 2301 non
1861 2244 2084 2322 poetae
2131 2258 2362 2303 nomen
2412 2238 2633 2303 refere-

246 2348 454 2413 batur
523 2343 630 2409 sed
692 2347 830 2409 eius
892 2346 995 2408 cui
1060 2343 1287 2407 chorus
1348 2342 1556 2408 fuerat
1617 2363 1964 2408 concessus.
2037 2340 2132 2409 Cf.
2182 2362 2342 2428 quae
2391 2344 2467 2409 de
2514 2344 2630 2409 hac

246 2452 629 2539 quaestione
677 2452 939 2535 exposui
984 2451 1051 2513 in
1098 2447 1408 2514 Mnemos.
1464 2446 1638 2513 1888
1686 2471 1745 2534 p.
1798 2448 1929 2513 252
1955 2470 2088 2533 sqq.

346 2556 685 2647 Euripides
744 2558 952 2642 igitur
1013 2576 1163 2620 cum
1208 2553 1421 2619 sabula
1467 2553 1728 2631 Medea,
1777 2552 2094 2639 praeclaro
2141 2575 2360 2639 opere,
2409 2559 2630 2623 tertias

246 2661 548 2738 tulisset,
597 2661 861 2748 indigne
909 2662 1025 2727 hoc
1073 2661 1278 2727 ferens
1325 2666 1542 2747 postea
1588 2666 1938 2725 correctam
1985 2662 2225 2725 iterum
2269 2666 2632 2745 spectat-ori-

244 2772 379 2837 bus
427 2789 770 2855 proponere
818 2766 1059 2845 voluit,
1107 2766 1645 2853 quemadmodum
1686 2764 2120 2853 Hippolytum
2162 2765 2446 2832 velatum
2488 2775 2630 2854 post

248 2876 505 2962 aliquot
550 2896 743 2939 annos
788 2877 856 2938 in
901 2884 1276 2940 coronatum
1321 2875 1622 2937 mutavit.
1679 2870 1805 2937 Sed
1851 2892 2001 2938 cum
2049 2871 2315 2937 chorum
2360 2874 2427 2938 id
2474 2880 2632 2939 tem-

249 2984 433 3069 poris
494 2988 706 3066 petere
767 3002 891 3046 non
953 2988 1167 3067 posset
1228 2987 1339 3046 aut
1386 2978 1587 3045 nollet
1637 3016 1720 3028 —
1769 2981 1903 3045 sive
1953 2984 2131 3044 extra
2177 2978 2330 3045 fines
2378 2981 2628 3049 Atticae

250 3092 764 3156 commoraretur
830 3090 967 3153 sive
1036 3086 1191 3152 alias
1261 3087 1339 3151 ob
1400 3106 1618 3151 causas
1635 3134 1654 3163 ,
1720 3104 1874 3172 quas
1934 3085 2213 3151 indicare
2274 3085 2458 3151 hodie
2505 3110 2630 3153 non

252 3215 601 3282 possumus
666 3193 775 3259 sed
832 3192 1071 3280 fingere
1135 3192 1318 3258 facile
1364 3198 1460 3258 est
1478 3240 1495 3271 ,
1546 3230 1630 3241 —
1679 3192 2047 3277 Neophroni
2092 3195 2300 3258 nescio
2347 3196 2452 3258 cui
2496 3194 2633 3260 Me-

254 3302 448 3367 deam
509 3319 693 3364 suam
756 3298 1047 3376 tradidit,
1112 3301 1223 3385 qui
1270 3320 1385 3364 suo
1433 3301 1690 3363 nomine
1739 3318 1882 3363 eam
1929 3298 2202 3364 doceret.
2252 3296 2351 3363 Ita
2389 3300 2632 3366 factum

255 3415 356 3473 est
414 3412 488 3471 ut
548 3402 921 3471 Aristoteles
984 3410 1048 3469 et
1094 3403 1514 3470 Dicaearchus
1559 3407 1629 3469 in
1678 3406 2110 3469 monumentis
2158 3402 2430 3489 publicis
2479 3407 2632 3471 Neo-

246 3511 510 3596 phronis
556 3511 831 3574 Medeam
876 3518 1439 3576 commemoratam
1482 3511 1874 3587 invenirent,
1926 3530 2119 3595 quam
2161 3517 2372 3575 tamen
2413 3532 2629 3578 revera

257 3618 528 3684 alteram
587 3616 889 3681 dramatis
948 3616 1281 3703 Euripidei
1341 3637 1475 3681 esse
1536 3615 1881 3682 editionem
1939 3624 2395 3703 perspexerunt
2453 3626 2518 3683 et
2562 3622 2632 3683 in

260 3722 753 3791 Commentariis
796 3726 930 3787 suis
966 3730 1365 3789 annotarunt.
1412 3721 1517 3788 Sic
1556 3725 1753 3789 etiam
1790 3721 2301 3787 Andromacham
2322 3723 2624 3803 fabulam,

262 3851 426 3916 quae
494 3829 756 3895 Medeae
824 3829 1103 3915 aequalis
1170 3830 1297 3895 fere
1360 3829 1485 3894 suit
1503 3878 1520 3906 ,
1580 3832 1651 3894 in
1710 3827 2083 3894 Didascaliis
2131 3849 2256 3894 non
2300 3829 2624 3917 Euripidis

262 3958 496 4003 nomen
540 3935 765 4001 tulisse
811 3934 921 4001 sed
966 3936 1337 4000 Democratie
1374 3936 1706 4001 cuiusdam
1724 3984 1741 4013 ,
1782 3955 1820 3999 a
1858 3955 1984 4020 quo
2025 3956 2242 4001 scenae
2282 3940 2622 4002 commissa

263 4049 430 4110 esset
448 4092 463 4122 ,
527 4039 905 4108 Callimachi
964 4046 1338 4108 auctoritate
1382 4047 1628 4107 constat
1650 4040 1722 4121 1).
1771 4038 1954 4107 Viros
1999 4048 2216 4108 autem
2264 4042 2478 4108 doctos
2525 4066 2626 4109 ne-

334 4252 383 4312 1)
428 4250 585 4301 Schol.
622 4250 731 4299 Vnt.
769 4248 997 4298 Androm.
1034 4248 1156 4297 4462
1193 4243 1453 4308 εἰλικρινῶς
1490 4240 1543 4295 δί
1578 4245 1695 4302 τοὺς
1729 4247 1822 4294 τοῦ
1857 4240 2110 4308 δράματος
2143 4242 2350 4309 χρόνους
2387 4242 2474 4295 οὔκ
2509 4244 2626 4296 ’ἕο-τι

270 4332 455 4395 λαβεῖν,
498 4329 554 4382 οὗ
599 4330 885 4381 δεδίδακται
922 4330 1021 4393 γὰρ
1058 4327 1327 4386 Ἀθήνησιν.
1356 4328 1381 4377 ὁ
1415 4326 1468 4377 32
1504 4327 1843 4391 Καλλίμαχος
1877 4324 2218 4391 ὃπιγραφῆναί
2242 4333 2364 4392 φησι
2400 4331 2464 4393 τῇ
2500 4346 2621 4391 τρα-

267 4410 425 4481 γῳδίᾳ
468 4413 803 4478 Δημοκράτην.
848 4440 912 4452 --
956 4412 1085 4479 Quid
1129 4413 1192 4462 sit
1236 4409 1595 4476 ἐπιγράφεσθαι
1630 4412 1808 4477 optime
1841 4412 2097 4461 ostendunt
2131 4414 2366 4477 Anonym.
2403 4412 2460 4461 de
2493 4413 2638 4465 Com:

270 4494 355 4546 111
388 4500 449 4549 50
482 4502 530 4548 et
562 4498 717 4549 Schol.
756 4498 874 4547 Rau.
910 4496 989 4549 78.
