3192 5009
497 362 630 430 300
1219 380 1303 430 An
1351 379 1606 430 BELLUM
1654 379 2117 430 meun'mmmm.

493 548 614 613 and
677 547 947 635 Madvig
1005 569 1302 633 proposes
1346 556 1412 613 to
1459 551 1623 613 omit
1665 547 1786 613 it''.
1835 547 2095 613 Dietsch
2143 548 2335 612 verba
2371 547 2646 629 peditum
2664 595 2681 623 ‚
2730 545 2875 608 item

492 657 670 719 uncis
714 653 970 719 inclusit
1019 659 1348 739 tamquam
1398 653 1680 720 delenda.

579 759 690 824 Nil
736 767 949 825 tamen
993 759 1378 825 mutandum
1424 767 1540 824 est.
1590 760 1677 823 Et
1724 761 2045 847 sagittarii
2092 764 2156 823 et
2205 758 2552 824 funditores
2587 758 2656 821 in
2696 759 2873 822 auxi-

487 864 724 929 liorum
786 885 1050 929 numero
1111 870 1290 929 erant
1351 863 1617 949 ideoque
1682 867 2027 950 separatim
2074 869 2225 929 sunt
2270 867 2481 949 positi.
2531 863 2628 930 Of.
2679 861 2868 930 Corn.

486 971 698 1056 Nepos
760 969 1010 1036 Datam.
1063 969 1126 1034 8.
1154 970 1228 1034 2;
1297 968 1633 1047 „Habebat
1697 971 2115 1036 barbarorum
2161 974 2455 1055 equitum
2502 969 2650 1047 XX,
2698 969 2873 1055 pedi-

487 1083 627 1140 tum
697 1085 952 1141 centum
1021 1075 1202 1140 milia
1221 1122 1238 1152 ‚
1307 1096 1465 1162 quos
1525 1075 1629 1140 illi
1691 1077 1981 1142 cardacas
2046 1075 2391 1162 appellant,
2456 1075 2867 1160 eiusdemque

483 1185 735 1268 generis
781 1189 892 1263 (sc.
941 1163 1302 1262 cardacum)
1349 1181 1443 1246 111
1489 1181 1671 1247 milia
1717 1182 2188 1248 funditorum’'.

616 1318 793 1384 Scripsi
827 1319 976 1382 Lugd.
1013 1317 1120 1367 But.
1161 1333 1320 1368 mense
1355 1316 1618 1368 Fabi-uario
1654 1319 1801 1368 1892.

1034 1583 1119 1628 An
1164 1581 1625 1631 Ams'rornmm
1667 1583 1847 1632 PAOIS
1892 1584 2147 1632 vassum
2199 1564 2301 1631 18.

571 1716 754 1782 Pacis
815 1716 1064 1781 fabulae
1126 1719 1310 1780 initio
1356 1719 1423 1780 in
1476 1737 1662 1782 scena
1707 1721 2094 1803 conspicitur
2141 1739 2363 1783 servus
2381 1765 2397 1794 ,
2448 1719 2561 1802 qui
2606 1737 2867 1781 summa

479 1828 627 1872 cum
675 1807 1078 1872 festinatione
1124 1814 1366 1872 stercus
1386 1855 1402 1884 ,
1452 1829 1568 1872 ceu
1615 1809 1919 1886 farinam,
1969 1811 2038 1872 in
2083 1808 2263 1874 alveo
2313 1809 2553 1893 depsit‚
2600 1814 2676 1872 ut
2720 1829 2867 1872 can-

483 1900 662 1963 tharo
731 1901 979 1984 ingenti
1002 1948 1019 1976 ,
1090 1919 1282 1984 quem
1353 1897 1649 1964 dominus
1718 1899 1867 1977 alit,
1941 1901 2237 1984 praebeat
2297 1899 2654 1986 prandium.
2728 1897 2861 1962 Ubi

476 1992 760 2076 primum
806 1988 992 2054 offam
1037 1992 1289 2074 paravit
1331 1990 1809 2076 graveolentem
1827 2039 1844 2066 ,
1884 1989 2045 2055 alter
2090 2012 2311 2056 servus
2352 1989 2678 2055 celerrime
2713 2010 2865 2055 eam

477 2081 675 2146 defert
735 2080 813 2146 ad
873 2079 1111 2146 animal
1157 2079 1422 2145 mirifice
1468 2102 1667 2146 vorax
1685 2130 1702 2159 ,
1754 2082 2057 2166 quicquid
2102 2083 2443 2166 apponitur
2487 2083 2709 2145 statim
2757 2080 2865 2144 de-

475 2171 758 2258 glutiens
847 2192 1135 2257 novaque
1205 2191 1457 2256 semper
1523 2179 1848 2257 appetens.
1920 2170 2203 2237 Tandem
2270 2192 2535 2258 pergere
2604 2176 2859 2236 recusat

479 2267 678 2348 pistor
725 2261 1118 2328 exclamans:

1377 2354 1473 2428 a&
1522 2358 1623 2416 τὸν
1670 2354 1963 2419 Ἀπόλλω
2014 2354 2133 2431 ἐγὼ
2182 2356 2293 2431 μὲν
2342 2352 2442 2417 οὔ·

831 2445 898 2508 οὖ
941 2443 1067 2523 γὰρ
1115 2440 1199 2506 ἔθ’
1249 2437 1363 2514 οἶός
1415 2449 1472 2506 τ’
1521 2444 1644 2521 εἴμ’
1694 2444 2010 2526 ὑπερέχειν
2057 2453 2168 2517 τῆς
2214 2446 2497 2512 ἀντλίας.

472 2537 592 2600 Per
653 2536 877 2612 Iovem,
941 2557 1057 2598 non
1118 2534 1376 2615 amplius
1419 2535 1713 2598 sustinere
1744 2558 1988 2617 possum
2016 2537 2321 2621 foetorem
2366 2535 2545 2598 huius
2588 2533 2845 2598 cloacae.

472 2625 595 2695 Cui
641 2626 799 2692 alter
844 2647 1066 2690 servus
1113 2625 1477 2710 respondet:

831 2719 1024 2791 αὐτὴν
1070 2713 1164 2790 ἄρ’
1214 2717 1352 2778 οἴσω
1401 2717 1737 2792 συλλαβὼν
1785 2719 1890 2788 τὴν
1937 2717 2221 2781 ἀντλίκν.

465 2807 792 2873 Ultimum
853 2813 1068 2871 tamen
1124 2806 1318 2870 huius
1362 2806 1661 2872 versiculi
1705 2807 2093 2873 vocabulum
2143 2829 2371 2873 sanum
2418 2828 2554 2872 esse
2599 2811 2849 2892 nequit.

467 2901 634 2965 Nam
693 2900 956 2975 ἀντλία,
1007 2897 1176 2982 quod
1221 2918 1454 2962 nomen
1498 2897 1690 2984 paulo
1734 2898 1998 2964 liberius
2044 2898 2233 2964 modo
2280 2902 2444 2964 verti
2491 2919 2603 2983 per
2631 2898 2844 2982 foeto-

465 3015 619 3068 rem,
670 2990 749 3055 ad
792 2989 1076 3054 litteram
1121 2993 1340 3052 autem
1379 2989 1673 3052 senti-nam
1710 2989 2062 3075 significat,
2102 3011 2230 3055 non
2270 2995 2481 3074 potest
2529 2988 2853 3070 corripi

465 3102 666 3167 neque
715 3080 1043 3165 afferri
1089 3082 1224 3142 sive
1273 3079 1587 3160 apponi.
1636 3079 1971 3145 Praeterea
2012 3080 2359 3145 admodum
2397 3084 2731 3144 invenuste
2772 3082 2847 3142 in

463 3172 727 3238 eandem
774 3191 998 3235 vocem
1037 3170 1333 3234 desinunt
1373 3171 1499 3235 duo
1539 3173 1819 3235 trimetri
1856 3171 2147 3256 deinceps
2186 3175 2399 3256 positi.
2450 3169 2849 3256 Quapropter

460 3263 624 3327 illud
673 3263 1022 3326 ἀντλίαν
1069 3263 1267 3326 errori
1306 3260 1518 3326 deberi
1555 3269 1847 3346 apparet,
1897 3263 2333 3344 repetitum
2380 3265 2553 3327 enim
2594 3281 2726 3326 esse
2764 3281 2847 3324 ex

460 3375 648 3419 versu
685 3351 1102 3438 praecedenti.
1150 3351 1488 3414 Esco-idib
1524 3354 1731 3438 igitur
1766 3352 2151 3418 vocabulum
2191 3353 2357 3438 quod
2387 3352 2845 3436 Aristophanes

461 3448 814 3529 scripserat.
882 3441 1065 3521 Quod
1111 3441 1295 3526 quale
1341 3442 1534 3506 fuerit
1581 3463 1975 3528 quamquam
2020 3465 2053 3509 e
2101 3443 2335 3508 litteris
2384 3443 2634 3507 traditis
2680 3442 2843 3506 effici

459 3537 711 3619 nequit,
761 3533 932 3597 haud
979 3531 1232 3597 difficile
1279 3537 1493 3597 tamen
1537 3535 1803 3597 inventu
1842 3535 2131 3599 arbitror.
2181 3533 2402 3600 Dicere
2440 3536 2615 3599 enim
2654 3532 2841 3598 debet

459 3644 713 3690 servus:
757 3623 1034 3708 quoniam
1071 3631 1136 3685 tu
1175 3623 1577 3687 molestissimo
1604 3623 1927 3705 peniculo-s·
1963 3625 2308 3707 apparendi
2340 3625 2533 3689 labori
2555 3625 2842 3705 imparem

460 3726 516 3779 te
562 3715 717 3778 dicis
734 3763 750 3791 ,
800 3737 901 3794 eqo
951 3721 1130 3777 totum
1176 3714 1361 3776 simul
1394 3714 1659 3792 alveum,
1710 3715 1777 3776 in
1814 3737 1927 3799 quo
1955 3717 2208 3797 polenta
2249 3716 2359 3778 tibi
2385 3715 2691 3798 pin-reuda
2729 3722 2839 3792 eet,

458 3808 742 3870 cantharo
791 3827 1100 3887 apponam.
1149 3801 1582 3870 Commodum
1629 3811 1846 3870 autem
1894 3806 2297 3871 recordamur
2341 3809 2665 3872 notissimi
2702 3826 2845 3870 ver-

459 3897 646 3962 siculi
691 3895 874 3976 (Ran.
929 3892 1162 3974 1159):

814 3991 1039 4064 χρῆσον
1089 3985 1163 4047 σὺ
1211 3986 1517 4065 μάκτραν,
1569 3987 1618 4050 εἰ
1668 3987 1728 4051 δὲ
1776 3987 1990 4062 βούλει
2041 3987 2354 4066 κάρδοπον,

457 4086 521 4144 et
571 4078 741 4142 haud
790 4083 1160 4141 cunctanter
1207 4075 1617 4162 supplemus:

823 4169 1012 4236 αὐτὴν
1063 4165 1157 4243 ἄρ’
1203 4169 1341 4230 οἴσω
1391 4167 1725 4242 συλλαβὼν
1773 4171 1882 4239 τὴν
1928 4167 2347 4247 (κάρδοπον).

453 4258 649 4344 quue
709 4258 874 4344 legit
925 4257 1081 4322 olim
1125 4261 1586 4344 grammaticus
1632 4261 1736 4322 cui
1786 4258 2051 4324 debetur
2094 4259 2393 4326 Scholion
2438 4259 2667 4324 codicis
2714 4257 2838 4324 Ra-

452 4353 780 4415 vennatis:
845 4349 978 4414 ἆντὶ
1045 4353 1149 4412 τοῦ
1199 4351 1337 4422 τὴν
1383 4348 1730 4428 σκάφην.
1781 4355 1993 4413 ταῦτα
2042 4351 2095 4415 δ’
2144 4352 2323 4415 εἰπὼν
2370 4349 2693 4430 προσφέρει
2743 4351 2832 4414 τὸ

455 4443 814 4520 ἀγγεῖον
865 4437 1003 4504 ἔνθα
1054 4438 1276 4520 ἐφύροι.
2271 4441 2330 4507 J.
2371 4459 2432 4508 V.
2481 4441 2554 4505 L.
2602 4439 2659 4504 J.
2686 4457 2744 4504 r.
