3192 5009
1172 238 1619 289 nmmo-mnus.
2449 220 2580 289 -1'75

1961 405 2114 479 ἡνίκ’
2163 403 2444 481 ἔπεμπεν

320 509 381 573 τὸ
420 507 609 587 κράνος
659 514 891 586 πρῶτον
937 508 1411 591 περιδησάμενος
1447 509 1493 589 ¹)
1543 509 1648 572 τὸν
1693 508 1886 590 λόΦον
1935 511 2163 586 ἤμελλ’
2211 512 2532 586 ἐπιθήσειν.

242 612 601 698 Quamquam
647 634 868 680 omnes
912 617 1007 680 ita
1050 613 1422 700 loquuntur,
1460 621 1525 679 et
1563 617 1702 700 ipse
1742 615 2120 682 Aristoteles
2158 620 2226 682 in
2264 617 2384 683 hoc
2421 616 2583 683 libro

242 740 356 806 cap.
400 719 475 786 57
522 725 769 796 πομπὴν
823 731 983 801 κοινῇ
1032 722 1400 797 πέμπουσιν.

315 925 449 1014 Cap.
494 926 598 992 22.
663 925 983 991 Archonte
1044 924 1335 990 Telesino
1354 973 1370 1002 ,
1435 926 1548 1010 qui
1609 945 1772 990 anno
1839 921 1968 990 48¹7
2021 927 2177 1010 reip.
2226 925 2576 1011 praefuisse

236 1033 471 1111 videtur,
532 1071 617 1081 —
681 1054 834 1098 nam
903 1053 1133 1097 nomen
1204 1033 1341 1096 eius
1414 1030 1672 1096 aliunde
1739 1052 1869 1096 non
1937 1036 2034 1096 est
2105 1036 2334 1096 notum
2362 1029 2437 1112 ⁹),
2494 1070 2580 1081 —-

238 1139 609 1204 Athenienses
658 1140 1053 1215 ἐκυοὶμευσαν
1102 1138 1242 1210 τοὺς
1292 1137 1461 1202 ἐννέα
1510 1135 1823 1218 ἄρχοντας
1873 1137 2046 1202 κατὰ
2096 1139 2310 1218 Φυλοὶς
2355 1141 2422 1202 ἐκ
2464 1147 2580 1204 τῶν

242 1245 615 1326 προκριθέντων
657 1247 772 1310 ὑπὸ
811 1251 928 1308 τῶν
968 1243 1243 1319 δημοτῶν
1284 1246 1699 1307 πεντακοσίων
1738 1251 1862 1312 τοῖς
1906 1245 2076 1320 μετὰ
2119 1245 2227 1317 την
2253 1245 2581 1320 τυραννίδα

240 1358 447 1427 πρῶτον.
507 1351 714 1418 Verba
773 1352 929 1416 haec
974 1355 1125 1415 sunt
1170 1352 1304 1414 sine
1351 1369 1558 1413 sensu.
1609 1348 1686 1412 In
1733 1348 2045 1436 eligendis
2093 1350 2444 1417 candidatis
2494 1389 2578 1400 -—

240 1478 361 1521 nam
400 1458 461 1522 hi
504 1465 657 1523 sunt
706 1461 757 1522 οί
807 1458 1105 1537 πρόκριτοι
1155 1459 1289 1521 sive
1337 1457 1387 1520 οἱ
1440 1455 1884 1535 προκριθέντες,
1937 1478 2015 1522 ex
2065 1457 2297 1542 quibus
2345 1479 2584 1523 novem

240 1565 523 1630 archontes
584 1573 755 1630 sorte
818 1565 1237 1650 designantur
1284 1601 1369 1612 —
1416 1571 1541 1634 τοῖς
1612 1563 1908 1638 δημόταις
1960 1561 2178 1628 nullus
2225 1569 2323 1629 est
2367 1563 2579 1644 locus;

244 1669 559 1736 candidatos
606 1679 828 1736 autem
875 1674 1212 1748 προύκρινεν
1254 1670 1337 1740 εἷς
1380 1670 1519 1740 τοὺς
1565 1670 1735 1732 ἐννέα
1779 1667 2089 1748 ἄρχοντας
2132 1668 2366 1744 ἑκάστη
2409 1671 2582 1750 Φυλη

244 1775 362 1840 δέκα
402 1785 475 1858 (c.
524 1777 615 1860 8),
665 1787 895 1842 centum
941 1778 1167 1862 igitur,
1217 1796 1343 1839 non
1390 1761 1702 1860 q‘uinqenbi
1747 1782 1928 1840 erant
1972 1778 2141 1840 inter
2186 1796 2345 1861 quos
2393 1776 2584 1842 fiebat

245 1887 447 1949 sortitio
462 1905 477 1962 ;
534 1884 805 1969 denique
866 1882 1029 1948 nihil
1088 1883 1346 1947 omnino
1408 1881 1728 1968 significat
1773 1880 2083 1946 articulus
2128 1890 2276 1954 τοῖς.
2343 1881 2585 1969 Legen-

248 1988 369 2053 dum
411 1998 531 2056 est:

314 2097 682 2174 ἐκυιὲμευσαν
731 2096 869 2167 τοὺς
919 2095 1088 2161 ἐννέα
1136 2092 1451 2176 ἄρχοντας
1499 2094 1670 2159 κατὰ
1719 2096 1933 2175 Φυλιὶς
1986 2095 2053 2159 ἐκ
2102 2101 2218 2158 τῶν
2254 2095 2582 2174 προκριθέν-

250 2225 335 2264 των
375 2205 477 2268 ὑπὸ
524 2209 660 2269 τοῦ
710 2204 961 2278 δήμου
1010 2201 1822 2276 πεντακοσιομεδίμνων
1869 2200 2060 2265 τότε
2107 2203 2276 2276 μετὰ
2325 2207 2435 2273 τὴν
2483 2226 2584 2266 τυ-

250 2311 443 2382 ραννίδα
490 2319 742 2388 πρῶτον.
792 2310 927 2373 Hoc
972 2331 1129 2372 anno
1164 2309 1431 2392 primum
1466 2315 1612 2390 post
1657 2309 1868 2372 eiectos
1916 2316 2200 2392 tyrannos
2239 2309 2356 2372 rite
2398 2309 2585 2372 creati

250 2423 355 2476 unt
392 2417 786 2496 maqistratuc.
840 2415 939 2479 Ex
986 2417 1233 2500 primae
1281 2413 1499 2479 classis
1546 2413 1797 2478 civibus
1845 2414 2174 2479 archontes
2222 2420 2374 2480 tunc
2423 2421 2585 2480 tem-

252 2525 383 2602 poris
438 2529 675 2590 creatos
724 2544 859 2587 esse
908 2524 1018 2587 vix
1068 2528 1163 2586 est
1211 2521 1378 2607 quod
1418 2541 1716 2584 moneam
1737 2569 1752 2596 ,
1802 2520 2055 2585 disertis
2102 2527 2322 2585 autem
2365 2522 2580 2586 verbis

252 2625 299 2688 id
334 2627 467 2693 dicit
507 2627 888 2694 Aristoteles
934 2649 987 2692 c.
1042 2626 1077 2693 7
1128 2634 1195 2692 et
1241 2626 1283 2692 8
1332 2633 1507 2714 (pag.
1564 2625 1645 2689 19
1697 2631 1762 2691 et
1809 2625 1945 2706 22).

318 2732 435 2798 Non
476 2735 741 2800 ultimas
786 2734 896 2800 sed
934 2736 1175 2819 primas
1210 2733 1490 2820 syllabas
1530 2735 1752 2796 amisit
1789 2754 2022 2798 nomen
2059 2734 2388 2799 numerale
2414 2734 2585 2819 quod

254 2835 445 2924 legitur
486 2863 621 2928 cap.
676 2841 795 2919 355
850 2843 1121 2927 triginta
1166 2843 1291 2904 viri
1332 2845 1630 2904 senatum
1665 2845 1732 2903 et
1769 2842 2189 2926 magistratus
2228 2842 2586 2905 instituisse

256 2941 499 3012 dicuntur
544 2951 612 3012 ἐκ
663 2949 987 3027 προκρίτων
1040 2946 1107 3010 ἐκ
1154 2953 1270 3009 τῶν
1317 2946 1636 3024 χιλίων.
1689 2943 2067 3031 Legendum
2114 2967 2250 3011 esse
2300 2969 2584 3010 πεντα-

258 3055 563 3133 κισχιλίων
613 3055 799 3119 docet
842 3054 1109 3118 historia
1126 3072 1141 3129 ;
1191 3051 1487 3117 confusae
1536 3071 1672 3116 esse
1720 3051 2020 3116 videntur
2065 3059 2250 3117 notae
2284 3047 2368 3126 134]
2405 3056 2469 3117 et
2510 3062 2582 3116 X.

321 3265 448 3356 Cap.
494 3271 601 3336 26.
668 3271 811 3338 Non
875 3278 949 3336 ut
996 3275 1313 3359 corrigam
1360 3271 1469 3336 sed
1516 3277 1593 3334 ut
1642 3270 1978 3336 defendam
2025 3268 2212 3336 affero
2257 3270 2452 3335 verba
2500 3269 2584 3334 τὰ

261 3373 341 3443 μὲν
390 3375 475 3442 οὖν
522 3377 697 3442 ἄλλα
748 3379 958 3443 πάντα
1009 3376 1247 3458 διῴκουν
1296 3379 1415 3459 οὐχ
1462 3378 1674 3452 ὁμοίως
1726 3376 1830 3439 καὶ
1883 3377 2164 3454 πρότερον
2209 3384 2334 3446 τοῖς
2385 3377 2584 3452 νόμοις

261 3485 627 3568 προσέχοντες,
686 3487 796 3557 την
857 3484 919 3550 δὲ
980 3490 1095 3547 τῶν
1157 3483 1324 3547 ἐννέα
1375 3485 1687 3561 ἀρχόντων
1737 3479 1960 3561 αἵρεσιν
2010 3483 2116 3546 οὐκ
2168 3483 2413 3546 ἐκίνουν.
2463 3481 2586 3547 De—

262 3581 461 3654 lcndam
519 3613 653 3657 esse
716 3593 1123 3678 negationem
1187 3592 1306 3670 οὖχ
1372 3589 1696 3654 contendit
1751 3591 1854 3654 vir
1903 3589 1961 3653 d.
2012 3587 2211 3654 Wrsn
2231 3637 2246 3666 ‚
2298 3591 2410 3673 qui
2459 3588 2585 3653 edi-

264 3695 378 3758 toris
431 3719 657 3764 errores
720 3701 947 3763 acriter
1008 3699 1351 3784 castigavit
1416 3701 1481 3762 et
1547 3694 1878 3781 complura
1934 3694 2165 3760 melius
2213 3697 2547 3760 constituit
2564 3744 2580 3773 ,

262 3795 349 3862 hoc
386 3809 579 3871 tamen
625 3804 760 3870 loco
806 3808 943 3890 ipse
979 3805 1346 3869 humaniter
1383 3801 1601 3888 lapsus
1623 3849 1640 3880 ‚
1683 3822 1832 3866 nam
1875 3804 2288 3865 sanissimum
2329 3809 2425 3865 est
2461 3802 2583 3880 οὐχ

314 4023 350 4080 l)
378 4025 485 4076 One
513 4028 675 4078 credas
710 4026 893 4076 Kockio
927 4022 1317 4090 περιπηξάμενος
1351 4021 1612 4086 corrigenti
1648 4020 1985 4070 infelicissime.

315 4104 356 4166 2)
386 4109 659 4159 Archontum
703 4123 1047 4174 eponymornm
1082 4107 1275 4156 nomina
1313 4104 1511 4153 antehac
1544 4104 1711 4167 ignota
1745 4107 1858 4151 sunt
1890 4119 1931 4150 c.
1968 4104 2000 4150 4
2035 4100 2397 4150 Aristaenum
2432 4101 2583 4165 (circa

268 4197 401 4237 annum
439 4191 559 4254 620),
608 4209 649 4241 c.
702 4193 759 4240 13
810 4190 1063 4239 Dama-riae
1104 4195 1361 4248 (annorum
1400 4187 1492 4235 581
1529 4190 1577 4234 et
1616 4187 1752 4244 580),
1800 4201 1839 4233 c.
1880 4185 1944 4232 14
1997 4181 2227 4246 Heqem‘as
2274 4184 2408 4242 (anni
2446 4187 2582 4248 555),

270 4279 289 4310 e
324 4267 367 4318 Π
398 4273 635 4323 Philonem
666 4273 805 4334 (anni
842 4271 979 4336 527),
1026 4287 1066 4319 c.
1104 4270 1167 4319 19
1206 4267 1534 4333 Harpactu'des
1568 4267 1700 4326 (anni
1737 4267 1872 4326 511),
1921 4279 1960 4313 c.
1999 4265 2064 4313 22
2101 4265 2418 4314 Her-mucram·
2452 4267 2583 4326 (anni

274 4349 374 4412 ⁵⁰1).
410 4351 630 4405 Telesina
660 4355 793 4417 (anni
827 4354 925 4405 487
940 4357 1000 4414 P),
1046 4352 1355 4416 Hypsicleides
1390 4350 1527 4415 (anni
1560 4350 1696 4410 481).
