3192 5009
614 246 749 315 210
1599 264 1999 315 Amnnmus.

612 438 773 512 μόνῳ
821 434 898 497 δὲ
945 434 1049 497 οὐκ
1096 434 1219 511 ἔφη
1267 434 1586 513 προσήκειν
1634 433 1767 512 περὶ
1813 440 2105 509 μουσικῆς
2155 440 2394 509 λαλεῖν,
2445 430 2505 502 ὅς
2557 456 2674 511 γε,
2727 434 2892 511 ἔφη,
2929 432 2992 497 τὸ

612 540 1038 618 ἀμουσότατον
1084 546 1199 602 τῶν
1248 537 1559 615 ὀνομάτων
1610 537 1792 603 εἵλου.
1844 537 2084 604 Vocula
2132 538 2196 603 δὲ
2243 546 2358 605 aut
2404 538 2666 604 delenda
2703 546 2825 604 aut
2862 560 2996 603 mu·

609 647 802 712 tanda
861 648 928 709 in
991 646 1098 722 δή,
1164 645 1273 709 sed
1335 643 1530 723 μόνῳ,
1592 648 1663 709 in
1711 665 1834 731 quo
1883 645 2139 711 haerere
2187 645 2444 709 videtur
2489 645 2715 722 editor,
2768 666 2994 709 sanum

608 758 724 819 est.
774 752 974 837 Saepe
1020 753 1193 815 enim
1240 749 1419 826 μόνος
1470 771 1622 815 oum
1667 754 2160 837 exaggeratione
2209 750 2485 836 quadam
2531 747 2779 817 Graece
2819 772 2995 815 usur-

607 865 798 945 patur
868 878 982 943 pro
1051 852 1248 920 ἄλλον
1319 860 1567 931 μᾶλλον
1629 862 1742 920 aut
1805 862 2106 941 sequente
2169 858 2506 943 negatione
2564 878 2682 942 pro
2731 854 2912 931 ἦττον
2961 856 2990 929 ἢ

608 964 801 1035 ἄλλος
854 986 903 1027 8.
953 961 1198 1026 πάντων
1249 958 1494 1036 ἥκιστα.
1552 963 1632 1025 Te
1679 984 1814 1025 vero
1861 962 2114 1025 omnium
2159 962 2398 1025 minime
2443 965 2608 1026 decet
2651 965 2727 1027 de
2775 946 2995 1025 {nasim

608 1070 800 1154 loqui,
866 1068 969 1154 qui
1031 1073 1179 1133 cett.
1252 1066 1429 1132 Salse
1492 1065 1656 1132 εἵλου
1719 1066 1966 1132 dictum
2029 1088 2144 1154 pro
2207 1065 2478 1147 ἔλαχες,
2529 1070 2714 1153 quasi
2763 1088 2992 1133 nomen

606 1176 685 1241 ab
733 1176 937 1260 ipsius
982 1177 1240 1259 optione
1286 1174 1608 1259 penderet.

697 1303 757 1366 p.
809 1278 961 1357 351,
988 1301 1042 1345 e.
1106 1281 1166 1343 ἐν
1228 1282 1559 1361 Μαρωνείᾳ.
1622 1279 2064 1357 δὲσυμπίνων
2115 1280 2272 1345 τισὶν
2321 1282 2542 1345 ἐθέλειν
2591 1279 2715 1359 ἔφη
2767 1287 2988 1357 γνῶναι

603 1389 775 1451 κατὰ
837 1389 978 1451 τίνα
1046 1386 1229 1452 τόπον
1280 1386 1407 1449 ε’στ)
1461 1394 1569 1459 τῆς
1619 1386 1902 1469 Πόλεως,
1950 1386 2056 1451 ἐὰν
2107 1387 2682 1464 κατακαλύψαντες
2735 1384 2989 1466 ἄγωσιν.

605 1490 709 1557 εἷθ’
746 1494 821 1562 ὦς
865 1488 1011 1569 ἦγον
1052 1492 1154 1555 κα)
1200 1492 1451 1569 ἠρώτων,
1496 1492 1683 1555 ’κατὰ
1726 1490 1795 1554 τὸ
1838 1498 2215 1569 καπηλεῖον’,
2258 1489 2403 1570 ἔφη,
2429 1490 2520 1557 ὅτι
2564 1502 2986 1567 καπηλεῖα

604 1598 792 1663 ἐδόκει
838 1593 991 1662 εἶναι
1042 1600 1073 1671 ἦ
1124 1596 1473 1675 Μαρώνεια.
1523 1596 1758 1662 Vereor
1802 1602 1878 1661 ut
1915 1598 2185 1663 sufficiat
2223 1617 2374 1663 oum
2411 1598 2654 1664 editore
2675 1600 2986 1683 corrigere

605 1703 959 1781 καπηλεία,
1007 1708 1072 1767 et
1120 1705 1499 1767 sententiam
1539 1706 1860 1787 requirere
1901 1710 2056 1789 puto
2098 1713 2556 1779 καπηλεῖον
2595 1708 2683 1783 α’,
2721 1708 2769 1769 i.
2797 1726 2852 1769 e.
2895 1702 2982 1766 ἕν.

602 1810 907 1875 Maronea
951 1829 1079 1873 una
1124 1814 1414 1895 (magna)
1462 1830 1752 1894 caupona
1800 1810 2141 1875 videbatur
2183 1809 2563 1877 StratonicO.

694 1938 757 2001 p.
809 1914 961 1993 360,
989 1935 1046 1979 a.
1095 1920 1219 1994 (vs.
1274 1914 1385 1993 15)

966 2022 1088 2099 ἐγὼ
1139 2020 1192 2083 δ’
1241 2016 1376 2084 ὅκου
1426 2020 1605 2093 πόδες
1657 2020 1958 2099 Φέρουσιν,
2011 2022 2491 2100 ὃΦθαλμοὺς

964 2124 1314 2201 ἀμείβομαι
1367 2126 1646 2205 Μούσῃσι
1698 2128 1839 2206 πρὸς
1892 2127 2092 2207 θύοιμ’
2142 2128 2302 2211 ᾄδων
2351 2130 2478 2192 κτὲ.

602 2233 737 2299 Sub
784 2232 1146 2313 ὀφθαλμοὺς
1196 2230 1393 2296 latere
1441 2232 1832 2297 adieetivum
1880 2233 1959 2299 ad
1996 2234 2275 2315 Μούσῃσι
2313 2255 2462 2299 vere
2498 2240 2724 2299 monet
2761 2232 2976 2297 editor.

603 2338 897 2407 Conieci:
974 2338 1095 2414 ἐγὼ
1140 2336 1193 2401 δ’
1244 2333 1365 2401 ὅκοι
1415 2338 1595 2408 πόδες
1643 2338 1902 2417 Φέρωσιν
1942 2338 2188 2423 (ng.),
2237 2341 2664 2416 α’ψοὶλμοις

812 2432 821 2438 ’
965 2443 1320 2519 ἀμείβομαι
1370 2443 1721 2521 μούσῃσι
1771 2442 1960 2520 πρὸς
2008 2444 2210 2525 θύρῃσ’
2258 2445 2439 2527 ᾅδων.

602 2550 849 2636 Quippe
896 2550 947 2613 οἱ
994 2550 1341 2627 ἀγείροντες
1392 2558 1469 2629 τῇ
1518 2549 1732 2627 κορώνῃ
1775 2552 2222 2615 instrumentis
2271 2572 2398 2615 non
2442 2551 2816 2626 utebantur,
2877 2546 2976 2611 sed

601 2678 741 2722 assa
786 2676 943 2721 voce
990 2655 1351 2720 cantabant.

692 2785 752 2848 p.
805 2760 957 2839 361,
984 2782 1039 2825 a.
1092 2760 1506 2831 ὑπόσπονδος
1558 2758 2048 2837 ὑπεξελθεῖν
2093 2760 2276 2839 ἀξιῶν
2318 2762 2488 2838 μετὰ
2513 2764 2630 2825 τῶν
2655 2761 2770 2825 σὺν
2793 2760 2969 2836 αὐτῷ.

598 2867 780 2934 Nihil
823 2866 1032 2932 hercle
1078 2887 1237 2951 opus
1284 2872 1381 2931 est
1426 2875 1548 2937 τοῖς
1605 2867 1997 2939 ὑποσπόνδοις
2047 2868 2200 2931 clam
2247 2868 2430 2931 exire.
2490 2865 2758 2954 Cori-ige
2805 2864 2972 2931 sodes

600 2972 965 3051 ἐξελθεῖν
987 3022 1001 3049 ,
1065 2976 1171 3038 oui
1232 2973 1425 3037 verbo
1489 2976 1875 3058 praepositio
1937 2994 2147 3039 errore
2195 2974 2481 3039 adhaesit
2529 2995 2563 3038 e
2613 2990 2970 3059 praegresso

598 3078 927 3148 vocabulo,

688 3210 751 3272 p.
802 3183 953 3261 366,
982 3206 1035 3247 e.
1082 3182 1195 3262 (23
1222 3188 1383 3269 sqq.)
1445 3183 1520 3247 In
1566 3184 1908 3250 insanabfli
1952 3186 2354 3249 ΑΝΤΙΡΗΛΝΙΒ
2399 3184 2765 3271 fragmento
2811 3180 2968 3249 male

598 3290 873 3355 admissa
932 3287 1191 3352 videtur
1238 3288 1792 3375 Schweighaiiseri
1838 3293 2200 3356 coniectura
2247 3288 2379 3366 ἦδος
2401 3340 2418 3369 ,
2468 3312 2594 3376 qua
2639 3290 2971 3356 Homerica

595 3417 752 3462 voce
796 3402 1053 3481 poetam
1100 3396 1419 3458 comicum
1466 3416 1661 3459 usum
1709 3416 1845 3461 esse
1892 3417 1929 3460 a
1975 3396 2421 3481 probabilitate
2468 3398 2788 3463 abhorret.

688 3525 750 3588 p.
802 3501 955 3577 405,
984 3501 1044 3565 d.
1095 3504 1215 3578 (ve.
1268 3499 1381 3579 41)
1665 3484 1670 3489 ⁸

959 3605 1028 3683 ἐξ
1073 3607 1335 3677 ἀντλίας
1388 3604 1608 3680 ἥκοντα
1657 3608 1761 3673 καὶ
1809 3608 2066 3685 γέμοντ’
2116 3610 2206 3673 ἔτι

959 3719 1345 3790 Φορτηγικῶν
1394 3738 1495 3789 μοι
1541 3714 1889 3793 βρωμάτων
1939 3717 2342 3792 ἀγωνίαις

956 3820 1123 3899 τήμῇ·
1172 3822 1399 3894 ποιήσω
1451 3820 1751 3884 νυστάσαι
1802 3822 2116 3903 παροψίδι.

594 3929 717 3992 Ρ1·ο
755 3926 1050 4003 ironiae-⁶,-
1095 3922 1278 3989 Koek
1324 3929 1562 4012 recepit
1607 3926 1909 3992 Fritschii
1957 3930 2387 3993 coniecturam
2435 3928 2776 4010 κάγωνίας,
2815 3942 2960 4010 quae

595 4042 659 4100 et
716 4054 831 4118 per
890 4053 957 4096 se
1018 4030 1158 4096 loco
1206 4034 1423 4097 minus
1473 4036 1767 4097 convenit
1817 4040 1882 4098 et
1928 4037 2140 4098 nautis
2188 4030 2448 4100 Graecis
2493 4036 2778 4121 aspergit
2819 4030 2962 4097 infa-

592 4142 813 4205 miam.
863 4136 1257 4223 Expectatur
1302 4142 1517 4224 potius
1566 4139 1888 4212 ἀηδίας.
2989 4207 2997 4215 ,

684 4266 747 4329 p.
799 4242 953 4322 412,
978 4265 1031 4308 e.
1082 4243 1158 4308 In
1202 4244 1527 4311 Posnm’m
1572 4249 2042 4331 epigrammate
2089 4249 2337 4333 primus
2385 4267 2606 4311 versus
2653 4249 2746 4312 sie
2789 4242 2960 4309 corri-

590 4351 839 4441 gendus
883 4350 1181 4416 videtur:
