3192 5009
481 291 614 358 372
1293 312 1376 358 nn
1420 311 1690 360 ‘tumus
1736 313 2036 361 nomme.

479 481 673 561 caput
733 475 1070 540 dicimus”.
1136 473 1370 541 Olenus
1429 478 1663 562 igitur,
1714 483 1789 540 ut
1838 483 2053 563 posset
2100 477 2331 562 legatis
2376 480 2701 562 imponere
2720 523 2735 550 ,
2788 478 2863 538 in

480 602 554 646 eo
596 580 736 646 loco
783 581 895 645 ubi
939 602 1089 646 cum
1136 583 1225 646 eis
1271 582 1504 668 agebat
1547 582 1777 668 templi
1814 585 2168 669 imaginem
2210 583 2411 648 facere
2452 581 2751 648 debuerat
2782 579 2861 662 ι).

481 686 806 767 Quomodo
852 689 970 752 hoc
1015 688 1263 765 fecerit,
1313 689 1411 752 his
1459 689 1669 754 verbis
1713 710 1751 753 a
1798 689 2008 754 Plim'o
2055 697 2382 755 narratur:

569 793 734 859 Plin.
761 818 822 858 n.
849 795 913 858 h.
942 793 1050 858 28.
1083 792 1201 858 15:
1273 794 1549 872 „Olenus
1580 845 1593 859 .
1625 844 1685 860 ..
1751 796 1819 861 id
1865 799 1934 860 in
1981 817 2167 861 suam
2210 803 2471 883 gentem
2521 795 2865 860 transferre

479 903 822 986 temptavit
889 902 1165 984 scipione
1235 899 1655 966 determinata
1715 904 1893 988 prius
1956 901 2185 988 templi
2246 905 2529 988 imagine
2591 904 2657 964 in
2720 898 2864 964 solo

479 1015 625 1072 ante
672 1029 737 1072 se
768 1055 781 1071 .
818 1056 832 1070 .
862 1006 921 1070 .'’

566 1112 756 1200 Apud
818 1112 1202 1199 Dionysium
1258 1135 1408 1178 vero
1470 1112 1557 1192 (4.
1589 1112 1701 1194 60)
1765 1114 1937 1180 filius
1998 1115 2349 1200 haruspicis
2408 1113 2617 1178 multo
2678 1131 2866 1176 accu-

476 1222 678 1285 ratius
721 1219 954 1305 legatis
999 1222 1260 1305 exponit
1307 1218 1625 1305 quomodo
1672 1226 1852 1305 pater
1898 1223 2250 1308 imaginem
2290 1242 2327 1286 a
2366 1242 2433 1285 se
2474 1219 2867 1304 descripta-m

475 1327 1016 1392 determinaturus
1072 1329 1157 1390 sit
1174 1375 1192 1404 ,
1259 1347 1384 1391 non
1445 1326 1656 1392 solum
1718 1329 2085 1414 regionibus
2148 1330 2335 1392 rectis
2398 1331 2499 1406 (ut
2546 1331 2642 1390 est
2682 1321 2863 1408 apud

474 1432 828 1508 Plinium),
879 1431 990 1497 sed
1035 1434 1231 1496 etiam
1279 1434 1651 1520 regionibus
1698 1432 1892 1497 caeli:

571 1539 980 1618 ,περιγράψει
1032 1541 1114 1619 τῷ
1164 1540 1433 1614 σκήπωνι
1483 1548 1593 1613 τῆς
1643 1546 1761 1616 γῆς
1811 1538 1987 1616 μέρος
2038 1538 2170 1604 ὅσον
2218 1541 2287 1614 δή
2335 1561 2431 1603 τι·
2483 1539 2667 1603 ἔπειθ’
2710 1536 2865 1610 ὑμῖν

479 1647 623 1725 ἐρεῖ,
701 1652 758 1708 T
764 1644 888 1708 ουτ)
962 1643 1076 1721 μέν
1137 1646 1302 1708 ἐστιν
1365 1645 1394 1708 ὅ
1455 1647 1771 1723 Ταρπήιος
1833 1644 2057 1730 λόφος,
2110 1645 2284 1726 μέρος
2333 1646 2395 1709 δὲ
2448 1647 2637 1708 αὐτοῦ
2684 1645 2861 1708 τουτὶ

477 1750 591 1830 μὲν
655 1754 724 1816 τὸ
771 1752 916 1830 πρὸς
966 1751 1084 1820 τὰς
1135 1751 1450 1822 ἀνατολὰς
1499 1751 1757 1828 βλέπον,
1808 1751 1974 1816 τουτὶ
2025 1753 2088 1816 δὲ
2134 1753 2203 1817 τὸ
2251 1751 2393 1828 πρὸς
2448 1751 2564 1821 τὰς
2614 1751 2819 1819 δύσεις
2843 1797 2861 1826 ,

475 1857 706 1939 βόρειον
769 1857 832 1920 δὲ
891 1859 1082 1921 αὐτοῦ
1147 1857 1284 1921 τάδε
1349 1859 1452 1920 καὶ
1521 1858 1867 1922 τούναντίον
1914 1859 2119 1924 νότιον.
2170 1863 2401 1923 Ταῦτα
2450 1859 2533 1937 τῷ
2583 1861 2861 1931 σκήπωνι

477 1966 706 2036 δεικνὺς
756 1964 1053 2027 πεύσεται
1103 1977 1287 2028 xxx-J..

567 2069 932 2136 Secundum
968 2070 1354 2156 Dionysium
1391 2073 1600 2157 igitur
1641 2075 1836 2137 etiam
1876 2074 2095 2159 imago
2134 2072 2360 2157 templi
2378 2121 2395 2150 ,
2425 2072 2611 2137 lineis
2633 2071 2865 2137 adum-

478 2179 660 2243 brata
676 2226 691 2253 ,
757 2178 1217 2243 determinatur
1262 2178 1599 2259 reqionibus
1639 2179 1793 2240 caebi
1812 2227 1828 2255 ‚
1880 2199 2040 2262 quae
2086 2180 2297 2244 verbis
2344 2178 2705 2243 indicantur
2722 2226 2739 2254 ,
2792 2185 2865 2242 et

477 2285 596 2350 hoc
655 2305 838 2370 saepe
903 2284 976 2348 fit
1036 2305 1188 2349 cum
1249 2283 1492 2369 templa
1557 2285 2083 2351 determinentur.
2150 2285 2275 2350 Sed
2337 2305 2726 2371 quamquam
2778 2284 2865 2348 de

477 2389 936 2476 significatione
985 2392 1279 2454 universa
1323 2389 1500 2454 illius
1547 2390 1858 2456 formulae
1906 2391 2187 2457 dubitari
2225 2412 2349 2456 non
2387 2397 2629 2478 potest,
2671 2410 2868 2475 quae-

477 2499 642 2560 ritur
706 2504 918 2561 tamen
981 2499 1177 2560 etiam
1225 2503 1448 2560 utrum
1493 2498 1561 2560 in
1610 2517 1682 2561 ea
1727 2497 2113 2562 vocabulum
2160 2500 2375 2583 ipsum
2420 2497 2687 2578 reqiones
2730 2499 2867 2582 sig·-

479 2602 690 2667 nificet
751 2603 945 2665 bineae
1005 2609 1198 2665 rectas
1247 2623 1327 2666 an
1361 2611 1575 2684 partes
1622 2604 1794 2666 caebc'.
1845 2602 1997 2668 Loci
2044 2625 2201 2689 qnos
2248 2603 2463 2669 afferre
2510 2624 2861 2689 possumus

477 2708 868 2796 disceptandi
915 2711 1165 2794 copiam
1212 2730 1338 2774 non
1389 2710 1725 2795 praebent:

567 2814 848 2882 Messall.
913 2816 1082 2901 apud
1144 2811 1315 2880 Gen.
1387 2815 1489 2880 13.
1522 2815 1626 2880 14.
1659 2814 1731 2879 1:
1800 2815 2216 2893 „Pomerium
2264 2822 2361 2882 est
2403 2815 2581 2882 locus
2609 2863 2624 2879 .
2656 2863 2669 2878 .
2701 2863 2716 2879 .
2768 2837 2865 2879 re—

477 2925 778 3010 gionibus
824 2925 1014 2988 certis
1061 2921 1588 2986 determinatus'’.

567 3030 709 3094 Liv.
766 3029 821 3093 1.
856 3027 957 3092 10.
987 3027 1061 3092 6:
1113 3028 1276 3105 „tibi
1314 3028 1633 3114 templum
1670 3030 1771 3093 his
1809 3031 2177 3116 regionibus
2217 3050 2373 3115 quas
2407 3028 2597 3094 modo
2638 3030 2861 3092 animo

476 3143 758 3203 metatus
805 3157 951 3199 sum
998 3133 1280 3199 dedico'’.

567 3241 880 3307 Romulus
943 3262 1066 3305 non
1125 3243 1340 3305 minus
1405 3241 1530 3305 dici
1591 3244 1801 3326 potuit
1865 3247 2147 3307 metatus
2210 3263 2342 3307 esse
2402 3241 2602 3307 lineas
2651 3246 2859 3306 rectas

477 3369 670 3435 quam
708 3353 918 3434 partes
961 3345 1138 3410 caeli.
1183 3346 1426 3411 Neutra
1465 3350 1720 3413 notione
1756 3347 2026 3413 libenter
2049 3368 2356 3413 caremus.
2406 3347 2863 3422 Mihividetur

474 3456 594 3520 hoc
652 3454 840 3519 modo
887 3452 1089 3517 nodus
1137 3452 1572 3518 dissolvendus
1620 3475 1751 3518 esse
1771 3503 1787 3530 ,
1835 3463 1910 3519 ut
1956 3461 2316 3520 statuamus
2364 3455 2519 3520 duas
2562 3456 2859 3518 notiones

479 3583 635 3647 quas
695 3559 1095 3647 postulamus
1157 3563 1223 3624 in
1285 3581 1491 3623 unum
1550 3560 1935 3625 vocabulum
1997 3561 2257 3627 collatas
2302 3583 2456 3626 esse.
2504 3561 2707 3648 Regio
2754 3569 2857 3626 est

481 3669 729 3753 proprie
808 3666 1070 3730 directio
1088 3714 1105 3742 ,
1186 3669 1319 3730 sive
1397 3668 1504 3731 via
1579 3667 1954 3732 brevissima
2015 3689 2139 3753 qua
2206 3673 2520 3753 punctum
2590 3665 2865 3770 aliquod·

550 3863 605 3924 1)
655 3861 969 3910 Manifestum
1016 3866 1112 3920 est,
1168 3876 1262 3910 non
1307 3877 1474 3911 verum
1517 3863 1753 3927 templum
1798 3863 1856 3911 sb
1892 3864 2045 3913 Oleno
2080 3864 2258 3914 factum
2292 3879 2404 3913 esse.
2442 3865 2580 3929 Quod
2619 3865 2677 3913 de
2710 3881 2767 3914 es
2802 3881 2855 3915 re

479 3945 671 4008 scripsit
714 3943 791 3992 vir
835 3943 897 3993 cl.
945 3943 1116 3992 Nissen
1163 3944 1431 4010 (Templum
1476 3961 1580 4010 pag.
1621 3947 1701 4009 5)=
1756 3947 1866 3994 -der
1901 3945 2209 3996 Etrnskischc
2242 3947 2391 3996 Scher
2428 3949 2609 3996 Olenus
2648 3947 2857 3999 Calenus

479 4027 710 4094 1818111181,ν
737 4025 827 4074 mit
870 4026 976 4074 dem
1011 4025 1126 4075 stab
1159 4027 1239 4075 ein
1272 4026 1524 4091 Templum
1556 4044 1618 4077 sn
1651 4029 1742 4077 den
1778 4029 1967 4085 Boden.
2004 4029 2100 4078 und
2135 4030 2289 4078 sofort
2322 4030 2386 4078 ist
2419 4029 2629 4079 desselbe
2662 4045 2856 4081 vernn·

479 4106 635 4165 bert”,
686 4111 921 4171 quatenus
970 4107 1187 4171 intellegi
1239 4108 1415 4173 possit,
1467 4125 1639 4174 parum
1686 4114 1812 4158 recte
1856 4110 2036 4160 dictum
2070 4126 2168 4159 csse
2202 4111 2411 4160 videtur.
2448 4111 2537 4160 Vis
2570 4127 2665 4175 qus
2700 4113 2857 4162 fatum

479 4189 856 4254 transfercbstnr
903 4204 998 4238 non
1045 4194 1150 4238 erat
1195 4191 1244 4239 in
1290 4191 1607 4256 descriptione
1652 4192 1848 4258 templi,
1897 4193 1976 4241 sed
2020 4193 2071 4242 in
2107 4193 2485 4258 interrogatione
2516 4198 2567 4242 ct
2601 4209 2848 4258 responsum

480 4273 640 4322 fabule
689 4274 814 4321 facts
865 4276 938 4320 est
989 4275 1042 4321 nt
1094 4274 1504 4322 demonstraretur
1553 4291 1695 4338 quan
1740 4291 1911 4338 nuqua
1956 4281 2077 4324 esset
2118 4277 2170 4324 in
2211 4277 2361 4326 sacris
2394 4277 2463 4326 οὐ
2496 4277 2758 4335 verboru-⁸,
2798 4281 2853 4326 nt

481 4355 661 4420 optime
711 4353 863 4403 fllium
905 4354 1170 4420 haruspicis
1205 4361 1476 4404 monentem
1513 4357 1629 4405 tecit
1666 4357 1945 4420 Dionysius:
1984 4358 2131 4419 μοῖρα
2166 4355 2211 4405 δ’
2246 4356 2335 4406 οὔκ
2370 4356 2633 4420 ἐλαχίστη
2666 4363 2764 4406 rvr
2804 4355 2855 4406 ἓν

482 4439 695 4501 μαντικῇ
729 4434 1049 4498 θεωρημάτων
1077 4432 1314 4499 {pen-nerse,-
1341 4437 1473 4500 6120253
1505 4439 1693 4489 Plinius
1720 4455 1907 4505 quoquc
1934 4456 2039 4491 cam
2068 4442 2206 4490 affert
2222 4440 2305 4490 ubi
2322 4440 2719 4492 deviverhomm
2736 4439 2853 4506 agit.
