3192 5009
1362 276 1700 328 nomme.
2672 258 2711 324 5

355 442 833 529 reprehenditur
877 441 1185 509 Horatius
1232 443 1411 523 (ibid.
1459 465 1522 529 p.
1564 441 1680 525 24)
1719 444 1885 529 quod
1921 450 2104 531 roget
2138 442 2349 531 lyram
2386 442 2710 522 Alcaei,

347 557 423 615 ut
484 550 604 615 sibi
666 556 913 635 praesto
958 553 1042 615 sit
1085 553 1152 615 in
1202 550 1491 616 canendis
1538 550 1743 616 modis
1789 549 2249 636 Sapphicis.
2298 549 2422 615 Sed
2465 553 2715 616 invoca-

344 664 533 722 turne
595 656 882 723 barbitus
941 656 1159 723 Alcaei
1219 678 1300 723 an
1359 660 1428 721 in
1490 678 1723 744 genere
1770 656 2055 723 barbitus
2071 705 2088 734 ,
2139 678 2263 741 quo
2309 655 2421 721 ille
2466 658 2714 741 primus

345 762 458 829 alii
523 784 676 828 mox
741 762 935 828 multi
995 770 1145 829 sunt
1202 760 1344 828 usi?
1405 762 1489 828 Et
1552 764 1708 849 quid
1771 766 1827 828 si
1871 766 2008 849 ipse
2052 761 2321 828 Alcaeus
2366 761 2711 849 Sapphicos

349 868 566 935 modos
634 865 903 934 cecinit?
971 866 1068 937 Of.
1132 872 1200 933 in
1262 870 1492 956 fiagm.
1555 868 1794 957 Bergk.
1862 868 2113 934 Scolion
2178 867 2261 934 36
2326 891 2387 955 p.
2452 866 2584 936 4¹79
2648 875 2713 935 et

349 974 686 1063 Hartung,
737 976 837 1042 die
885 973 1136 1043 Griech.
1184 975 1458 1064 Lyriker
1505 975 1594 1041 VI
1640 998 1702 1062 p.
1753 975 1793 1041 6
1819 998 1910 1061 sq.

434 1081 509 1147 In
547 1082 609 1147 Π
637 1080 674 1149 7
713 1088 899 1169 poeta
934 1085 1167 1149 invitat
1205 1084 1586 1168 Pompeium
1628 1104 1819 1147 suum
1856 1089 2001 1168 post
2021 1082 2378 1148 multorum
2402 1102 2712 1148 annorum

347 1189 698 1254 absentiam
743 1194 821 1253 ut
863 1187 1118 1275 longa
1165 1189 1473 1254 fessum
1517 1188 1844 1253 militia
1886 1187 2111 1253 latus
2158 1187 2519 1273 deponat
2564 1188 2710 1252 sub

341 1295 585 1360 lauru
647 1316 792 1373 sua,
865 1296 1168 1381 iubetque
1213 1316 1485 1379 puerum
1533 1293 1783 1381 explere
1829 1295 2063 1360 ciboria
2108 1294 2465 1359 Massico
2513 1292 2713 1359 obli-

341 1424 386 1467 11
402 1404 427 1466 1
444 1422 480 1467 o
497 1422 528 1467 s
544 1422 580 1467 o
595 1451 612 1480 ,
685 1401 850 1488 quod
907 1402 1146 1467 scilicet
1204 1404 1570 1488 exstinguat
1614 1404 1681 1466 in
1727 1402 1917 1468 breve
1962 1408 2215 1487 tempus
2260 1422 2709 1467 aerumnarum

338 1511 716 1574 memoriam
786 1514 850 1574 et
911 1508 1449 1595 defetigationem.
1528 1507 1740 1595 Igitur
1798 1510 2123 1595 epitheton
2194 1530 2230 1573 0
2247 1506 2365 1573 bli
2382 1510 2517 1573 vio
2535 1529 2564 1572 s
2579 1529 2624 1571 u
2639 1529 2709 1572 m

337 1622 438 1681 est
481 1617 891 1700 aptissimum
907 1664 924 1693 ,
971 1636 1084 1681 nec
1129 1614 1204 1681 de
1251 1615 1612 1680 renovanda
1659 1614 2013 1681 dulcissimi
2051 1617 2360 1700 temporis
2398 1619 2544 1679 ante
2584 1615 2709 1679 acti

339 1723 646 1786 memoria
689 1720 861 1786 ullus
907 1724 975 1786 in
1018 1722 1138 1786 hoc
1187 1723 1464 1787 carmine
1510 1742 1717 1786 sermo
1758 1726 1855 1786 est
1873 1770 1891 1799 ‚
1930 1726 2005 1785 ut
2045 1725 2233 1806 putat
2272 1718 2709 1785 Hartmannus

337 1850 404 1913 p.
453 1825 561 1891 26.

430 1930 509 1996 111
555 1930 650 1996 ΙΠ
695 1931 736 1998 8
783 1938 1115 1998 centum
1160 1932 1514 2019 cyathos
1561 1933 1723 1997 dixit
1768 1938 1955 2019 poeta
1999 1953 2113 2017 pro
2152 1930 2413 2009 multis,
2454 1930 2707 1998 utalibi

345 2044 681 2105 centum
745 2060 1084 2127 greges,
1155 2038 1472 2117 claves,
1545 2046 1799 2117 artes,
1864 2035 2141 2104 Graecus
2200 2044 2389 2124 poeta
2446 2041 2517 2103 in
2581 2041 2706 2124 epi-

342 2150 700 2232 grammate
741 2144 990 2213 κυάθους
1031 2145 1292 2223 μυρίους.
1334 2146 1476 2211 Non
1513 2150 1730 2211 minus
1766 2151 1934 2211 recte
1972 2166 2187 2210 omnes
2212 2145 2377 2210 afore
2402 2143 2705 2209 clamores

339 2258 405 2316 et
467 2240 721 2317 omnem
779 2254 942 2317 iram
1004 2253 1082 2317 ab
1139 2252 1527 2317 instituendo
1593 2254 1885 2317 convivio
1945 2254 2269 2337 promittit
2312 2250 2700 2329 Maecenati,

341 2357 702 2422 abhorrenti
763 2359 1072 2423 nimirum
1136 2357 1402 2423 circulos
1461 2358 1767 2423 clamosos
1829 2364 1892 2423 et
1947 2357 2348 2423 turbulentos
2365 2407 2382 2435 ,
2430 2378 2703 2443 quorum

339 2465 472 2527 sine
519 2463 710 2528 dubio
758 2466 1267 2550 experimentum
1308 2464 1538 2530 fecerat
1575 2464 1746 2550 apud
1785 2484 2194 2530 communem
2218 2464 2499 2549 aliquem
2522 2464 2704 2528 fami-

337 2569 581 2635 liarem.
632 2568 817 2654 (Ibid.
868 2592 930 2656 p.
979 2570 1066 2636 26
1115 2578 1253 2656 sq.).

430 2674 698 2743 Carmen
742 2676 830 2741 IV
875 2675 912 2743 '7
977 2698 1376 2762 nequaquam
1425 2677 1955 2755 „invitationem”
2008 2679 2287 2742 continet
2335 2674 2456 2754 „ad
2500 2674 2702 2740 hilare

337 2788 403 2847 et
448 2782 800 2848 iucundum
847 2804 997 2848 cum
1041 2786 1262 2848 amicis
1309 2784 1723 2849 convivium”
1774 2784 1953 2865 (ibid.
2003 2805 2065 2868 p.
2110 2781 2244 2863 29),
2285 2782 2395 2848 sed
2434 2802 2701 2869 gravem

337 2888 835 2954 admonitionem
903 2888 1242 2975 Torquati,
1314 2892 1426 2974 qui
1493 2893 1835 2975 generis
1904 2895 1969 2956 et
2036 2889 2477 2954 facundiae
2549 2908 2699 2953 suae

333 2994 540 3059 famae
601 3000 788 3080 atque
850 2994 1186 3060 clientibus
1245 2998 1428 3059 unice
1491 2998 1775 3060 intentus
1835 2998 1951 3079 (vs.
2002 2993 2089 3059 23
2114 3001 2233 3080 sq.)
2293 2997 2699 3080 negotiorum

333 3101 588 3165 turbine
639 3122 704 3166 se
752 3101 1008 3166 cottidie
1057 3103 1406 3187 circumagi
1451 3102 1811 3186 patiebatur
1825 3150 1841 3180 ,
1893 3100 2227 3188 negligens
2272 3100 2697 3166 Horatianum

331 3204 501 3271 illud
547 3207 718 3271 sibi
764 3210 1054 3272 vivere
1076 3256 1092 3284 ,
1140 3228 1264 3292 quo
1311 3209 1554 3271 amicus
1591 3228 1741 3271 eum
1780 3213 2033 3272 revocat
2070 3207 2282 3273 brevis
2320 3209 2465 3273 aevi
2500 3227 2700 3272 recor-

331 3312 605 3378 datione.

424 3419 498 3484 In
543 3418 605 3483 Π
653 3420 714 3485 2.
765 3419 852 3485 24
897 3419 1089 3484 habes
1135 3441 1222 3484 ac
1240 3440 1383 3485 erv
1403 3441 1438 3483 ο
1456 3440 1485 3483 s
1531 3421 1666 3484 sine
1713 3419 1992 3504 epitheto
2040 3418 2145 3484 vel
2190 3422 2477 3505 genitivo
2516 3419 2695 3497 (ibid.

331 3548 397 3611 p.
423 3524 510 3590 29
534 3533 651 3611 sq.)
698 3532 774 3590 ut
816 3529 884 3589 in
931 3524 1060 3590 Sat.
1117 3525 1175 3590 l.
1208 3525 1265 3589 1.
1293 3524 1380 3589 44
1427 3530 1492 3591 et
1536 3524 1725 3612 Verg.
1775 3522 1853 3590 G.
1885 3524 1944 3589 1.
1977 3524 2125 3590 158.

421 3630 726 3697 Extrema
787 3630 904 3696 oda
960 3630 1110 3696 libri
1171 3629 1234 3695 Π
1317 3634 1742 3717 interpretum
1804 3633 1973 3697 vires
2036 3633 2318 3696 exercuit
2383 3635 2697 3716 quantum

331 3737 512 3802 nulla
572 3737 696 3803 alia
713 3788 730 3815 ,
792 3759 905 3803 nec
968 3741 1092 3803 nisi
1151 3737 1436 3824 longiore
1500 3738 1924 3825 disputatione
1986 3741 2106 3803 rite
2163 3740 2420 3802 tractari
2466 3742 2694 3822 potest.

335 3842 606 3911 Carmen
646 3850 901 3921 „totum
938 3865 1071 3909 esse
1107 3844 1425 3909 insulsum
1466 3849 1530 3909 et
1559 3843 1929 3909 inficetum”
1956 3843 2135 3924 (ibid.
2162 3865 2223 3928 p.
2254 3839 2385 3923 3¹7),
2410 3842 2695 3908 multum

333 3953 510 4017 abest
569 3958 646 4015 ut
704 3950 1058 4017 concedam.
1124 3950 1432 4036 Strophae
1493 3950 1919 4017 conclamatae
1966 3950 2042 4015 de
2086 3951 2585 4035 metamorphosi
2626 3953 2695 4015 in

331 4078 618 4145 cygnum
664 4058 915 4123 subesse
962 4058 1219 4122 videtur
1263 4056 1609 4122 recordatio
1652 4056 1995 4141 Euripidea
2011 4105 2027 4133 ,
2054 4059 2237 4121 cuius
2261 4056 2694 4142 fragmentum

333 4166 532 4230 citant
575 4167 971 4249 interpretes.
1021 4163 1185 4228 Sunt
1234 4163 1494 4248 quidem
1541 4164 1609 4227 hi
1656 4184 1878 4228 versus
1927 4165 2064 4228 eius
2102 4162 2278 4228 modi
2296 4210 2313 4240 ,
2355 4167 2429 4226 ut
2466 4161 2695 4227 utilius

335 4274 422 4337 sit
467 4269 806 4357 diligenter
847 4272 1166 4356 inquirere
1212 4268 1376 4335 unde
1423 4272 1558 4334 nati
1603 4272 1732 4333 sint
1777 4275 1842 4334 et
1880 4268 2033 4355 quid
2071 4268 2428 4357 significent
2443 4318 2459 4348 ,
2504 4290 2695 4357 quam

333 4398 448 4463 per
494 4378 776 4464 epitheta
820 4378 1116 4463 probrosa
1160 4382 1224 4442 et
1269 4378 1481 4441 inania
1523 4379 1605 4441 iis
1651 4375 1933 4462 defungi.
