<?xml version="1.0" encoding="UTF-8"?>
<!DOCTYPE html PUBLIC "-//W3C//DTD XHTML 1.0 Transitional//EN"
    "http://www.w3.org/TR/xhtml1/DTD/xhtml1-transitional.dtd">
<html xmlns="http://www.w3.org/1999/xhtml" xml:lang="en" lang="en">
 <head>
  <title>
</title>
<meta http-equiv="Content-Type" content="text/html;charset=utf-8" />
  <meta name='ocr-system' content='tesseract 3.04.00' />
  <meta name='ocr-capabilities' content='ocr_page ocr_carea ocr_par ocr_line ocrx_word'/>
</head>
<body>
  <div class='ocr_page' id='page_1' title='image "./mnemosyne07servgoog_0605.png"; bbox 0 0 3192 5009; ppageno 0'>
   <div class='ocr_carea' id='block_1_1' title="bbox 1398 340 2715 409">
    <p class='ocr_par' dir='ltr' id='par_1_1' title="bbox 1398 340 2715 409">
     <span class='ocr_line' id='line_1_1' title="bbox 1398 340 2715 409; baseline 0 -2"><span class='ocrx_word' id='word_1_1' title='bbox 1398 354 1646 408; x_wconf 77' lang='lat' dir='ltr'><strong>mosao.</strong></span> <span class='ocrx_word' id='word_1_2' title='bbox 2586 340 2715 409; x_wconf 82' lang='lat'><strong>125</strong></span> 
     </span>
    </p>
   </div>
   <div class='ocr_carea' id='block_1_2' title="bbox 332 518 2716 1248">
    <p class='ocr_par' dir='ltr' id='par_1_2' title="bbox 332 518 2716 1248">
     <span class='ocr_line' id='line_1_2' title="bbox 424 518 2716 610; baseline 0.002 -25"><span class='ocrx_word' id='word_1_3' title='bbox 424 520 635 586; x_wconf 88' lang='lat' dir='ltr'>XIIII.</span> <span class='ocrx_word' id='word_1_4' title='bbox 689 518 773 587; x_wconf 80' lang='lat'><strong>17</strong></span> <span class='ocrx_word' id='word_1_5' title='bbox 815 523 915 599; x_wconf 74' lang='lat' dir='ltr'><strong>A„</strong></span> <span class='ocrx_word' id='word_1_6' title='bbox 968 518 1030 588; x_wconf 85' lang='grc'><strong>’7.</strong></span> <span class='ocrx_word' id='word_1_7' title='bbox 1094 522 1226 586; x_wconf 83' lang='lat' dir='ltr'><strong>Hoc</strong></span> <span class='ocrx_word' id='word_1_8' title='bbox 1283 523 1340 586; x_wconf 74' lang='grc' dir='ltr'><strong>εἰ</strong></span> <span class='ocrx_word' id='word_1_9' title='bbox 1398 523 1509 587; x_wconf 76' lang='lat' dir='ltr'><strong>tibi</strong></span> <span class='ocrx_word' id='word_1_10' title='bbox 1539 523 1816 610; x_wconf 74' lang='lat' dir='ltr'><strong>fortuna</strong></span> <span class='ocrx_word' id='word_1_11' title='bbox 1860 526 2116 609; x_wconf 71' lang='lat' dir='ltr'><strong>quadam</strong></span> <span class='ocrx_word' id='word_1_12' title='bbox 2161 524 2532 607; x_wconf 70' lang='lat' dir='ltr'><strong>contiqieset,</strong></span> <span class='ocrx_word' id='word_1_13' title='bbox 2576 549 2716 608; x_wconf 72' lang='lat' dir='ltr'><strong>yra-</strong></span> 
     </span>
     <span class='ocr_line' id='line_1_3' title="bbox 334 627 2715 719; baseline 0.002 -27"><span class='ocrx_word' id='word_1_14' title='bbox 334 629 567 693; x_wconf 72' lang='lat' dir='ltr'><strong>lularer</strong></span> <span class='ocrx_word' id='word_1_15' title='bbox 586 627 904 715; x_wconf 72' lang='lat' dir='ltr'><em>felicitati</em></span> <span class='ocrx_word' id='word_1_16' title='bbox 939 636 1077 693; x_wconf 76' lang='lat' dir='ltr'><strong>tuac</strong></span> <span class='ocrx_word' id='word_1_17' title='bbox 1090 657 1119 705; x_wconf 89' lang='lat'><em>;</em></span> <span class='ocrx_word' id='word_1_18' title='bbox 1158 632 1265 693; x_wconf 72' lang='lat' dir='ltr'><strong>sed</strong></span> <span class='ocrx_word' id='word_1_19' title='bbox 1299 629 1551 711; x_wconf 72' lang='lat' dir='ltr'><strong>contiyit</strong></span> <span class='ocrx_word' id='word_1_20' title='bbox 1590 630 2006 711; x_wconf 67' lang='lat' dir='ltr'><strong>maqnitudinc</strong></span> <span class='ocrx_word' id='word_1_21' title='bbox 2027 634 2286 718; x_wconf 79' lang='lat' dir='ltr'><strong>quadam</strong></span> <span class='ocrx_word' id='word_1_22' title='bbox 2307 656 2482 719; x_wconf 73' lang='lat' dir='ltr'><strong>quum</strong></span> <span class='ocrx_word' id='word_1_23' title='bbox 2505 633 2715 712; x_wconf 72' lang='lat' dir='ltr'><strong>animi,</strong></span> 
     </span>
     <span class='ocr_line' id='line_1_4' title="bbox 334 735 2715 820; baseline 0.003 -21"><span class='ocrx_word' id='word_1_24' title='bbox 334 742 457 799; x_wconf 68' lang='lat' dir='ltr'><strong>tvm</strong></span> <span class='ocrx_word' id='word_1_25' title='bbox 517 736 697 799; x_wconf 76' lang='lat' dir='ltr'><strong>eliam</strong></span> <span class='ocrx_word' id='word_1_26' title='bbox 758 736 990 817; x_wconf 62' lang='lat' dir='ltr'><strong>inqenii</strong></span> <span class='ocrx_word' id='word_1_27' title='bbox 1052 743 1229 820; x_wconf 73' lang='lat' dir='ltr'><strong>atque</strong></span> <span class='ocrx_word' id='word_1_28' title='bbox 1291 736 1553 801; x_wconf 63' lang='lat' dir='ltr'><strong>concilii.</strong></span> <span class='ocrx_word' id='word_1_29' title='bbox 1619 735 2038 803; x_wconf 83' lang='lat' dir='ltr'><strong>Scribendum</strong></span> <span class='ocrx_word' id='word_1_30' title='bbox 2057 787 2074 816; x_wconf 91' lang='lat'>‚</span> <span class='ocrx_word' id='word_1_31' title='bbox 2141 745 2216 803; x_wconf 83' lang='lat' dir='ltr'><strong>ut</strong></span> <span class='ocrx_word' id='word_1_32' title='bbox 2262 747 2357 805; x_wconf 85' lang='lat' dir='ltr'><strong>est</strong></span> <span class='ocrx_word' id='word_1_33' title='bbox 2403 743 2472 804; x_wconf 88' lang='lat' dir='ltr'><strong>in</strong></span> <span class='ocrx_word' id='word_1_34' title='bbox 2517 739 2715 806; x_wconf 79' lang='lat' dir='ltr'><strong>altero</strong></span> 
     </span>
     <span class='ocr_line' id='line_1_5' title="bbox 334 841 2714 933; baseline 0.002 -26"><span class='ocrx_word' id='word_1_35' title='bbox 334 842 626 929; x_wconf 87' lang='lat' dir='ltr'><strong>exemplo</strong></span> <span class='ocrx_word' id='word_1_36' title='bbox 695 844 889 908; x_wconf 88' lang='lat' dir='ltr'><strong>huius</strong></span> <span class='ocrx_word' id='word_1_37' title='bbox 960 841 1264 928; x_wconf 84' lang='lat' dir='ltr'><strong>epistolae</strong></span> <span class='ocrx_word' id='word_1_38' title='bbox 1284 892 1300 920; x_wconf 91' lang='lat'>,</span> <span class='ocrx_word' id='word_1_39' title='bbox 1374 843 1455 909; x_wconf 85' lang='lat' dir='ltr'><strong>ad</strong></span> <span class='ocrx_word' id='word_1_40' title='bbox 1523 843 1706 909; x_wconf 85' lang='lat' dir='ltr'><strong>Fam.</strong></span> <span class='ocrx_word' id='word_1_41' title='bbox 1770 843 1885 908; x_wconf 90' lang='lat' dir='ltr'><strong>IX.</strong></span> <span class='ocrx_word' id='word_1_42' title='bbox 1939 844 2022 909; x_wconf 87' lang='grc'><strong>14</strong></span> <span class='ocrx_word' id='word_1_43' title='bbox 2068 846 2480 926; x_wconf 71' lang='lat' dir='ltr'><strong>maqniludine</strong></span> <span class='ocrx_word' id='word_1_44' title='bbox 2537 870 2714 933; x_wconf 77' lang='lat' dir='ltr'><strong>quum</strong></span> 
     </span>
     <span class='ocr_line' id='line_1_6' title="bbox 334 948 2716 1039; baseline 0.003 -27"><span class='ocrx_word' id='word_1_45' title='bbox 334 949 541 1014; x_wconf 76' lang='lat' dir='ltr'><strong>animi.</strong></span> <span class='ocrx_word' id='word_1_46' title='bbox 607 948 679 1013; x_wconf 90' lang='lat' dir='ltr'><strong>In</strong></span> <span class='ocrx_word' id='word_1_47' title='bbox 738 948 910 1015; x_wconf 87' lang='lat' dir='ltr'><strong>Med.</strong></span> <span class='ocrx_word' id='word_1_48' title='bbox 976 970 1181 1035; x_wconf 89' lang='lat' dir='ltr'><strong>quum</strong></span> <span class='ocrx_word' id='word_1_49' title='bbox 1242 951 1557 1037; x_wconf 89' lang='lat' dir='ltr'><strong>scriptum</strong></span> <span class='ocrx_word' id='word_1_50' title='bbox 1617 956 1782 1015; x_wconf 88' lang='lat' dir='ltr'><strong>esset</strong></span> <span class='ocrx_word' id='word_1_51' title='bbox 1842 951 2255 1032; x_wconf 71' lang='lat' dir='ltr'><strong>maqnitudine</strong></span> <span class='ocrx_word' id='word_1_52' title='bbox 2310 976 2484 1039; x_wconf 69' lang='lat' dir='ltr'><strong>quam</strong></span> <span class='ocrx_word' id='word_1_53' title='bbox 2499 1002 2516 1031; x_wconf 95' lang='lat'><em>,</em></span> <span class='ocrx_word' id='word_1_54' title='bbox 2567 954 2716 1019; x_wconf 90' lang='lat' dir='ltr'><strong>hinc</strong></span> 
     </span>
     <span class='ocr_line' id='line_1_7' title="bbox 332 1055 2714 1142; baseline 0.002 -21"><span class='ocrx_word' id='word_1_55' title='bbox 332 1056 577 1121; x_wconf 85' lang='lat' dir='ltr'><strong>factum</strong></span> <span class='ocrx_word' id='word_1_56' title='bbox 646 1062 743 1121; x_wconf 86' lang='lat' dir='ltr'><strong>est</strong></span> <span class='ocrx_word' id='word_1_57' title='bbox 813 1055 939 1121; x_wconf 85' lang='lat' dir='ltr'><strong>alia</strong></span> <span class='ocrx_word' id='word_1_58' title='bbox 996 1076 1196 1121; x_wconf 89' lang='lat' dir='ltr'><strong>manu</strong></span> <span class='ocrx_word' id='word_1_59' title='bbox 1255 1079 1331 1121; x_wconf 85' lang='lat' dir='ltr'><strong>m.</strong></span> <span class='ocrx_word' id='word_1_60' title='bbox 1400 1059 1657 1142; x_wconf 71' lang='lat' dir='ltr'><strong>quadam</strong></span> <span class='ocrx_word' id='word_1_61' title='bbox 1720 1080 1866 1121; x_wconf 74' lang='lat' dir='ltr'><strong>cum,</strong></span> <span class='ocrx_word' id='word_1_62' title='bbox 1932 1058 2296 1139; x_wconf 68' lang='lat' dir='ltr'><strong>Maym‘tudo</strong></span> <span class='ocrx_word' id='word_1_63' title='bbox 2359 1060 2547 1123; x_wconf 74' lang='lat' dir='ltr'><strong>animi</strong></span> <span class='ocrx_word' id='word_1_64' title='bbox 2589 1081 2714 1126; x_wconf 90' lang='lat' dir='ltr'><strong>non</strong></span> 
     </span>
     <span class='ocr_line' id='line_1_8' title="bbox 332 1161 1990 1248; baseline 0 -21"><span class='ocrx_word' id='word_1_65' title='bbox 332 1161 519 1229; x_wconf 87' lang='lat' dir='ltr'><strong>debet</strong></span> <span class='ocrx_word' id='word_1_66' title='bbox 559 1162 678 1229; x_wconf 88' lang='lat' dir='ltr'><strong>tali</strong></span> <span class='ocrx_word' id='word_1_67' title='bbox 724 1161 1155 1229; x_wconf 86' lang='lat' dir='ltr'><strong>additamento</strong></span> <span class='ocrx_word' id='word_1_68' title='bbox 1206 1165 1417 1227; x_wconf 83' lang='lat' dir='ltr'><strong>minui</strong></span> <span class='ocrx_word' id='word_1_69' title='bbox 1434 1213 1451 1242; x_wconf 91' lang='lat'>‚</span> <span class='ocrx_word' id='word_1_70' title='bbox 1500 1166 1668 1229; x_wconf 86' lang='lat' dir='ltr'><strong>sicut</strong></span> <span class='ocrx_word' id='word_1_71' title='bbox 1698 1163 1990 1248; x_wconf 67' lang='lat' dir='ltr'><strong>sorim.</strong></span> 
     </span>
    </p>
   </div>
   <div class='ocr_carea' id='block_1_3' title="bbox 328 1365 2718 1773">
    <p class='ocr_par' dir='ltr' id='par_1_3' title="bbox 328 1365 2718 1773">
     <span class='ocr_line' id='line_1_9' title="bbox 423 1365 2718 1453; baseline 0.001 -23"><span class='ocrx_word' id='word_1_72' title='bbox 423 1365 563 1431; x_wconf 87' lang='lat' dir='ltr'><strong>XV.</strong></span> <span class='ocrx_word' id='word_1_73' title='bbox 618 1366 737 1445; x_wconf 88' lang='lat' dir='ltr'><strong>la,</strong></span> <span class='ocrx_word' id='word_1_74' title='bbox 791 1367 849 1431; x_wconf 87' lang='lat'><strong>1.</strong></span> <span class='ocrx_word' id='word_1_75' title='bbox 902 1390 1077 1453; x_wconf 64' lang='lat' dir='ltr'><strong>quam:</strong></span> <span class='ocrx_word' id='word_1_76' title='bbox 1122 1366 1410 1431; x_wconf 73' lang='lat' dir='ltr'><strong>hominem</strong></span> <span class='ocrx_word' id='word_1_77' title='bbox 1457 1373 1908 1449; x_wconf 65' lang='lat' dir='ltr'><strong>temper-amem,</strong></span> <span class='ocrx_word' id='word_1_78' title='bbox 1947 1389 2226 1431; x_wconf 71' lang='lat' dir='ltr'><strong>mmmm</strong></span> <span class='ocrx_word' id='word_1_79' title='bbox 2263 1368 2548 1433; x_wconf 77' lang='lat' dir='ltr'><strong>medicum</strong></span> <span class='ocrx_word' id='word_1_80' title='bbox 2585 1376 2718 1433; x_wconf 69' lang='lat' dir='ltr'><strong>taat—</strong></span> 
     </span>
     <span class='ocr_line' id='line_1_10' title="bbox 332 1471 2716 1561; baseline 0.002 -26"><span class='ocrx_word' id='word_1_81' title='bbox 332 1479 431 1536; x_wconf 70' lang='lat' dir='ltr'><strong>tus</strong></span> <span class='ocrx_word' id='word_1_82' title='bbox 474 1471 790 1555; x_wconf 69' lang='lat' dir='ltr'><strong>improviso</strong></span> <span class='ocrx_word' id='word_1_83' title='bbox 836 1474 1065 1536; x_wconf 66' lang='lat' dir='ltr'><strong>morbus</strong></span> <span class='ocrx_word' id='word_1_84' title='bbox 1112 1474 1491 1555; x_wconf 74' lang='lat' dir='ltr'><strong>oppresserit.</strong></span> <span class='ocrx_word' id='word_1_85' title='bbox 1541 1471 1749 1539; x_wconf 87' lang='lat' dir='ltr'><strong>Verba</strong></span> <span class='ocrx_word' id='word_1_86' title='bbox 1792 1496 2073 1537; x_wconf 68' lang='lat' dir='ltr'><strong>smmum</strong></span> <span class='ocrx_word' id='word_1_87' title='bbox 2116 1474 2399 1539; x_wconf 65' lang='lat' dir='ltr'><strong>mediam</strong></span> <span class='ocrx_word' id='word_1_88' title='bbox 2447 1478 2716 1561; x_wconf 79' lang='lat' dir='ltr'><strong>scriptor</strong></span> 
     </span>
     <span class='ocr_line' id='line_1_11' title="bbox 330 1578 2713 1668; baseline 0.001 -23"><span class='ocrx_word' id='word_1_89' title='bbox 330 1578 566 1645; x_wconf 87' lang='lat' dir='ltr'><strong>codicis</strong></span> <span class='ocrx_word' id='word_1_90' title='bbox 611 1578 787 1644; x_wconf 87' lang='lat' dir='ltr'><strong>Med.</strong></span> <span class='ocrx_word' id='word_1_91' title='bbox 835 1582 1072 1644; x_wconf 86' lang='lat' dir='ltr'><strong>omisit.</strong></span> <span class='ocrx_word' id='word_1_92' title='bbox 1120 1579 1485 1645; x_wconf 89' lang='lat' dir='ltr'><strong>Leonardus</strong></span> <span class='ocrx_word' id='word_1_93' title='bbox 1531 1578 1787 1645; x_wconf 89' lang='lat' dir='ltr'><strong>Brunus</strong></span> <span class='ocrx_word' id='word_1_94' title='bbox 1832 1582 1904 1644; x_wconf 88' lang='lat' dir='ltr'><strong>in</strong></span> <span class='ocrx_word' id='word_1_95' title='bbox 1941 1584 2234 1668; x_wconf 78' lang='lat' dir='ltr'><strong>margine</strong></span> <span class='ocrx_word' id='word_1_96' title='bbox 2273 1580 2516 1647; x_wconf 80' lang='lat' dir='ltr'><strong>addidit</strong></span> <span class='ocrx_word' id='word_1_97' title='bbox 2531 1630 2548 1659; x_wconf 95' lang='lat'><em>,</em></span> <span class='ocrx_word' id='word_1_98' title='bbox 2602 1581 2713 1646; x_wconf 89' lang='lat' dir='ltr'><strong>sed</strong></span> 
     </span>
     <span class='ocr_line' id='line_1_12' title="bbox 328 1684 2712 1773; baseline 0.001 -24"><span class='ocrx_word' id='word_1_99' title='bbox 328 1687 650 1751; x_wconf 88' lang='lat' dir='ltr'><strong>incertum</strong></span> <span class='ocrx_word' id='word_1_100' title='bbox 688 1690 786 1750; x_wconf 88' lang='lat' dir='ltr'><strong>est</strong></span> <span class='ocrx_word' id='word_1_101' title='bbox 824 1705 903 1749; x_wconf 82' lang='lat' dir='ltr'><strong>ex</strong></span> <span class='ocrx_word' id='word_1_102' title='bbox 938 1684 1101 1750; x_wconf 88' lang='lat' dir='ltr'><strong>libro</strong></span> <span class='ocrx_word' id='word_1_103' title='bbox 1142 1688 1377 1771; x_wconf 86' lang='lat' dir='ltr'><strong>scripto</strong></span> <span class='ocrx_word' id='word_1_104' title='bbox 1418 1706 1498 1751; x_wconf 89' lang='lat' dir='ltr'><strong>an</strong></span> <span class='ocrx_word' id='word_1_105' title='bbox 1537 1707 1619 1751; x_wconf 83' lang='lat' dir='ltr'><strong>ex</strong></span> <span class='ocrx_word' id='word_1_106' title='bbox 1656 1687 1938 1773; x_wconf 88' lang='lat' dir='ltr'><strong>ingenio.</strong></span> <span class='ocrx_word' id='word_1_107' title='bbox 1985 1686 2198 1753; x_wconf 85' lang='lat' dir='ltr'><strong>Facile</strong></span> <span class='ocrx_word' id='word_1_108' title='bbox 2232 1690 2314 1753; x_wconf 89' lang='lat' dir='ltr'><strong>iis</strong></span> <span class='ocrx_word' id='word_1_109' title='bbox 2337 1688 2712 1754; x_wconf 78' lang='lat' dir='ltr'><strong>carebimus.</strong></span> 
     </span>
    </p>
   </div>
   <div class='ocr_carea' id='block_1_4' title="bbox 330 1902 2804 2525">
    <p class='ocr_par' dir='ltr' id='par_1_4' title="bbox 330 1902 2804 2525">
     <span class='ocr_line' id='line_1_13' title="bbox 422 1902 2716 1988; baseline 0.002 -20"><span class='ocrx_word' id='word_1_110' title='bbox 422 1902 563 1969; x_wconf 88' lang='lat' dir='ltr'><strong>XV.</strong></span> <span class='ocrx_word' id='word_1_111' title='bbox 616 1903 651 1967; x_wconf 91' lang='lat'>1</span> <span class='ocrx_word' id='word_1_112' title='bbox 677 1925 735 1982; x_wconf 89' lang='lat' dir='ltr'><strong>a,</strong></span> <span class='ocrx_word' id='word_1_113' title='bbox 763 1902 826 1968; x_wconf 84' lang='lat'><strong>2.</strong></span> <span class='ocrx_word' id='word_1_114' title='bbox 890 1904 1271 1969; x_wconf 75' lang='lat' dir='ltr'><em>Dolabellam</em></span> <span class='ocrx_word' id='word_1_115' title='bbox 1314 1926 1487 1988; x_wconf 62' lang='lat' dir='ltr'><strong>opero</strong></span> <span class='ocrx_word' id='word_1_116' title='bbox 1534 1905 1696 1969; x_wconf 78' lang='lat' dir='ltr'><strong>domi</strong></span> <span class='ocrx_word' id='word_1_117' title='bbox 1742 1928 1883 1970; x_wconf 72' lang='lat' dir='ltr'><strong>esee.</strong></span> <span class='ocrx_word' id='word_1_118' title='bbox 1935 1903 2104 1973; x_wconf 83' lang='lat' dir='ltr'><strong>Cum</strong></span> <span class='ocrx_word' id='word_1_119' title='bbox 2147 1906 2459 1973; x_wconf 85' lang='lat' dir='ltr'><strong>Lambino</strong></span> <span class='ocrx_word' id='word_1_120' title='bbox 2506 1908 2716 1973; x_wconf 78' lang='lat' dir='ltr'><strong>erravi</strong></span> 
     </span>
     <span class='ocr_line' id='line_1_14' title="bbox 330 2010 2713 2099; baseline 0.001 -24"><span class='ocrx_word' id='word_1_121' title='bbox 330 2010 487 2076; x_wconf 88' lang='lat' dir='ltr'><strong>haec</strong></span> <span class='ocrx_word' id='word_1_122' title='bbox 557 2010 635 2075; x_wconf 91' lang='lat' dir='ltr'><strong>de</strong></span> <span class='ocrx_word' id='word_1_123' title='bbox 707 2014 978 2097; x_wconf 89' lang='lat' dir='ltr'><strong>pecunia</strong></span> <span class='ocrx_word' id='word_1_124' title='bbox 1042 2032 1081 2077; x_wconf 91' lang='lat' dir='ltr'><strong>a</strong></span> <span class='ocrx_word' id='word_1_125' title='bbox 1140 2010 1471 2077; x_wconf 80' lang='lat' dir='ltr'><strong>Dolabella</strong></span> <span class='ocrx_word' id='word_1_126' title='bbox 1532 2011 1741 2077; x_wconf 89' lang='lat' dir='ltr'><strong>soluta</strong></span> <span class='ocrx_word' id='word_1_127' title='bbox 1789 2012 1960 2077; x_wconf 86' lang='lat' dir='ltr'><strong>dicta</strong></span> <span class='ocrx_word' id='word_1_128' title='bbox 2005 2033 2139 2079; x_wconf 85' lang='lat' dir='ltr'><strong>esse</strong></span> <span class='ocrx_word' id='word_1_129' title='bbox 2185 2020 2436 2099; x_wconf 88' lang='lat' dir='ltr'><strong>putans.</strong></span> <span class='ocrx_word' id='word_1_130' title='bbox 2503 2012 2713 2079; x_wconf 90' lang='lat' dir='ltr'><strong>Immo</strong></span> 
     </span>
     <span class='ocr_line' id='line_1_15' title="bbox 332 2116 2717 2205; baseline 0.002 -26"><span class='ocrx_word' id='word_1_131' title='bbox 332 2116 492 2180; x_wconf 63' lang='lat' dir='ltr'><strong>domi</strong></span> <span class='ocrx_word' id='word_1_132' title='bbox 539 2139 659 2181; x_wconf 73' lang='lat' dir='ltr'><strong>esee</strong></span> <span class='ocrx_word' id='word_1_133' title='bbox 703 2138 1022 2203; x_wconf 80' lang='lat' dir='ltr'><strong>nusquam</strong></span> <span class='ocrx_word' id='word_1_134' title='bbox 1062 2119 1156 2183; x_wconf 84' lang='lat' dir='ltr'><strong>ita</strong></span> <span class='ocrx_word' id='word_1_135' title='bbox 1206 2118 1459 2195; x_wconf 87' lang='lat' dir='ltr'><strong>dicitur,</strong></span> <span class='ocrx_word' id='word_1_136' title='bbox 1510 2117 1621 2184; x_wconf 88' lang='lat' dir='ltr'><strong>sed</strong></span> <span class='ocrx_word' id='word_1_137' title='bbox 1665 2117 1842 2184; x_wconf 88' lang='lat' dir='ltr'><strong>idem</strong></span> <span class='ocrx_word' id='word_1_138' title='bbox 1887 2118 2058 2185; x_wconf 83' lang='lat' dir='ltr'><strong>valet</strong></span> <span class='ocrx_word' id='word_1_139' title='bbox 2103 2120 2170 2184; x_wconf 88' lang='lat' dir='ltr'><strong>h.</strong></span> <span class='ocrx_word' id='word_1_140' title='bbox 2193 2119 2238 2184; x_wconf 94' lang='grc'><strong>1.</strong></span> <span class='ocrx_word' id='word_1_141' title='bbox 2279 2119 2447 2205; x_wconf 88' lang='lat' dir='ltr'><strong>quod</strong></span> <span class='ocrx_word' id='word_1_142' title='bbox 2491 2120 2717 2183; x_wconf 79' lang='lat' dir='ltr'><strong>Romae</strong></span> 
     </span>
     <span class='ocr_line' id='line_1_16' title="bbox 331 2222 2718 2311; baseline 0.002 -26"><span class='ocrx_word' id='word_1_143' title='bbox 331 2244 474 2286; x_wconf 70' lang='lat' dir='ltr'><strong>esee.</strong></span> <span class='ocrx_word' id='word_1_144' title='bbox 522 2223 761 2309; x_wconf 81' lang='lat' dir='ltr'><strong>Agitur</strong></span> <span class='ocrx_word' id='word_1_145' title='bbox 807 2224 871 2287; x_wconf 93' lang='lat' dir='ltr'><strong>h.</strong></span> <span class='ocrx_word' id='word_1_146' title='bbox 898 2222 943 2293; x_wconf 91' lang='lat'><strong>1.</strong></span> <span class='ocrx_word' id='word_1_147' title='bbox 996 2224 1073 2289; x_wconf 90' lang='lat' dir='ltr'><strong>de</strong></span> <span class='ocrx_word' id='word_1_148' title='bbox 1119 2244 1307 2289; x_wconf 86' lang='lat' dir='ltr'><strong>causa</strong></span> <span class='ocrx_word' id='word_1_149' title='bbox 1353 2225 1556 2289; x_wconf 84' lang='lat' dir='ltr'><strong>Attici</strong></span> <span class='ocrx_word' id='word_1_150' title='bbox 1603 2223 1946 2290; x_wconf 88' lang='lat' dir='ltr'><strong>Buthrotia</strong></span> <span class='ocrx_word' id='word_1_151' title='bbox 1993 2232 2058 2291; x_wconf 86' lang='lat' dir='ltr'><strong>et</strong></span> <span class='ocrx_word' id='word_1_152' title='bbox 2105 2222 2324 2292; x_wconf 86' lang='lat' dir='ltr'><strong>Cicero</strong></span> <span class='ocrx_word' id='word_1_153' title='bbox 2372 2226 2640 2311; x_wconf 87' lang='lat' dir='ltr'><strong>putabat</strong></span> <span class='ocrx_word' id='word_1_154' title='bbox 2679 2245 2718 2290; x_wconf 90' lang='lat' dir='ltr'><strong>a</strong></span> 
     </span>
     <span class='ocr_line' id='line_1_17' title="bbox 330 2326 2804 2426; baseline 0.002 -34"><span class='ocrx_word' id='word_1_155' title='bbox 330 2326 662 2393; x_wconf 87' lang='lat' dir='ltr'><strong>Dolabella</strong></span> <span class='ocrx_word' id='word_1_156' title='bbox 681 2378 697 2406; x_wconf 91' lang='lat'>,</span> <span class='ocrx_word' id='word_1_157' title='bbox 764 2332 819 2394; x_wconf 92' lang='lat' dir='ltr'><strong>si</strong></span> <span class='ocrx_word' id='word_1_158' title='bbox 864 2328 1105 2395; x_wconf 85' lang='lat' dir='ltr'><strong>Romae</strong></span> <span class='ocrx_word' id='word_1_159' title='bbox 1152 2336 1288 2395; x_wconf 87' lang='lat' dir='ltr'><strong>erat</strong></span> <span class='ocrx_word' id='word_1_160' title='bbox 1304 2378 1322 2407; x_wconf 92' lang='lat'>,</span> <span class='ocrx_word' id='word_1_161' title='bbox 1371 2350 1515 2395; x_wconf 87' lang='lat' dir='ltr'><strong>eam</strong></span> <span class='ocrx_word' id='word_1_162' title='bbox 1562 2330 1861 2396; x_wconf 86' lang='lat' dir='ltr'><strong>adiutum</strong></span> <span class='ocrx_word' id='word_1_163' title='bbox 1904 2333 2006 2396; x_wconf 87' lang='lat' dir='ltr'><strong>iri.</strong></span> <span class='ocrx_word' id='word_1_164' title='bbox 2057 2329 2297 2395; x_wconf 87' lang='lat' dir='ltr'><strong>Verum</strong></span> <span class='ocrx_word' id='word_1_165' title='bbox 2342 2331 2510 2395; x_wconf 78' lang='lat' dir='ltr'><strong>vidit</strong></span> <span class='ocrx_word' id='word_1_166' title='bbox 2553 2330 2718 2396; x_wconf 87' lang='lat' dir='ltr'><strong>Leh-</strong></span> <span class='ocrx_word' id='word_1_167' title='bbox 2798 2420 2804 2426; x_wconf 31' lang='lat'><strong>·</strong></span> 
     </span>
     <span class='ocr_line' id='line_1_18' title="bbox 330 2434 1122 2525; baseline 0.003 -26"><span class='ocrx_word' id='word_1_168' title='bbox 330 2455 605 2501; x_wconf 89' lang='lat' dir='ltr'><strong>mannus</strong></span> <span class='ocrx_word' id='word_1_169' title='bbox 654 2434 727 2515; x_wconf 82' lang='lat' dir='ltr'><strong>Q.</strong></span> <span class='ocrx_word' id='word_1_170' title='bbox 776 2435 849 2501; x_wconf 83' lang='grc' dir='ltr'><strong>Τ.</strong></span> <span class='ocrx_word' id='word_1_171' title='bbox 900 2458 963 2525; x_wconf 92' lang='lat' dir='ltr'><strong>p.</strong></span> <span class='ocrx_word' id='word_1_172' title='bbox 1017 2434 1122 2503; x_wconf 84' lang='lat'><strong>74.</strong></span> 
     </span>
    </p>
   </div>
   <div class='ocr_carea' id='block_1_5' title="bbox 328 2634 2713 3036">
    <p class='ocr_par' dir='ltr' id='par_1_5' title="bbox 328 2634 2713 3036">
     <span class='ocr_line' id='line_1_19' title="bbox 422 2634 2712 2725; baseline 0.001 -25"><span class='ocrx_word' id='word_1_173' title='bbox 422 2635 561 2701; x_wconf 87' lang='lat' dir='ltr'><strong>XV.</strong></span> <span class='ocrx_word' id='word_1_174' title='bbox 612 2634 672 2703; x_wconf 84' lang='grc'><strong>’7.</strong></span> <span class='ocrx_word' id='word_1_175' title='bbox 721 2638 897 2702; x_wconf 81' lang='lat' dir='ltr'><strong>valde</strong></span> <span class='ocrx_word' id='word_1_176' title='bbox 940 2637 1089 2701; x_wconf 73' lang='lat' dir='ltr'><strong>mihi</strong></span> <span class='ocrx_word' id='word_1_177' title='bbox 1122 2638 1406 2721; x_wconf 76' lang='lat' dir='ltr'><strong>placebat</strong></span> <span class='ocrx_word' id='word_1_178' title='bbox 1450 2661 1626 2725; x_wconf 75' lang='lat' dir='ltr'><strong>quum</strong></span> <span class='ocrx_word' id='word_1_179' title='bbox 1669 2661 1874 2703; x_wconf 64' lang='lat' dir='ltr'><strong>censue</strong></span> <span class='ocrx_word' id='word_1_180' title='bbox 1921 2639 2049 2704; x_wconf 75' lang='lat' dir='ltr'><strong>eius</strong></span> <span class='ocrx_word' id='word_1_181' title='bbox 2096 2641 2169 2703; x_wconf 79' lang='lat' dir='ltr'><strong>de</strong></span> <span class='ocrx_word' id='word_1_182' title='bbox 2206 2661 2273 2703; x_wconf 82' lang='lat' dir='ltr'><strong>re</strong></span> <span class='ocrx_word' id='word_1_183' title='bbox 2306 2638 2553 2721; x_wconf 79' lang='lat' dir='ltr'><strong>publica</strong></span> <span class='ocrx_word' id='word_1_184' title='bbox 2590 2646 2712 2703; x_wconf 75' lang='lat' dir='ltr'><strong>tum</strong></span> 
     </span>
     <span class='ocr_line' id='line_1_20' title="bbox 328 2742 2713 2833; baseline 0.003 -28"><span class='ocrx_word' id='word_1_185' title='bbox 328 2742 645 2807; x_wconf 68' lang='lat' dir='ltr'><strong>scribendi.</strong></span> <span class='ocrx_word' id='word_1_186' title='bbox 718 2742 911 2809; x_wconf 81' lang='lat' dir='ltr'><strong>Deest</strong></span> <span class='ocrx_word' id='word_1_187' title='bbox 977 2764 1211 2809; x_wconf 90' lang='lat' dir='ltr'><strong>nomen</strong></span> <span class='ocrx_word' id='word_1_188' title='bbox 1281 2744 1450 2810; x_wconf 89' lang='lat' dir='ltr'><strong>unde</strong></span> <span class='ocrx_word' id='word_1_189' title='bbox 1513 2744 1785 2831; x_wconf 78' lang='lat' dir='ltr'><strong>pendeat</strong></span> <span class='ocrx_word' id='word_1_190' title='bbox 1845 2767 1992 2833; x_wconf 90' lang='lat' dir='ltr'><strong>gen.</strong></span> <span class='ocrx_word' id='word_1_191' title='bbox 2059 2744 2379 2833; x_wconf 86' lang='lat' dir='ltr'><strong>gerundii.</strong></span> <span class='ocrx_word' id='word_1_192' title='bbox 2455 2743 2713 2813; x_wconf 86' lang='lat' dir='ltr'><strong>Conieci</strong></span> 
     </span>
     <span class='ocr_line' id='line_1_21' title="bbox 328 2846 2711 2937; baseline 0.001 -24"><span class='ocrx_word' id='word_1_193' title='bbox 328 2847 527 2914; x_wconf 87' lang='lat' dir='ltr'><strong>fuisse</strong></span> <span class='ocrx_word' id='word_1_194' title='bbox 570 2848 960 2915; x_wconf 77' lang='lat' dir='ltr'><strong>vocabulum</strong></span> <span class='ocrx_word' id='word_1_195' title='bbox 999 2846 1111 2915; x_wconf 86' lang='lat' dir='ltr'><strong>Gr.</strong></span> <span class='ocrx_word' id='word_1_196' title='bbox 1152 2850 1343 2924; x_wconf 78' lang='grc' dir='ltr'><strong>τόνος.</strong></span> <span class='ocrx_word' id='word_1_197' title='bbox 1389 2851 1577 2917; x_wconf 90' lang='lat' dir='ltr'><strong>Nunc</strong></span> <span class='ocrx_word' id='word_1_198' title='bbox 1621 2853 1908 2937; x_wconf 89' lang='lat' dir='ltr'><strong>suspicor</strong></span> <span class='ocrx_word' id='word_1_199' title='bbox 1942 2855 2111 2916; x_wconf 87' lang='lat' dir='ltr'><strong>inter</strong></span> <span class='ocrx_word' id='word_1_200' title='bbox 2148 2859 2272 2916; x_wconf 76' lang='lat' dir='ltr'><strong>tum</strong></span> <span class='ocrx_word' id='word_1_201' title='bbox 2309 2856 2376 2917; x_wconf 90' lang='lat' dir='ltr'><strong>et</strong></span> <span class='ocrx_word' id='word_1_202' title='bbox 2410 2852 2711 2916; x_wconf 59' lang='lat' dir='ltr'><strong>scribendi</strong></span> 
     </span>
     <span class='ocr_line' id='line_1_22' title="bbox 331 2954 1545 3036; baseline 0.002 -17"><span class='ocrx_word' id='word_1_203' title='bbox 331 2954 641 3021; x_wconf 75' lang='lat' dir='ltr'><strong>excidisse</strong></span> <span class='ocrx_word' id='word_1_204' title='bbox 680 2978 885 3036; x_wconf 71' lang='lat' dir='ltr'><strong>yenuc.</strong></span> <span class='ocrx_word' id='word_1_205' title='bbox 1540 2976 1545 2981; x_wconf 78' lang='lat'><strong>·</strong></span> 
     </span>
    </p>
   </div>
   <div class='ocr_carea' id='block_1_6' title="bbox 328 3172 2732 3581">
    <p class='ocr_par' dir='ltr' id='par_1_6' title="bbox 328 3172 2732 3581">
     <span class='ocr_line' id='line_1_23' title="bbox 422 3172 2732 3259; baseline 0.001 -20"><span class='ocrx_word' id='word_1_206' title='bbox 422 3172 562 3240; x_wconf 88' lang='lat' dir='ltr'><strong>XV.</strong></span> <span class='ocrx_word' id='word_1_207' title='bbox 614 3174 719 3254; x_wconf 92' lang='lat'><strong>11,</strong></span> <span class='ocrx_word' id='word_1_208' title='bbox 746 3174 808 3241; x_wconf 82' lang='lat'><strong>2.</strong></span> <span class='ocrx_word' id='word_1_209' title='bbox 871 3174 1165 3257; x_wconf 87' lang='lat' dir='ltr'><strong>(Brutus)</strong></span> <span class='ocrx_word' id='word_1_210' title='bbox 1218 3176 1335 3240; x_wconf 75' lang='lat' dir='ltr'><strong>cito</strong></span> <span class='ocrx_word' id='word_1_211' title='bbox 1381 3177 1644 3241; x_wconf 67' lang='lat' dir='ltr'><strong>deiectus</strong></span> <span class='ocrx_word' id='word_1_212' title='bbox 1684 3184 1771 3241; x_wconf 74' lang='lat' dir='ltr'><strong>est</strong></span> <span class='ocrx_word' id='word_1_213' title='bbox 1817 3178 1892 3240; x_wconf 80' lang='lat' dir='ltr'><strong>de</strong></span> <span class='ocrx_word' id='word_1_214' title='bbox 1937 3176 2049 3240; x_wconf 77' lang='lat' dir='ltr'><strong>illo</strong></span> <span class='ocrx_word' id='word_1_215' title='bbox 2095 3177 2272 3241; x_wconf 76' lang='lat' dir='ltr'><strong>inani</strong></span> <span class='ocrx_word' id='word_1_216' title='bbox 2316 3198 2577 3241; x_wconf 68' lang='lat' dir='ltr'><strong>«nemone</strong></span> <span class='ocrx_word' id='word_1_217' title='bbox 2623 3214 2732 3259; x_wconf 22' lang='grc'><strong>-,</strong></span> 
     </span>
     <span class='ocr_line' id='line_1_24' title="bbox 328 3280 2710 3365; baseline 0.002 -20"><span class='ocrx_word' id='word_1_218' title='bbox 328 3280 485 3345; x_wconf 82' lang='lat' dir='ltr'><strong>velle</strong></span> <span class='ocrx_word' id='word_1_219' title='bbox 530 3303 651 3346; x_wconf 70' lang='lat' dir='ltr'><strong>esee</strong></span> <span class='ocrx_word' id='word_1_220' title='bbox 695 3282 953 3345; x_wconf 70' lang='lat' dir='ltr'><strong>dixerat.</strong></span> <span class='ocrx_word' id='word_1_221' title='bbox 1002 3281 1101 3347; x_wconf 90' lang='lat' dir='ltr'><strong>Ita</strong></span> <span class='ocrx_word' id='word_1_222' title='bbox 1146 3281 1319 3347; x_wconf 87' lang='lat' dir='ltr'><strong>Med.</strong></span> <span class='ocrx_word' id='word_1_223' title='bbox 1370 3281 1682 3347; x_wconf 85' lang='lat' dir='ltr'><strong>Nonnulli</strong></span> <span class='ocrx_word' id='word_1_224' title='bbox 1730 3281 2097 3348; x_wconf 84' lang='lat' dir='ltr'><strong>ediderunt:</strong></span> <span class='ocrx_word' id='word_1_225' title='bbox 2150 3283 2302 3347; x_wconf 79' lang='lat' dir='ltr'><strong>velle</strong></span> <span class='ocrx_word' id='word_1_226' title='bbox 2345 3305 2410 3348; x_wconf 74' lang='lat' dir='ltr'><strong>se</strong></span> <span class='ocrx_word' id='word_1_227' title='bbox 2451 3285 2710 3365; x_wconf 67' lang='lat' dir='ltr'><strong>dixerat,</strong></span> 
     </span>
     <span class='ocr_line' id='line_1_25' title="bbox 330 3385 2712 3477; baseline 0.003 -26"><span class='ocrx_word' id='word_1_228' title='bbox 330 3385 445 3451; x_wconf 90' lang='lat' dir='ltr'><strong>alii</strong></span> <span class='ocrx_word' id='word_1_229' title='bbox 509 3388 663 3452; x_wconf 83' lang='lat' dir='ltr'><strong>velle</strong></span> <span class='ocrx_word' id='word_1_230' title='bbox 719 3388 873 3451; x_wconf 79' lang='lat' dir='ltr'><strong>enim</strong></span> <span class='ocrx_word' id='word_1_231' title='bbox 931 3410 995 3452; x_wconf 71' lang='lat' dir='ltr'><strong>se</strong></span> <span class='ocrx_word' id='word_1_232' title='bbox 1054 3389 1312 3453; x_wconf 73' lang='lat' dir='ltr'><strong>dixerat.</strong></span> <span class='ocrx_word' id='word_1_233' title='bbox 1382 3387 1565 3453; x_wconf 89' lang='lat' dir='ltr'><strong>Nihil</strong></span> <span class='ocrx_word' id='word_1_234' title='bbox 1625 3389 2012 3455; x_wconf 85' lang='lat' dir='ltr'><strong>mutandum</strong></span> <span class='ocrx_word' id='word_1_235' title='bbox 2073 3410 2294 3455; x_wconf 87' lang='lat' dir='ltr'><strong>censeo</strong></span> <span class='ocrx_word' id='word_1_236' title='bbox 2314 3439 2331 3468; x_wconf 95' lang='lat'><em>,</em></span> <span class='ocrx_word' id='word_1_237' title='bbox 2395 3390 2504 3456; x_wconf 89' lang='lat' dir='ltr'><strong>sed</strong></span> <span class='ocrx_word' id='word_1_238' title='bbox 2566 3398 2712 3477; x_wconf 86' lang='lat' dir='ltr'><strong>post</strong></span> 
     </span>
     <span class='ocr_line' id='line_1_26' title="bbox 328 3495 1587 3581; baseline 0.003 -26"><span class='ocrx_word' id='word_1_239' title='bbox 328 3515 591 3558; x_wconf 68' lang='lat' dir='ltr'><strong>sermone</strong></span> <span class='ocrx_word' id='word_1_240' title='bbox 636 3497 948 3559; x_wconf 85' lang='lat' dir='ltr'><strong>omissum</strong></span> <span class='ocrx_word' id='word_1_241' title='bbox 993 3502 1183 3581; x_wconf 86' lang='lat' dir='ltr'><strong>puto:</strong></span> <span class='ocrx_word' id='word_1_242' title='bbox 1233 3517 1297 3559; x_wconf 74' lang='lat' dir='ltr'><strong>ee</strong></span> <span class='ocrx_word' id='word_1_243' title='bbox 1342 3495 1587 3559; x_wconf 81' lang='lat' dir='ltr'><strong>Romae.</strong></span> 
     </span>
    </p>
   </div>
   <div class='ocr_carea' id='block_1_7' title="bbox 330 3710 2712 4442">
    <p class='ocr_par' dir='ltr' id='par_1_7' title="bbox 330 3710 2712 4442">
     <span class='ocr_line' id='line_1_27' title="bbox 422 3710 2710 3792; baseline 0.002 -15"><span class='ocrx_word' id='word_1_244' title='bbox 422 3710 562 3778; x_wconf 87' lang='lat' dir='ltr'><strong>XV.</strong></span> <span class='ocrx_word' id='word_1_245' title='bbox 616 3712 719 3792; x_wconf 88' lang='grc'><strong>13,</strong></span> <span class='ocrx_word' id='word_1_246' title='bbox 750 3714 809 3778; x_wconf 93' lang='grc'><strong>1.</strong></span> <span class='ocrx_word' id='word_1_247' title='bbox 881 3713 957 3780; x_wconf 91' lang='lat' dir='ltr'><strong>In</strong></span> <span class='ocrx_word' id='word_1_248' title='bbox 1018 3714 1423 3781; x_wconf 78' lang='lat' dir='ltr'><strong>adnotatione</strong></span> <span class='ocrx_word' id='word_1_249' title='bbox 1486 3716 1565 3781; x_wconf 89' lang='lat' dir='ltr'><strong>ad</strong></span> <span class='ocrx_word' id='word_1_250' title='bbox 1626 3717 1819 3781; x_wconf 80' lang='lat' dir='ltr'><strong>verba</strong></span> <span class='ocrx_word' id='word_1_251' title='bbox 1880 3723 1949 3780; x_wconf 78' lang='lat' dir='ltr'><strong>ut</strong></span> <span class='ocrx_word' id='word_1_252' title='bbox 2007 3739 2113 3781; x_wconf 72' lang='lat' dir='ltr'><strong>nec</strong></span> <span class='ocrx_word' id='word_1_253' title='bbox 2159 3718 2335 3780; x_wconf 68' lang='lat' dir='ltr'><strong>eluces</strong></span> <span class='ocrx_word' id='word_1_254' title='bbox 2377 3716 2562 3781; x_wconf 65' lang='lat' dir='ltr'><strong>simu-1</strong></span> <span class='ocrx_word' id='word_1_255' title='bbox 2603 3740 2710 3782; x_wconf 79' lang='lat' dir='ltr'><strong>nec</strong></span> 
     </span>
     <span class='ocr_line' id='line_1_28' title="bbox 331 3820 2711 3908; baseline 0.002 -24"><span class='ocrx_word' id='word_1_256' title='bbox 331 3844 539 3902; x_wconf 71' lang='lat' dir='ltr'><strong>aqmen</strong></span> <span class='ocrx_word' id='word_1_257' title='bbox 584 3843 850 3902; x_wconf 66' lang='lat' dir='ltr'><strong>coqamus</strong></span> <span class='ocrx_word' id='word_1_258' title='bbox 892 3820 1231 3886; x_wconf 86' lang='lat' dir='ltr'><strong>nonnullas</strong></span> <span class='ocrx_word' id='word_1_259' title='bbox 1279 3822 1633 3888; x_wconf 87' lang='lat' dir='ltr'><strong>locutiones</strong></span> <span class='ocrx_word' id='word_1_260' title='bbox 1681 3842 1718 3887; x_wconf 89' lang='lat' dir='ltr'><strong>a</strong></span> <span class='ocrx_word' id='word_1_261' title='bbox 1763 3843 1830 3887; x_wconf 89' lang='lat' dir='ltr'><strong>re</strong></span> <span class='ocrx_word' id='word_1_262' title='bbox 1870 3822 2141 3887; x_wconf 83' lang='lat' dir='ltr'><strong>milit-ari</strong></span> <span class='ocrx_word' id='word_1_263' title='bbox 2180 3822 2548 3908; x_wconf 86' lang='lat' dir='ltr'><strong>desumptas</strong></span> <span class='ocrx_word' id='word_1_264' title='bbox 2589 3822 2711 3889; x_wconf 91' lang='lat' dir='ltr'><strong>col—</strong></span> 
     </span>
     <span class='ocr_line' id='line_1_29' title="bbox 331 3927 2712 4016; baseline 0.001 -23"><span class='ocrx_word' id='word_1_265' title='bbox 331 3927 485 4015; x_wconf 88' lang='lat' dir='ltr'><strong>legi.</strong></span> <span class='ocrx_word' id='word_1_266' title='bbox 526 3927 703 3994; x_wconf 90' lang='lat' dir='ltr'><strong>Idem</strong></span> <span class='ocrx_word' id='word_1_267' title='bbox 739 3934 1199 4015; x_wconf 78' lang='lat' dir='ltr'><strong>argumentum</strong></span> <span class='ocrx_word' id='word_1_268' title='bbox 1238 3935 1585 3994; x_wconf 83' lang='lat' dir='ltr'><strong>tractatum</strong></span> <span class='ocrx_word' id='word_1_269' title='bbox 1624 3934 1722 3995; x_wconf 89' lang='lat' dir='ltr'><strong>est</strong></span> <span class='ocrx_word' id='word_1_270' title='bbox 1759 3932 1828 3993; x_wconf 90' lang='lat' dir='ltr'><strong>in</strong></span> <span class='ocrx_word' id='word_1_271' title='bbox 1867 3936 2342 4015; x_wconf 76' lang='lat' dir='ltr'><strong>programmate</strong></span> <span class='ocrx_word' id='word_1_272' title='bbox 2381 3932 2712 4016; x_wconf 81' lang='lat' dir='ltr'><strong>gymnasii</strong></span> 
     </span>
     <span class='ocr_line' id='line_1_30' title="bbox 330 4032 2710 4123; baseline 0.001 -24"><span class='ocrx_word' id='word_1_273' title='bbox 330 4032 723 4101; x_wconf 84' lang='lat' dir='ltr'><strong>Laudaviani</strong></span> <span class='ocrx_word' id='word_1_274' title='bbox 781 4055 836 4100; x_wconf 89' lang='lat' dir='ltr'><strong>a.</strong></span> <span class='ocrx_word' id='word_1_275' title='bbox 890 4033 1085 4113; x_wconf 81' lang='lat'>1886,</span> <span class='ocrx_word' id='word_1_276' title='bbox 1149 4035 1263 4099; x_wconf 89' lang='lat' dir='ltr'><strong>ubi</strong></span> <span class='ocrx_word' id='word_1_277' title='bbox 1307 4034 1386 4099; x_wconf 92' lang='lat' dir='ltr'><strong>D.</strong></span> <span class='ocrx_word' id='word_1_278' title='bbox 1438 4034 1724 4100; x_wconf 88' lang='lat' dir='ltr'><strong>Wollner</strong></span> <span class='ocrx_word' id='word_1_279' title='bbox 1768 4036 1963 4100; x_wconf 88' lang='lat' dir='ltr'><strong>huius</strong></span> <span class='ocrx_word' id='word_1_280' title='bbox 2009 4038 2262 4123; x_wconf 87' lang='lat' dir='ltr'><strong>generis</strong></span> <span class='ocrx_word' id='word_1_281' title='bbox 2307 4036 2710 4122; x_wconf 88' lang='lat' dir='ltr'><strong>metaphoras</strong></span> 
     </span>
     <span class='ocr_line' id='line_1_31' title="bbox 332 4138 2708 4229; baseline 0 -22"><span class='ocrx_word' id='word_1_282' title='bbox 332 4161 367 4207; x_wconf 90' lang='lat' dir='ltr'><strong>e</strong></span> <span class='ocrx_word' id='word_1_283' title='bbox 438 4143 689 4228; x_wconf 87' lang='lat' dir='ltr'><strong>scriptis</strong></span> <span class='ocrx_word' id='word_1_284' title='bbox 755 4142 1085 4207; x_wconf 88' lang='lat' dir='ltr'><strong>rhetoricis</strong></span> <span class='ocrx_word' id='word_1_285' title='bbox 1149 4138 1467 4207; x_wconf 84' lang='lat' dir='ltr'><strong>Ciceronis</strong></span> <span class='ocrx_word' id='word_1_286' title='bbox 1487 4189 1503 4220; x_wconf 89' lang='lat'><em>,</em></span> <span class='ocrx_word' id='word_1_287' title='bbox 1570 4140 1969 4221; x_wconf 82' lang='lat' dir='ltr'><strong>Quintiliano</strong></span> <span class='ocrx_word' id='word_1_288' title='bbox 2033 4146 2097 4207; x_wconf 89' lang='lat' dir='ltr'><strong>et</strong></span> <span class='ocrx_word' id='word_1_289' title='bbox 2158 4140 2378 4206; x_wconf 81' lang='lat' dir='ltr'><strong>Tacito</strong></span> <span class='ocrx_word' id='word_1_290' title='bbox 2425 4141 2708 4229; x_wconf 81' lang='lat' dir='ltr'><strong>collegit.</strong></span> 
     </span>
     <span class='ocr_line' id='line_1_32' title="bbox 334 4244 2710 4334; baseline 0 -19"><span class='ocrx_word' id='word_1_291' title='bbox 334 4244 432 4315; x_wconf 87' lang='lat' dir='ltr'><strong>Of.</strong></span> <span class='ocrx_word' id='word_1_292' title='bbox 495 4270 743 4334; x_wconf 89' lang='lat' dir='ltr'><strong>quoque</strong></span> <span class='ocrx_word' id='word_1_293' title='bbox 805 4247 1124 4314; x_wconf 91' lang='lat' dir='ltr'><strong>Woelflini</strong></span> <span class='ocrx_word' id='word_1_294' title='bbox 1169 4268 1376 4313; x_wconf 87' lang='lat' dir='ltr'><strong>sermo</strong></span> <span class='ocrx_word' id='word_1_295' title='bbox 1424 4248 1500 4313; x_wconf 92' lang='lat' dir='ltr'><strong>de</strong></span> <span class='ocrx_word' id='word_1_296' title='bbox 1545 4247 1712 4313; x_wconf 92' lang='lat' dir='ltr'><strong>bello</strong></span> <span class='ocrx_word' id='word_1_297' title='bbox 1760 4254 1825 4313; x_wconf 91' lang='lat' dir='ltr'><strong>et</strong></span> <span class='ocrx_word' id='word_1_298' title='bbox 1874 4268 2027 4334; x_wconf 89' lang='lat' dir='ltr'><strong>pace</strong></span> <span class='ocrx_word' id='word_1_299' title='bbox 2071 4249 2140 4312; x_wconf 93' lang='lat' dir='ltr'><strong>in</strong></span> <span class='ocrx_word' id='word_1_300' title='bbox 2187 4248 2543 4333; x_wconf 84' lang='lat' dir='ltr'><strong>proverbiis</strong></span> <span class='ocrx_word' id='word_1_301' title='bbox 2589 4248 2710 4315; x_wconf 90' lang='lat' dir='ltr'><strong>Ro-</strong></span> 
     </span>
     <span class='ocr_line' id='line_1_33' title="bbox 331 4352 2707 4442; baseline -0 -22"><span class='ocrx_word' id='word_1_302' title='bbox 331 4375 671 4420; x_wconf 86' lang='lat' dir='ltr'><strong>manorum</strong></span> <span class='ocrx_word' id='word_1_303' title='bbox 690 4404 707 4433; x_wconf 86' lang='lat'><em>,</em></span> <span class='ocrx_word' id='word_1_304' title='bbox 757 4357 869 4440; x_wconf 89' lang='lat' dir='ltr'><strong>qui</strong></span> <span class='ocrx_word' id='word_1_305' title='bbox 912 4353 1121 4420; x_wconf 87' lang='lat' dir='ltr'><strong>editus</strong></span> <span class='ocrx_word' id='word_1_306' title='bbox 1170 4361 1266 4419; x_wconf 87' lang='lat' dir='ltr'><strong>est</strong></span> <span class='ocrx_word' id='word_1_307' title='bbox 1309 4357 1377 4419; x_wconf 91' lang='lat' dir='ltr'><strong>in</strong></span> <span class='ocrx_word' id='word_1_308' title='bbox 1424 4352 2007 4442; x_wconf 84' lang='lat' dir='ltr'><strong>Sit-zungsberichte</strong></span> <span class='ocrx_word' id='word_1_309' title='bbox 2053 4353 2163 4420; x_wconf 90' lang='lat' dir='ltr'><strong>der</strong></span> <span class='ocrx_word' id='word_1_310' title='bbox 2211 4352 2442 4441; x_wconf 86' lang='lat' dir='ltr'><strong>philos.</strong></span> <span class='ocrx_word' id='word_1_311' title='bbox 2485 4354 2707 4440; x_wconf 89' lang='lat' dir='ltr'><strong>philol.</strong></span> 
     </span>
    </p>
   </div>
   <div class='ocr_carea' id='block_1_8' title="bbox 334 4458 2708 4547">
    <p class='ocr_par' dir='ltr' id='par_1_8' title="bbox 334 4458 2708 4547">
     <span class='ocr_line' id='line_1_34' title="bbox 334 4458 2708 4547; baseline -0.001 -18"><span class='ocrx_word' id='word_1_312' title='bbox 334 4458 550 4529; x_wconf 84' lang='lat' dir='ltr'><strong>Classe</strong></span> <span class='ocrx_word' id='word_1_313' title='bbox 588 4462 699 4527; x_wconf 90' lang='lat' dir='ltr'><strong>der</strong></span> <span class='ocrx_word' id='word_1_314' title='bbox 736 4460 941 4527; x_wconf 83' lang='lat' dir='ltr'><strong>Akad.</strong></span> <span class='ocrx_word' id='word_1_315' title='bbox 968 4462 1076 4526; x_wconf 91' lang='lat' dir='ltr'><strong>der</strong></span> <span class='ocrx_word' id='word_1_316' title='bbox 1099 4459 1287 4526; x_wconf 89' lang='lat' dir='ltr'><strong>Wiss.</strong></span> <span class='ocrx_word' id='word_1_317' title='bbox 1314 4482 1393 4525; x_wconf 86' lang='lat' dir='ltr'><strong>zu</strong></span> <span class='ocrx_word' id='word_1_318' title='bbox 1414 4460 1746 4527; x_wconf 76' lang='lat' dir='ltr'><strong>Miinchen</strong></span> <span class='ocrx_word' id='word_1_319' title='bbox 1775 4460 1948 4527; x_wconf 89' lang='lat'>1888</span> <span class='ocrx_word' id='word_1_320' title='bbox 1972 4460 2124 4527; x_wconf 88' lang='lat' dir='ltr'><strong>fasc.</strong></span> <span class='ocrx_word' id='word_1_321' title='bbox 2149 4458 2212 4525; x_wconf 88' lang='lat' dir='ltr'><strong>H</strong></span> <span class='ocrx_word' id='word_1_322' title='bbox 2235 4482 2299 4547; x_wconf 95' lang='lat' dir='ltr'><strong>p.</strong></span> <span class='ocrx_word' id='word_1_323' title='bbox 2331 4458 2708 4528; x_wconf 82' lang='lat'><strong>197--215.</strong></span> 
     </span>
    </p>
   </div>
  </div>
 </body>
</html>
