3192 5009
1025 250 1110 300 nn
1151 244 1765 301 miuemnomus
1810 248 2110 301 nomme.
2627 232 2757 298 459

389 420 737 505 putabatur
799 421 854 481 si
911 418 1029 483 hoc
1089 417 1364 483 officium
1426 421 1630 484 amico
1692 418 2084 503 praestabat3
2150 419 2444 502 inprimis
2504 419 2573 481 in
2619 419 2757 501 ipso

387 523 660 610 collegio
722 544 1044 611 augurum
1104 524 1223 589 hoc
1284 524 1626 610 diligenter
1671 524 2142 601 observabatur,
2192 528 2257 588 et
2303 544 2503 589 novus
2552 544 2763 610 augur

389 632 461 695 in
505 632 783 715 parentis
827 629 964 696 loco
1009 628 1212 695 colere
1259 630 1526 695 debebat
1573 652 1724 695 eum
1773 652 1810 695 a
1857 651 1981 714 quo
2030 630 2453 716 inauguratus
2500 634 2635 694 erat
2650 676 2667 707 ,
2724 649 2761 692 a

398 758 520 821 quo
579 736 800 801 eodem
859 740 1056 801 etiam
1115 739 1184 801 in
1230 740 1660 802 nominatione
1708 736 2025 821 praelatus
2074 742 2243 814 erat,
2291 742 2368 800 ut
2415 733 2631 802 Cicero
2679 736 2757 799 ab

397 840 731 907 Hortensio
759 838 846 922 ¹);
899 842 978 906 ad
1022 863 1280 907 coenam
1325 864 1449 928 qua
1495 863 1697 907 novus
1744 842 2027 907 sacerdos
2074 863 2289 907 recens
2334 845 2759 927 inauguratus

397 948 749 1014 celebrabat
803 948 973 1014 diem
1036 948 1314 1014 natalem
1373 952 1474 1013 sui
1520 948 1853 1014 sacerdotii
1870 996 1887 1026 ,
1936 950 2133 1013 etiam
2181 947 2471 1014 advocari
2516 946 2759 1013 solebat

387 1077 597 1141 augur
637 1056 746 1140 qui
785 1056 846 1119 ei
883 1053 1162 1120 officium
1198 1058 1600 1139 praestiterat
1629 1054 1700 1135 ⁹).
1752 1053 1874 1119 Sed
1914 1076 2302 1140 quamquam
2343 1054 2498 1119 haec
2544 1055 2758 1118 omnia

387 1185 514 1227 non
573 1163 910 1249 exigebant
972 1182 1228 1246 operam
1275 1161 1605 1226 Pontificis
1652 1160 1851 1238 Max„
1900 1167 1966 1225 et
2013 1162 2275 1225 fortasse
2324 1167 2490 1225 recte
2538 1160 2760 1246 peragi

387 1272 733 1354 potuerunt
778 1269 912 1331 sine
958 1270 1094 1331 eius
1140 1269 1319 1331 iussu
1368 1272 1432 1332 et
1479 1270 1615 1331 sine
1662 1266 1909 1331 decreto
1959 1266 2218 1353 collegii
2238 1315 2255 1344 ,
2305 1266 2495 1331 modo
2542 1286 2621 1330 ne
2668 1267 2760 1328 in·

387 1372 749 1459 terpellaret
808 1372 1106 1437 Pontifex
1168 1372 1336 1457 quod
1395 1371 1637 1457 aliquid
1698 1378 1915 1437 contra
1978 1372 2070 1437 fas
2135 1378 2246 1437 aut
2308 1392 2557 1437 morem
2621 1370 2760 1435 fieri

384 1479 665 1557 videret,
737 1484 950 1544 tamen
1017 1500 1092 1543 ea
1157 1482 1374 1565 peragi
1443 1485 1610 1544 certe
1680 1500 1803 1543 non
1873 1479 2129 1544 decebat
2206 1481 2329 1543 nisi
2412 1480 2757 1544 censuisset

384 1586 680 1651 Pontifex
737 1584 914 1650 Max.
967 1586 1195 1650 certior
1240 1586 1443 1649 factus
1461 1634 1478 1663 ,
1529 1591 1643 1650 aut
1691 1606 1764 1651 eo
1811 1586 2066 1650 absente
2112 1588 2167 1649 is
2215 1587 2326 1670 (1111
2374 1584 2642 1672 collegio
2690 1587 2757 1649 in

385 1697 641 1777 tempus
707 1696 992 1777 praeerat
1021 1690 1090 1773 ³).
1178 1690 1343 1769 Quin
1406 1694 1602 1756 etiam
1662 1691 1763 1755 his
1824 1693 2221 1757 caerimoniis
2285 1712 2533 1776 quoque
2600 1710 2755 1776 quas

383 1800 520 1863 sine
566 1800 838 1863 comitiis
884 1818 997 1882 per
1041 1818 1356 1883 augurem
1403 1798 1527 1862 sibi
1571 1800 1854 1862 amicum
1902 1796 2228 1862 absolvere
2275 1801 2568 1881 poterant
2604 1798 2755 1862 novi

383 1904 732 1971 sacerdotes
748 1952 764 1982 ,
835 1904 1028 1968 verbo
1097 1908 1282 1969 tenus
1353 1902 1580 1968 saltem
1643 1908 1707 1968 et
1768 1906 1906 1967 iure
1970 1902 2348 1968 Pontificem
2410 1902 2754 1987 praefuisse

382 2010 880 2075 existimandum
939 2009 1212 2086 videtur,
1276 2012 1527 2075 etiamsi
1572 2008 1891 2073 nonnullis
1938 2007 2093 2074 locis
2138 2009 2369 2093 quibus
2417 2009 2492 2074 de
2538 2009 2756 2074 huius-

382 2116 560 2181 modi
628 2117 1221 2202 inaugurationibus
1287 2115 1518 2180 ultimo
1582 2114 1833 2180 saeculo
1897 2114 2079 2180 factis
2142 2135 2349 2179 sermo
2414 2120 2511 2179 est
2575 2113 2755 2180 nulla

381 2224 624 2287 mentio
692 2221 766 2286 fit
833 2221 1157 2287 Pontificis
1175 2270 1192 2299 ,
1268 2227 1332 2286 et
1401 2227 1686 2287 auctores
1759 2220 2112 2307 significare
2184 2220 2487 2285 videntur
2556 2241 2636 2286 no
2646 2241 2753 2287 vos

384 2328 730 2393 sacerdotes
789 2330 858 2391 in
920 2330 1009 2393 eis
1071 2349 1254 2392 suam
1315 2348 1452 2392 rem
1513 2326 1678 2393 solos
1742 2329 1949 2412 egisse
1995 2331 2169 2412 (pag.
2218 2324 2351 2391 458
2400 2326 2542 2392 adn.
2596 2326 2629 2390 1
2685 2330 2751 2392 et

385 2434 574 2499 huius
597 2454 744 2521 pag.
773 2433 911 2498 adn.
943 2434 1025 2515 1).
1074 2433 1371 2519 Inprimis
1409 2434 1526 2499 hoc
1565 2454 1863 2519 apparere
1904 2432 2160 2511 debuit,
2201 2434 2314 2497 ubi
2352 2432 2511 2498 forte
2546 2452 2751 2498 novus

383 2540 666 2605 sacerdos
726 2544 838 2605 aut
896 2561 1022 2606 non
1081 2540 1352 2606 habebat
1413 2561 1727 2627 augurem
1790 2542 1970 2604 cuius
2018 2539 2299 2604 officium
2345 2545 2589 2624 peteret
2637 2544 2750 2605 aut

380 2644 636 2711 nolebat
682 2649 954 2731 experiri
997 2645 1270 2711 alienam
1308 2646 1851 2723 benevolentiam;
1892 2648 2037 2709 tum
2073 2648 2128 2709 is
2168 2644 2546 2711 Pontificem
2571 2645 2752 2719 Max.

383 2751 556 2817 adire
617 2748 837 2819 debuit
894 2758 970 2817 ut
1029 2754 1152 2818 sibi
1212 2774 1526 2840 augurem
1574 2751 1934 2838 praeberet,
1983 2772 2133 2816 nam
2180 2754 2237 2815 is
2282 2749 2457 2816 solus
2502 2756 2753 2837 poterat

383 2878 695 2945 augurem
755 2857 968 2924 adesse
1028 2864 1093 2924 61
1153 2880 1414 2925 munere
1462 2860 1649 2946 fungi
1694 2859 1911 2923 iubere
1937 2858 2027 2937 ⁴);
2085 2862 2409 2942 praeterea
2455 2860 2512 2922 si
2556 2878 2754 2922 sacer-

384 2965 494 3029 dos
537 2967 604 3029 in
650 2964 864 3049 aliqua
903 2987 969 3031 re
1015 2967 1310 3051 peccabat
1351 2971 1463 3031 aut
1497 2988 1624 3030 non
1660 2966 1953 3050 parebat,
1998 2963 2293 3028 Pontifex
2331 2962 2508 3028 Max.
2553 2966 2751 3029 etiam

385 3072 862 3157 inauguratione
911 3092 1068 3156 quae
1116 3094 1228 3156 per
1275 3092 1549 3158 augures
1600 3071 1767 3136 solos
1814 3071 1992 3135 fieret
2039 3073 2098 3135 ei
2142 3069 2516 3135 interdicere
2565 3075 2748 3155 potu-

388 3178 504 3241 erit
561 3198 811 3243 necesse
866 3183 995 3256 est,
1059 3200 1184 3242 non
1245 3181 1458 3243 minus
1521 3199 1714 3262 quam
1760 3180 1815 3242 si
1865 3179 2124 3241 comitia
2171 3176 2523 3242 adhibenda
2570 3181 2749 3242 erant

383 3288 456 3345 ut
515 3282 683 3367 apud
729 3282 870 3349 Liv.
921 3282 1026 3348 40.
1055 3282 1162 3348 42.
1191 3282 1264 3362 8;
1318 3284 1584 3369 denique
1631 3286 1685 3348 si
1730 3304 1933 3348 novus
1984 3282 2271 3347 sacerdos
2320 3284 2455 3367 ipse
2500 3303 2753 3347 moram

377 3388 708 3454 afferrebat
767 3392 1105 3474 quominus
1159 3376 1669 3477 inauguraretur,
1720 3389 2015 3454 Pontifici
2059 3387 2238 3453 Max.
2287 3387 2751 3473 providendum

379 3502 513 3559 erat
557 3516 637 3560 ne
685 3516 762 3561 ex
799 3498 934 3561 eius
975 3494 1380 3583 neglegentia
1419 3496 1526 3561 vel
1561 3496 1961 3561 contumacia
2000 3494 2459 3559 detrimentum
2500 3499 2751 3579 caperet

381 3599 607 3687 religio
625 3650 643 3679 ‚
705 3604 885 3666 cuius
945 3623 1198 3667 summa
1259 3623 1409 3667 cura
1451 3605 1517 3667 et
1563 3601 1846 3667 custodia
1897 3602 1957 3665 ei
2003 3600 2236 3666 tradita
2285 3606 2495 3679 erant;
2544 3619 2749 3685 neque

381 3707 594 3770 minus
632 3728 824 3792 quam
860 3710 915 3772 si
953 3707 1057 3773 lex
1095 3708 1346 3773 ferenda
1382 3712 1517 3773 erat
1552 3714 1653 3789 (ut
1676 3707 1845 3792 apud
1869 3706 2012 3771 Liv.
2039 3703 2150 3772 2¹7.
2176 3704 2239 3772 8.
2269 3706 2355 3789 4),
2398 3707 2746 3773 sacerdotes

380 3830 418 3875 a
483 3810 784 3878 Pontifice
843 3811 1018 3879 Max.
1088 3815 1216 3895 coqi
1269 3818 1560 3899 poterant
1619 3815 1991 3900 inaugurari
2060 3815 2115 3877 si
2176 3834 2275 3878 res
2336 3815 2405 3876 in
2450 3814 2747 3897 auspiciis

375 3922 630 3984 tantum
698 3921 1079 3986 consistebat
1093 3969 1110 3998 ‚
1181 3922 1431 3986 etiamsi
1497 3920 1661 3986 forte
1722 3926 1865 3985 tum
1930 3940 2060 3985 non
2124 3920 2195 3983 ab
2263 3940 2327 3983 eo
2385 3916 2747 4001 ὺιαωῃανανί

442 4209 498 4273 1)
533 4208 632 4260 Cic.
665 4210 804 4260 Brut.
843 4209 951 4262 1.1.
985 4236 1051 4249 --
1085 4210 1135 4273 2)
1173 4210 1384 4261 Macrob.
1419 4211 1612 4261 Satur-n.
1650 4212 1695 4261 3.
1718 4212 1897 4261 18.11.
1948 4236 1999 4249 -
2033 4210 2083 4272 3)
2116 4210 2204 4261 cfr.
2237 4211 2295 4259 de
2322 4209 2520 4259 rehand
2538 4206 2745 4259 absimili

369 4290 472 4342 Cic.
509 4292 636 4351 dom,
670 4296 752 4342 45.
773 4292 866 4345 117
901 4297 950 4343 et
986 4295 1065 4344 ⁵5.
1087 4295 1197 4345 140.
1234 4322 1297 4331 —
1329 4296 1386 4355 4)
1418 4294 1488 4343 Eo
1523 4294 1766 4360 pertinent
1799 4292 1944 4343 verba
1976 4293 2199 4343 mutilata
2230 4292 2360 4343 Festi
2393 4308 2501 4358 pag.
2536 4293 2653 4354 348,
2682 4292 2743 4343 de

367 4372 548 4439 quibus
577 4374 850 4441 supplendis
881 4374 978 4441 egit
1013 4377 1279 4427 Mommsen
1314 4378 1516 4428 Stcstsr.
1549 4378 1582 4427 2
1615 4392 1721 4443 pag.
1758 4377 1821 4426 85
1854 4376 1965 4427 adn.
2000 4376 2039 4425 1.
