<?xml version="1.0" encoding="UTF-8"?>
<!DOCTYPE html PUBLIC "-//W3C//DTD XHTML 1.0 Transitional//EN"
    "http://www.w3.org/TR/xhtml1/DTD/xhtml1-transitional.dtd">
<html xmlns="http://www.w3.org/1999/xhtml" xml:lang="en" lang="en">
 <head>
  <title>
</title>
<meta http-equiv="Content-Type" content="text/html;charset=utf-8" />
  <meta name='ocr-system' content='tesseract 3.04.00' />
  <meta name='ocr-capabilities' content='ocr_page ocr_carea ocr_par ocr_line ocrx_word'/>
</head>
<body>
  <div class='ocr_page' id='page_1' title='image "./mnemosyne07servgoog_0100.png"; bbox 0 0 3192 5009; ppageno 0'>
   <div class='ocr_carea' id='block_1_1' title="bbox 565 213 2146 279">
    <p class='ocr_par' dir='ltr' id='par_1_1' title="bbox 565 213 2146 279">
     <span class='ocr_line' id='line_1_1' title="bbox 565 213 2146 279; baseline -0.002 0"><span class='ocrx_word' id='word_1_1' title='bbox 565 213 652 279; x_wconf 82' lang='lat'>92</span> <span class='ocrx_word' id='word_1_2' title='bbox 1364 232 1449 278; x_wconf 77' lang='lat' dir='ltr'>nn</span> <span class='ocrx_word' id='word_1_3' title='bbox 1494 233 1646 279; x_wconf 69' lang='lat' dir='ltr'>mnu</span> <span class='ocrx_word' id='word_1_4' title='bbox 1694 231 2146 279; x_wconf 68' lang='lat' dir='ltr'>onsunmnm.</span> 
     </span>
    </p>
   </div>
   <div class='ocr_carea' id='block_1_2' title="bbox 557 395 2971 2392">
    <p class='ocr_par' dir='ltr' id='par_1_2' title="bbox 557 395 2971 2392">
     <span class='ocr_line' id='line_1_2' title="bbox 562 395 2950 483; baseline 0 -21"><span class='ocrx_word' id='word_1_5' title='bbox 562 402 748 474; x_wconf 85' lang='lat' dir='ltr'>runt,</span> <span class='ocrx_word' id='word_1_6' title='bbox 795 398 946 482; x_wconf 90' lang='lat' dir='ltr'>quia</span> <span class='ocrx_word' id='word_1_7' title='bbox 983 417 1135 462; x_wconf 89' lang='lat' dir='ltr'>eum</span> <span class='ocrx_word' id='word_1_8' title='bbox 1172 417 1506 482; x_wconf 80' lang='lat' dir='ltr'><strong>perperam</strong></span> <span class='ocrx_word' id='word_1_9' title='bbox 1542 397 2129 483; x_wconf 78' lang='lat' dir='ltr'>interpretabantur</span> <span class='ocrx_word' id='word_1_10' title='bbox 2163 395 2270 462; x_wconf 87' lang='lat' dir='ltr'>vel</span> <span class='ocrx_word' id='word_1_11' title='bbox 2310 396 2478 482; x_wconf 91' lang='lat' dir='ltr'>quod</span> <span class='ocrx_word' id='word_1_12' title='bbox 2499 399 2718 482; x_wconf 86' lang='lat' dir='ltr'>potius</span> <span class='ocrx_word' id='word_1_13' title='bbox 2744 397 2950 462; x_wconf 88' lang='lat' dir='ltr'>dicam</span> 
     </span>
     <span class='ocr_line' id='line_1_3' title="bbox 564 501 2954 590; baseline 0 -22"><span class='ocrx_word' id='word_1_14' title='bbox 564 507 713 590; x_wconf 89' lang='lat' dir='ltr'>quia</span> <span class='ocrx_word' id='word_1_15' title='bbox 759 505 1044 589; x_wconf 87' lang='lat' dir='ltr'>primum</span> <span class='ocrx_word' id='word_1_16' title='bbox 1085 502 1295 568; x_wconf 85' lang='lat' dir='ltr'>verbis</span> <span class='ocrx_word' id='word_1_17' title='bbox 1334 501 1608 569; x_wconf 83' lang='lat' dir='ltr'>Zonaras</span> <span class='ocrx_word' id='word_1_18' title='bbox 1649 509 1889 569; x_wconf 87' lang='lat' dir='ltr'>temere</span> <span class='ocrx_word' id='word_1_19' title='bbox 1929 506 2200 568; x_wconf 86' lang='lat' dir='ltr'>mutatis</span> <span class='ocrx_word' id='word_1_20' title='bbox 2239 509 2352 568; x_wconf 90' lang='lat' dir='ltr'>aut</span> <span class='ocrx_word' id='word_1_21' title='bbox 2390 504 2701 590; x_wconf 83' lang='lat' dir='ltr'>neglectis</span> <span class='ocrx_word' id='word_1_22' title='bbox 2728 504 2954 570; x_wconf 84' lang='lat' dir='ltr'>deinde</span> 
     </span>
     <span class='ocr_line' id='line_1_4' title="bbox 562 605 2954 695; baseline 0 -20"><span class='ocrx_word' id='word_1_23' title='bbox 562 611 949 677; x_wconf 87' lang='lat' dir='ltr'>sententiam</span> <span class='ocrx_word' id='word_1_24' title='bbox 1010 609 1419 695; x_wconf 87' lang='lat' dir='ltr'>comprobare</span> <span class='ocrx_word' id='word_1_25' title='bbox 1482 632 1607 675; x_wconf 92' lang='lat' dir='ltr'>non</span> <span class='ocrx_word' id='word_1_26' title='bbox 1670 605 1965 695; x_wconf 75' lang='lat' dir='ltr'>poterant</span> <span class='ocrx_word' id='word_1_27' title='bbox 2011 629 2205 694; x_wconf 89' lang='lat' dir='ltr'>quam</span> <span class='ocrx_word' id='word_1_28' title='bbox 2249 611 2375 694; x_wconf 89' lang='lat' dir='ltr'>ipsi</span> <span class='ocrx_word' id='word_1_29' title='bbox 2420 612 2490 673; x_wconf 90' lang='lat' dir='ltr'>in</span> <span class='ocrx_word' id='word_1_30' title='bbox 2537 631 2690 675; x_wconf 88' lang='lat' dir='ltr'>eum</span> <span class='ocrx_word' id='word_1_31' title='bbox 2735 609 2954 676; x_wconf 87' lang='lat' dir='ltr'>locum</span> 
     </span>
     <span class='ocr_line' id='line_1_5' title="bbox 558 714 2957 801; baseline -0.001 -20"><span class='ocrx_word' id='word_1_32' title='bbox 558 715 928 782; x_wconf 89' lang='lat' dir='ltr'>intulerant.</span> <span class='ocrx_word' id='word_1_33' title='bbox 979 714 1278 800; x_wconf 81' lang='lat' dir='ltr'>Plerique</span> <span class='ocrx_word' id='word_1_34' title='bbox 1327 718 1501 792; x_wconf 87' lang='lat' dir='ltr'>enim</span> <span class='ocrx_word' id='word_1_35' title='bbox 1543 716 1882 801; x_wconf 72' lang='lat' dir='ltr'>perhibent</span> <span class='ocrx_word' id='word_1_36' title='bbox 1927 715 2236 780; x_wconf 87' lang='lat' dir='ltr'>Zonaram</span> <span class='ocrx_word' id='word_1_37' title='bbox 2275 715 2522 780; x_wconf 78' lang='lat' dir='ltr'>tradere</span> <span class='ocrx_word' id='word_1_38' title='bbox 2543 764 2558 794; x_wconf 91' lang='lat'>,</span> <span class='ocrx_word' id='word_1_39' title='bbox 2599 715 2957 798; x_wconf 69' lang='lat' dir='ltr'>spectionem</span> 
     </span>
     <span class='ocr_line' id='line_1_6' title="bbox 558 821 2961 907; baseline -0.001 -19"><span class='ocrx_word' id='word_1_40' title='bbox 558 824 834 888; x_wconf 86' lang='lat' dir='ltr'>tribunis</span> <span class='ocrx_word' id='word_1_41' title='bbox 882 821 1100 886; x_wconf 85' lang='lat' dir='ltr'>datam</span> <span class='ocrx_word' id='word_1_42' title='bbox 1150 843 1285 886; x_wconf 89' lang='lat' dir='ltr'>esse</span> <span class='ocrx_word' id='word_1_43' title='bbox 1334 843 1390 886; x_wconf 93' lang='lat' dir='ltr'>a.</span> <span class='ocrx_word' id='word_1_44' title='bbox 1440 821 1592 899; x_wconf 86' lang='lat'>449,</span> <span class='ocrx_word' id='word_1_45' title='bbox 1647 829 1710 888; x_wconf 87' lang='lat' dir='ltr'>et</span> <span class='ocrx_word' id='word_1_46' title='bbox 1750 821 1932 887; x_wconf 83' lang='lat' dir='ltr'>facile</span> <span class='ocrx_word' id='word_1_47' title='bbox 1972 842 2119 886; x_wconf 89' lang='lat' dir='ltr'>eum</span> <span class='ocrx_word' id='word_1_48' title='bbox 2160 822 2476 901; x_wconf 85' lang='lat' dir='ltr'>refutant,</span> <span class='ocrx_word' id='word_1_49' title='bbox 2518 825 2667 907; x_wconf 87' lang='lat' dir='ltr'>quia</span> <span class='ocrx_word' id='word_1_50' title='bbox 2707 829 2961 888; x_wconf 83' lang='lat' dir='ltr'>constat</span> 
     </span>
     <span class='ocr_line' id='line_1_7' title="bbox 557 926 2959 1013; baseline -0.002 -17"><span class='ocrx_word' id='word_1_51' title='bbox 557 931 847 996; x_wconf 88' lang='lat' dir='ltr'>tribunos</span> <span class='ocrx_word' id='word_1_52' title='bbox 914 931 1234 1013; x_wconf 80' lang='lat' dir='ltr'>spectione</span> <span class='ocrx_word' id='word_1_53' title='bbox 1298 931 1458 1007; x_wconf 89' lang='lat' dir='ltr'>(sine</span> <span class='ocrx_word' id='word_1_54' title='bbox 1519 930 1951 1008; x_wconf 80' lang='lat' dir='ltr'>nuntiatione)</span> <span class='ocrx_word' id='word_1_55' title='bbox 2017 926 2269 1013; x_wconf 89' lang='lat' dir='ltr'>publice</span> <span class='ocrx_word' id='word_1_56' title='bbox 2333 949 2585 1013; x_wconf 90' lang='lat' dir='ltr'>semper</span> <span class='ocrx_word' id='word_1_57' title='bbox 2655 931 2959 994; x_wconf 87' lang='lat' dir='ltr'>caruisse.</span> 
     </span>
     <span class='ocr_line' id='line_1_8' title="bbox 558 1034 2962 1122; baseline -0.001 -22"><span class='ocrx_word' id='word_1_58' title='bbox 558 1036 863 1122; x_wconf 81' lang='lat' dir='ltr'>Inprimis</span> <span class='ocrx_word' id='word_1_59' title='bbox 910 1034 1330 1119; x_wconf 89' lang='lat' dir='ltr'>improbanda</span> <span class='ocrx_word' id='word_1_60' title='bbox 1376 1042 1471 1100; x_wconf 84' lang='lat' dir='ltr'>est</span> <span class='ocrx_word' id='word_1_61' title='bbox 1518 1037 1684 1100; x_wconf 87' lang='lat' dir='ltr'>ratio</span> <span class='ocrx_word' id='word_1_62' title='bbox 1733 1055 1928 1118; x_wconf 88' lang='lat' dir='ltr'>quam</span> <span class='ocrx_word' id='word_1_63' title='bbox 1979 1041 2235 1099; x_wconf 88' lang='lat' dir='ltr'>secutus</span> <span class='ocrx_word' id='word_1_64' title='bbox 2282 1039 2380 1099; x_wconf 87' lang='lat' dir='ltr'>est</span> <span class='ocrx_word' id='word_1_65' title='bbox 2428 1034 2682 1120; x_wconf 78' lang='lat' dir='ltr'>Lange;</span> <span class='ocrx_word' id='word_1_66' title='bbox 2731 1037 2789 1098; x_wconf 87' lang='lat' dir='ltr'>is</span> <span class='ocrx_word' id='word_1_67' title='bbox 2832 1055 2962 1098; x_wconf 89' lang='lat' dir='ltr'>non</span> 
     </span>
     <span class='ocr_line' id='line_1_9' title="bbox 562 1140 2962 1218; baseline -0.001 -11"><span class='ocrx_word' id='word_1_68' title='bbox 562 1141 773 1208; x_wconf 89' lang='lat' dir='ltr'>solum</span> <span class='ocrx_word' id='word_1_69' title='bbox 821 1140 1047 1205; x_wconf 89' lang='lat' dir='ltr'>intulit</span> <span class='ocrx_word' id='word_1_70' title='bbox 1092 1140 1277 1204; x_wconf 86' lang='lat' dir='ltr'>illam</span> <span class='ocrx_word' id='word_1_71' title='bbox 1324 1144 1708 1206; x_wconf 88' lang='lat' dir='ltr'>sententiam</span> <span class='ocrx_word' id='word_1_72' title='bbox 1751 1143 1820 1204; x_wconf 89' lang='lat' dir='ltr'>in</span> <span class='ocrx_word' id='word_1_73' title='bbox 1869 1141 2063 1206; x_wconf 85' lang='lat' dir='ltr'>verba</span> <span class='ocrx_word' id='word_1_74' title='bbox 2110 1140 2389 1206; x_wconf 85' lang='lat' dir='ltr'>Zonaras</span> <span class='ocrx_word' id='word_1_75' title='bbox 2408 1189 2423 1218; x_wconf 91' lang='lat'>,</span> <span class='ocrx_word' id='word_1_76' title='bbox 2467 1140 2576 1205; x_wconf 89' lang='lat' dir='ltr'>sed</span> <span class='ocrx_word' id='word_1_77' title='bbox 2614 1143 2814 1205; x_wconf 86' lang='lat' dir='ltr'>etiam</span> <span class='ocrx_word' id='word_1_78' title='bbox 2852 1140 2926 1204; x_wconf 90' lang='lat' dir='ltr'>id</span> <span class='ocrx_word' id='word_1_79' title='bbox 2945 1189 2962 1217; x_wconf 91' lang='lat'>,</span> 
     </span>
     <span class='ocr_line' id='line_1_10' title="bbox 561 1245 2966 1334; baseline -0 -23"><span class='ocrx_word' id='word_1_80' title='bbox 561 1248 730 1334; x_wconf 91' lang='lat' dir='ltr'>quod</span> <span class='ocrx_word' id='word_1_81' title='bbox 792 1267 829 1310; x_wconf 89' lang='lat' dir='ltr'>a</span> <span class='ocrx_word' id='word_1_82' title='bbox 876 1246 1119 1311; x_wconf 85' lang='lat' dir='ltr'>Zonara</span> <span class='ocrx_word' id='word_1_83' title='bbox 1164 1247 1245 1311; x_wconf 90' lang='lat' dir='ltr'>ad</span> <span class='ocrx_word' id='word_1_84' title='bbox 1294 1267 1348 1314; x_wconf 89' lang='lat' dir='ltr'>a.</span> <span class='ocrx_word' id='word_1_85' title='bbox 1401 1245 1533 1311; x_wconf 88' lang='grc'>449</span> <span class='ocrx_word' id='word_1_86' title='bbox 1581 1246 1861 1312; x_wconf 86' lang='lat' dir='ltr'>relatum</span> <span class='ocrx_word' id='word_1_87' title='bbox 1908 1266 2044 1312; x_wconf 91' lang='lat' dir='ltr'>esse</span> <span class='ocrx_word' id='word_1_88' title='bbox 2092 1247 2451 1322; x_wconf 84' lang='lat' dir='ltr'>contendit,</span> <span class='ocrx_word' id='word_1_89' title='bbox 2503 1267 2578 1311; x_wconf 86' lang='lat' dir='ltr'>ex</span> <span class='ocrx_word' id='word_1_90' title='bbox 2627 1245 2966 1311; x_wconf 79' lang='lat' dir='ltr'>levissima</span> 
     </span>
     <span class='ocr_line' id='line_1_11' title="bbox 562 1351 2967 1437; baseline -0.002 -18"><span class='ocrx_word' id='word_1_91' title='bbox 562 1356 923 1419; x_wconf 86' lang='lat' dir='ltr'>coniectura</span> <span class='ocrx_word' id='word_1_92' title='bbox 968 1355 1105 1437; x_wconf 90' lang='lat' dir='ltr'>ipse</span> <span class='ocrx_word' id='word_1_93' title='bbox 1152 1352 1407 1417; x_wconf 88' lang='lat' dir='ltr'>rettulit</span> <span class='ocrx_word' id='word_1_94' title='bbox 1454 1352 1534 1417; x_wconf 90' lang='lat' dir='ltr'>ad</span> <span class='ocrx_word' id='word_1_95' title='bbox 1584 1374 1639 1418; x_wconf 89' lang='lat' dir='ltr'>a.</span> <span class='ocrx_word' id='word_1_96' title='bbox 1695 1351 1846 1429; x_wconf 87' lang='grc'><strong>339,</strong></span> <span class='ocrx_word' id='word_1_97' title='bbox 1897 1359 1961 1416; x_wconf 91' lang='lat' dir='ltr'>et</span> <span class='ocrx_word' id='word_1_98' title='bbox 2009 1359 2154 1417; x_wconf 89' lang='lat' dir='ltr'>tum</span> <span class='ocrx_word' id='word_1_99' title='bbox 2199 1352 2267 1417; x_wconf 92' lang='lat' dir='ltr'>id</span> <span class='ocrx_word' id='word_1_100' title='bbox 2317 1351 2562 1416; x_wconf 87' lang='lat' dir='ltr'>factum</span> <span class='ocrx_word' id='word_1_101' title='bbox 2609 1373 2743 1416; x_wconf 89' lang='lat' dir='ltr'>esse</span> <span class='ocrx_word' id='word_1_102' title='bbox 2792 1351 2967 1416; x_wconf 84' lang='lat' dir='ltr'>mul-</span> 
     </span>
     <span class='ocr_line' id='line_1_12' title="bbox 561 1457 2966 1544; baseline -0.002 -19"><span class='ocrx_word' id='word_1_103' title='bbox 561 1463 647 1525; x_wconf 86' lang='lat' dir='ltr'>tis</span> <span class='ocrx_word' id='word_1_104' title='bbox 694 1458 851 1523; x_wconf 87' lang='lat' dir='ltr'>locis</span> <span class='ocrx_word' id='word_1_105' title='bbox 898 1461 1087 1523; x_wconf 89' lang='lat' dir='ltr'>certis</span> <span class='ocrx_word' id='word_1_106' title='bbox 1133 1461 1382 1523; x_wconf 77' lang='lat' dir='ltr'>reiectis</span> <span class='ocrx_word' id='word_1_107' title='bbox 1430 1459 1808 1536; x_wconf 85' lang='lat' dir='ltr'>affirmavit,</span> <span class='ocrx_word' id='word_1_108' title='bbox 1850 1459 2020 1544; x_wconf 90' lang='lat' dir='ltr'>quod</span> <span class='ocrx_word' id='word_1_109' title='bbox 2056 1479 2277 1523; x_wconf 87' lang='lat' dir='ltr'>revera</span> <span class='ocrx_word' id='word_1_110' title='bbox 2316 1479 2671 1543; x_wconf 83' lang='lat' dir='ltr'>numquam</span> <span class='ocrx_word' id='word_1_111' title='bbox 2711 1457 2966 1522; x_wconf 84' lang='lat' dir='ltr'>factum</span> 
     </span>
     <span class='ocr_line' id='line_1_13' title="bbox 564 1551 2964 1649; baseline -0.002 -18"><span class='ocrx_word' id='word_1_112' title='bbox 564 1585 699 1631; x_wconf 88' lang='lat' dir='ltr'>esse</span> <span class='ocrx_word' id='word_1_113' title='bbox 760 1570 1005 1628; x_wconf 84' lang='lat' dir='ltr'>constat</span> <span class='ocrx_word' id='word_1_114' title='bbox 1034 1560 1105 1642; x_wconf 90' lang='grc'>1).</span> <span class='ocrx_word' id='word_1_115' title='bbox 1178 1564 1260 1628; x_wconf 84' lang='lat' dir='ltr'>Ei</span> <span class='ocrx_word' id='word_1_116' title='bbox 1321 1585 1473 1630; x_wconf 85' lang='lat' dir='ltr'>vero</span> <span class='ocrx_word' id='word_1_117' title='bbox 1492 1614 1509 1642; x_wconf 93' lang='lat'>‚</span> <span class='ocrx_word' id='word_1_118' title='bbox 1575 1568 1690 1649; x_wconf 90' lang='lat' dir='ltr'>qui</span> <span class='ocrx_word' id='word_1_119' title='bbox 1751 1565 2089 1629; x_wconf 82' lang='lat' dir='ltr'>concedere</span> <span class='ocrx_word' id='word_1_120' title='bbox 2153 1564 2484 1641; x_wconf 88' lang='lat' dir='ltr'>dubitant,</span> <span class='ocrx_word' id='word_1_121' title='bbox 2532 1567 2664 1629; x_wconf 90' lang='lat' dir='ltr'>iam</span> <span class='ocrx_word' id='word_1_122' title='bbox 2715 1584 2770 1628; x_wconf 89' lang='lat' dir='ltr'>a.</span> <span class='ocrx_word' id='word_1_123' title='bbox 2824 1551 2964 1628; x_wconf 87' lang='grc'>449</span> 
     </span>
     <span class='ocr_line' id='line_1_14' title="bbox 565 1668 2966 1758; baseline -0 -23"><span class='ocrx_word' id='word_1_124' title='bbox 565 1671 841 1736; x_wconf 85' lang='lat' dir='ltr'>tribunis</span> <span class='ocrx_word' id='word_1_125' title='bbox 903 1668 1104 1754; x_wconf 89' lang='lat' dir='ltr'>plebis</span> <span class='ocrx_word' id='word_1_126' title='bbox 1170 1670 1387 1734; x_wconf 86' lang='lat' dir='ltr'>datam</span> <span class='ocrx_word' id='word_1_127' title='bbox 1453 1692 1588 1736; x_wconf 90' lang='lat' dir='ltr'>esse</span> <span class='ocrx_word' id='word_1_128' title='bbox 1636 1676 2022 1756; x_wconf 87' lang='lat' dir='ltr'>potestatem</span> <span class='ocrx_word' id='word_1_129' title='bbox 2071 1677 2204 1734; x_wconf 86' lang='lat' dir='ltr'>tam</span> <span class='ocrx_word' id='word_1_130' title='bbox 2251 1670 2442 1758; x_wconf 84' lang='lat' dir='ltr'>longe</span> <span class='ocrx_word' id='word_1_131' title='bbox 2491 1673 2926 1755; x_wconf 87' lang='lat' dir='ltr'>pertinentem</span> <span class='ocrx_word' id='word_1_132' title='bbox 2947 1719 2966 1747; x_wconf 91' lang='lat'>,</span> 
     </span>
     <span class='ocr_line' id='line_1_15' title="bbox 565 1775 2970 1862; baseline 0 -22"><span class='ocrx_word' id='word_1_133' title='bbox 565 1797 691 1862; x_wconf 86' lang='lat' dir='ltr'>qua</span> <span class='ocrx_word' id='word_1_134' title='bbox 752 1796 829 1840; x_wconf 82' lang='lat' dir='ltr'>ex</span> <span class='ocrx_word' id='word_1_135' title='bbox 890 1795 1005 1838; x_wconf 89' lang='lat' dir='ltr'>suo</span> <span class='ocrx_word' id='word_1_136' title='bbox 1066 1775 1327 1840; x_wconf 88' lang='lat' dir='ltr'>arbitrio</span> <span class='ocrx_word' id='word_1_137' title='bbox 1376 1797 1597 1841; x_wconf 91' lang='lat' dir='ltr'>omnes</span> <span class='ocrx_word' id='word_1_138' title='bbox 1645 1779 1922 1841; x_wconf 81' lang='lat' dir='ltr'>actiones</span> <span class='ocrx_word' id='word_1_139' title='bbox 1970 1779 2384 1841; x_wconf 84' lang='lat' dir='ltr'>comitiorum</span> <span class='ocrx_word' id='word_1_140' title='bbox 2431 1782 2497 1840; x_wconf 90' lang='lat' dir='ltr'>et</span> <span class='ocrx_word' id='word_1_141' title='bbox 2543 1775 2970 1840; x_wconf 87' lang='lat' dir='ltr'>conciliorum</span> 
     </span>
     <span class='ocr_line' id='line_1_16' title="bbox 566 1880 2970 1970; baseline -0.001 -23"><span class='ocrx_word' id='word_1_142' title='bbox 566 1882 787 1948; x_wconf 90' lang='lat' dir='ltr'>diebus</span> <span class='ocrx_word' id='word_1_143' title='bbox 826 1880 1133 1945; x_wconf 81' lang='lat' dir='ltr'>vitiandis</span> <span class='ocrx_word' id='word_1_144' title='bbox 1170 1889 1431 1967; x_wconf 85' lang='lat' dir='ltr'>possent</span> <span class='ocrx_word' id='word_1_145' title='bbox 1466 1882 1812 1968; x_wconf 89' lang='lat' dir='ltr'>impedire,</span> <span class='ocrx_word' id='word_1_146' title='bbox 1855 1903 1980 1946; x_wconf 93' lang='lat' dir='ltr'>non</span> <span class='ocrx_word' id='word_1_147' title='bbox 2020 1881 2262 1970; x_wconf 18' lang='lat' dir='ltr'>vident*</span> <span class='ocrx_word' id='word_1_148' title='bbox 2283 1903 2350 1946; x_wconf 87' lang='lat' dir='ltr'>se</span> <span class='ocrx_word' id='word_1_149' title='bbox 2384 1883 2453 1945; x_wconf 91' lang='lat' dir='ltr'>in</span> <span class='ocrx_word' id='word_1_150' title='bbox 2475 1883 2669 1968; x_wconf 82' lang='lat' dir='ltr'>nugis</span> <span class='ocrx_word' id='word_1_151' title='bbox 2693 1880 2928 1946; x_wconf 83' lang='lat' dir='ltr'>offendi</span> <span class='ocrx_word' id='word_1_152' title='bbox 2951 1931 2970 1959; x_wconf 90' lang='lat'>‚</span> 
     </span>
     <span class='ocr_line' id='line_1_17' title="bbox 568 1986 2971 2073; baseline -0 -20"><span class='ocrx_word' id='word_1_153' title='bbox 568 2009 720 2053; x_wconf 88' lang='lat' dir='ltr'>cum</span> <span class='ocrx_word' id='word_1_154' title='bbox 784 1986 1244 2052; x_wconf 85' lang='lat' dir='ltr'>obliviscantur</span> <span class='ocrx_word' id='word_1_155' title='bbox 1305 1989 1581 2052; x_wconf 88' lang='lat' dir='ltr'>tribunis</span> <span class='ocrx_word' id='word_1_156' title='bbox 1645 1987 1848 2073; x_wconf 84' lang='lat' dir='ltr'>plebis</span> <span class='ocrx_word' id='word_1_157' title='bbox 1911 1988 1988 2052; x_wconf 84' lang='lat' dir='ltr'>ab</span> <span class='ocrx_word' id='word_1_158' title='bbox 2051 1990 2238 2052; x_wconf 90' lang='lat' dir='ltr'>initio</span> <span class='ocrx_word' id='word_1_159' title='bbox 2287 1993 2538 2073; x_wconf 84' lang='lat' dir='ltr'>praesto</span> <span class='ocrx_word' id='word_1_160' title='bbox 2589 1988 2786 2052; x_wconf 90' lang='lat' dir='ltr'>fuisse</span> <span class='ocrx_word' id='word_1_161' title='bbox 2837 1987 2971 2052; x_wconf 87' lang='lat' dir='ltr'>alia</span> 
     </span>
     <span class='ocr_line' id='line_1_18' title="bbox 564 2091 2971 2179; baseline -0.001 -20"><span class='ocrx_word' id='word_1_162' title='bbox 564 2093 1025 2179; x_wconf 88' lang='lat' dir='ltr'>impedimenta</span> <span class='ocrx_word' id='word_1_163' title='bbox 1069 2095 1243 2157; x_wconf 88' lang='lat' dir='ltr'>iusta</span> <span class='ocrx_word' id='word_1_164' title='bbox 1288 2094 1497 2158; x_wconf 75' lang='lat' dir='ltr'>multo</span> <span class='ocrx_word' id='word_1_165' title='bbox 1544 2097 1742 2160; x_wconf 89' lang='lat' dir='ltr'>etiam</span> <span class='ocrx_word' id='word_1_166' title='bbox 1788 2095 2085 2179; x_wconf 84' lang='lat' dir='ltr'>graviora</span> <span class='ocrx_word' id='word_1_167' title='bbox 2103 2143 2118 2170; x_wconf 89' lang='lat'>,</span> <span class='ocrx_word' id='word_1_168' title='bbox 2168 2091 2378 2157; x_wconf 83' lang='lat' dir='ltr'>veluti</span> <span class='ocrx_word' id='word_1_169' title='bbox 2416 2093 2515 2156; x_wconf 68' lang='lat' dir='ltr'>ius</span> <span class='ocrx_word' id='word_1_170' title='bbox 2551 2093 2971 2156; x_wconf 72' lang='lat' dir='ltr'>intercedendi</span> 
     </span>
     <span class='ocr_line' id='line_1_19' title="bbox 564 2198 2967 2285; baseline -0 -20"><span class='ocrx_word' id='word_1_171' title='bbox 564 2198 853 2276; x_wconf 71' lang='lat' dir='ltr'>comitii-5,</span> <span class='ocrx_word' id='word_1_172' title='bbox 907 2220 1031 2284; x_wconf 90' lang='lat' dir='ltr'>quo</span> <span class='ocrx_word' id='word_1_173' title='bbox 1073 2199 1371 2266; x_wconf 86' lang='lat' dir='ltr'>tollerent</span> <span class='ocrx_word' id='word_1_174' title='bbox 1414 2221 1636 2266; x_wconf 90' lang='lat' dir='ltr'>omnes</span> <span class='ocrx_word' id='word_1_175' title='bbox 1679 2201 1974 2264; x_wconf 82' lang='lat' dir='ltr'>actiones·</span> <span class='ocrx_word' id='word_1_176' title='bbox 1997 2198 2219 2285; x_wconf 90' lang='lat' dir='ltr'>populi</span> <span class='ocrx_word' id='word_1_177' title='bbox 2261 2201 2541 2283; x_wconf 84' lang='lat' dir='ltr'>exceptis</span> <span class='ocrx_word' id='word_1_178' title='bbox 2566 2199 2967 2277; x_wconf 86' lang='lat' dir='ltr'>dictatoriis;</span> 
     </span>
     <span class='ocr_line' id='line_1_20' title="bbox 564 2305 2970 2392; baseline 0 -22"><span class='ocrx_word' id='word_1_179' title='bbox 564 2310 667 2371; x_wconf 89' lang='lat' dir='ltr'>ius</span> <span class='ocrx_word' id='word_1_180' title='bbox 731 2305 1119 2369; x_wconf 76' lang='lat' dir='ltr'>contionandi</span> <span class='ocrx_word' id='word_1_181' title='bbox 1167 2327 1292 2390; x_wconf 91' lang='lat' dir='ltr'>quo</span> <span class='ocrx_word' id='word_1_182' title='bbox 1341 2311 1678 2372; x_wconf 82' lang='lat' dir='ltr'>avocarent</span> <span class='ocrx_word' id='word_1_183' title='bbox 1724 2308 2048 2371; x_wconf 90' lang='lat' dir='ltr'>contiones</span> <span class='ocrx_word' id='word_1_184' title='bbox 2097 2306 2175 2369; x_wconf 88' lang='lat' dir='ltr'>ab</span> <span class='ocrx_word' id='word_1_185' title='bbox 2223 2305 2520 2370; x_wconf 89' lang='lat' dir='ltr'>omnibus</span> <span class='ocrx_word' id='word_1_186' title='bbox 2568 2309 2970 2392; x_wconf 82' lang='lat' dir='ltr'>magistrati-</span> 
     </span>
    </p>
   </div>
   <div class='ocr_carea' id='block_1_3' title="bbox 458 2410 2965 2497">
    <p class='ocr_par' dir='ltr' id='par_1_3' title="bbox 458 2410 2965 2497">
     <span class='ocr_line' id='line_1_21' title="bbox 458 2410 2965 2497; baseline -0.002 -17"><span class='ocrx_word' id='word_1_187' title='bbox 458 2469 471 2480; x_wconf 92' lang='lat'>.</span> <span class='ocrx_word' id='word_1_188' title='bbox 562 2414 683 2478; x_wconf 78' lang='lat' dir='ltr'>bus</span> <span class='ocrx_word' id='word_1_189' title='bbox 748 2418 1194 2497; x_wconf 77' lang='lat' dir='ltr'>praeterquam</span> <span class='ocrx_word' id='word_1_190' title='bbox 1255 2431 1293 2475; x_wconf 90' lang='lat' dir='ltr'>a</span> <span class='ocrx_word' id='word_1_191' title='bbox 1357 2411 1810 2490; x_wconf 85' lang='lat' dir='ltr'>dictatoribus;</span> <span class='ocrx_word' id='word_1_192' title='bbox 1875 2411 1972 2473; x_wconf 69' lang='lat' dir='ltr'>ius</span> <span class='ocrx_word' id='word_1_193' title='bbox 2033 2410 2281 2474; x_wconf 76' lang='lat' dir='ltr'>vetandi</span> <span class='ocrx_word' id='word_1_194' title='bbox 2329 2433 2454 2496; x_wconf 90' lang='lat' dir='ltr'>quo</span> <span class='ocrx_word' id='word_1_195' title='bbox 2505 2417 2800 2477; x_wconf 88' lang='lat' dir='ltr'>senatum</span> <span class='ocrx_word' id='word_1_196' title='bbox 2847 2433 2965 2476; x_wconf 83' lang='lat' dir='ltr'>vo-</span> 
     </span>
    </p>
   </div>
   <div class='ocr_carea' id='block_1_4' title="bbox 504 2516 2972 3662">
    <p class='ocr_par' dir='ltr' id='par_1_4' title="bbox 504 2516 2972 3662">
     <span class='ocr_line' id='line_1_22' title="bbox 565 2516 2966 2606; baseline 0 -22"><span class='ocrx_word' id='word_1_197' title='bbox 565 2521 695 2584; x_wconf 87' lang='lat' dir='ltr'>cari</span> <span class='ocrx_word' id='word_1_198' title='bbox 721 2516 795 2597; x_wconf 86' lang='lat'>²),</span> <span class='ocrx_word' id='word_1_199' title='bbox 863 2521 1126 2582; x_wconf 90' lang='lat' dir='ltr'>comitia</span> <span class='ocrx_word' id='word_1_200' title='bbox 1182 2517 1409 2596; x_wconf 86' lang='lat' dir='ltr'>indici,</span> <span class='ocrx_word' id='word_1_201' title='bbox 1471 2518 1781 2583; x_wconf 89' lang='lat' dir='ltr'>dilectum</span> <span class='ocrx_word' id='word_1_202' title='bbox 1845 2519 2097 2595; x_wconf 89' lang='lat' dir='ltr'>haberi,</span> <span class='ocrx_word' id='word_1_203' title='bbox 2151 2517 2275 2582; x_wconf 86' lang='lat' dir='ltr'>alia</span> <span class='ocrx_word' id='word_1_204' title='bbox 2323 2518 2576 2604; x_wconf 83' lang='lat' dir='ltr'>publice</span> <span class='ocrx_word' id='word_1_205' title='bbox 2626 2522 2768 2606; x_wconf 77' lang='lat' dir='ltr'>agi,</span> <span class='ocrx_word' id='word_1_206' title='bbox 2817 2541 2966 2606; x_wconf 90' lang='lat' dir='ltr'>pro-</span> 
     </span>
     <span class='ocr_line' id='line_1_23' title="bbox 504 2623 2966 2711; baseline 0 -22"><span class='ocrx_word' id='word_1_207' title='bbox 504 2639 511 2646; x_wconf 80' lang='lat'><em>·</em></span> <span class='ocrx_word' id='word_1_208' title='bbox 562 2624 779 2689; x_wconf 90' lang='lat' dir='ltr'>hibere</span> <span class='ocrx_word' id='word_1_209' title='bbox 840 2630 1118 2709; x_wconf 85' lang='lat' dir='ltr'>possent.</span> <span class='ocrx_word' id='word_1_210' title='bbox 1167 2623 1342 2689; x_wconf 88' lang='lat' dir='ltr'>Haec</span> <span class='ocrx_word' id='word_1_211' title='bbox 1388 2627 1531 2689; x_wconf 88' lang='lat' dir='ltr'>iura</span> <span class='ocrx_word' id='word_1_212' title='bbox 1577 2627 1812 2709; x_wconf 88' lang='lat' dir='ltr'>partim</span> <span class='ocrx_word' id='word_1_213' title='bbox 1864 2625 2126 2709; x_wconf 90' lang='lat' dir='ltr'>quidem</span> <span class='ocrx_word' id='word_1_214' title='bbox 2174 2645 2298 2688; x_wconf 89' lang='lat' dir='ltr'>usu</span> <span class='ocrx_word' id='word_1_215' title='bbox 2346 2630 2411 2689; x_wconf 87' lang='lat' dir='ltr'>et</span> <span class='ocrx_word' id='word_1_216' title='bbox 2456 2645 2668 2701; x_wconf 88' lang='lat' dir='ltr'>more,</span> <span class='ocrx_word' id='word_1_217' title='bbox 2718 2627 2966 2711; x_wconf 78' lang='lat' dir='ltr'>pai-tim</span> 
     </span>
     <span class='ocr_line' id='line_1_24' title="bbox 564 2730 2970 2817; baseline 0 -21"><span class='ocrx_word' id='word_1_218' title='bbox 564 2730 853 2817; x_wconf 79' lang='lat' dir='ltr'>legibue,</span> <span class='ocrx_word' id='word_1_219' title='bbox 921 2732 1159 2815; x_wconf 86' lang='lat' dir='ltr'>partim</span> <span class='ocrx_word' id='word_1_220' title='bbox 1222 2751 1373 2795; x_wconf 86' lang='lat' dir='ltr'>vero</span> <span class='ocrx_word' id='word_1_221' title='bbox 1428 2734 1568 2816; x_wconf 88' lang='lat' dir='ltr'>ipsa</span> <span class='ocrx_word' id='word_1_222' title='bbox 1615 2730 2015 2816; x_wconf 87' lang='lat' dir='ltr'>collegarum</span> <span class='ocrx_word' id='word_1_223' title='bbox 2061 2733 2507 2795; x_wconf 82' lang='lat' dir='ltr'>intercessione</span> <span class='ocrx_word' id='word_1_224' title='bbox 2527 2781 2544 2808; x_wconf 93' lang='lat'>,</span> <span class='ocrx_word' id='word_1_225' title='bbox 2597 2730 2856 2797; x_wconf 85' lang='lat' dir='ltr'>definita</span> <span class='ocrx_word' id='word_1_226' title='bbox 2897 2737 2970 2797; x_wconf 85' lang='lat' dir='ltr'>et</span> 
     </span>
     <span class='ocr_line' id='line_1_25' title="bbox 566 2836 2972 2921; baseline -0 -18"><span class='ocrx_word' id='word_1_227' title='bbox 566 2836 969 2921; x_wconf 86' lang='lat' dir='ltr'>aliquatenus</span> <span class='ocrx_word' id='word_1_228' title='bbox 1041 2838 1383 2900; x_wconf 84' lang='lat' dir='ltr'>constricta</span> <span class='ocrx_word' id='word_1_229' title='bbox 1450 2837 1714 2901; x_wconf 86' lang='lat' dir='ltr'>fuerunt</span> <span class='ocrx_word' id='word_1_230' title='bbox 1734 2885 1749 2915; x_wconf 91' lang='lat'>,</span> <span class='ocrx_word' id='word_1_231' title='bbox 1815 2858 1893 2902; x_wconf 92' lang='lat' dir='ltr'>ne</span> <span class='ocrx_word' id='word_1_232' title='bbox 1959 2838 2049 2900; x_wconf 90' lang='lat' dir='ltr'>eis</span> <span class='ocrx_word' id='word_1_233' title='bbox 2116 2838 2309 2900; x_wconf 86' lang='lat' dir='ltr'>nimis</span> <span class='ocrx_word' id='word_1_234' title='bbox 2373 2836 2720 2902; x_wconf 90' lang='lat' dir='ltr'>insolenter</span> <span class='ocrx_word' id='word_1_235' title='bbox 2781 2838 2972 2903; x_wconf 85' lang='lat' dir='ltr'>abuti</span> 
     </span>
     <span class='ocr_line' id='line_1_26' title="bbox 566 2940 2965 3028; baseline 0 -22"><span class='ocrx_word' id='word_1_236' title='bbox 566 2947 829 3028; x_wconf 84' lang='lat' dir='ltr'>possent</span> <span class='ocrx_word' id='word_1_237' title='bbox 873 2940 1118 3005; x_wconf 90' lang='lat' dir='ltr'>tribuni</span> <span class='ocrx_word' id='word_1_238' title='bbox 1162 2940 1399 3027; x_wconf 90' lang='lat' dir='ltr'>plebis,</span> <span class='ocrx_word' id='word_1_239' title='bbox 1450 2963 1575 3026; x_wconf 91' lang='lat' dir='ltr'>qua</span> <span class='ocrx_word' id='word_1_240' title='bbox 1622 2941 1698 3006; x_wconf 90' lang='lat' dir='ltr'>de</span> <span class='ocrx_word' id='word_1_241' title='bbox 1747 2963 1814 3006; x_wconf 93' lang='lat' dir='ltr'>re</span> <span class='ocrx_word' id='word_1_242' title='bbox 1860 2962 2028 3005; x_wconf 88' lang='lat' dir='ltr'>nunc</span> <span class='ocrx_word' id='word_1_243' title='bbox 2071 2941 2254 3006; x_wconf 88' lang='lat' dir='ltr'>nobis</span> <span class='ocrx_word' id='word_1_244' title='bbox 2293 2941 2618 3027; x_wconf 84' lang='lat' dir='ltr'>agendum</span> <span class='ocrx_word' id='word_1_245' title='bbox 2659 2964 2785 3007; x_wconf 94' lang='lat' dir='ltr'>non</span> <span class='ocrx_word' id='word_1_246' title='bbox 2825 2950 2928 3008; x_wconf 87' lang='lat' dir='ltr'>est</span> <span class='ocrx_word' id='word_1_247' title='bbox 2947 2964 2965 3020; x_wconf 86' lang='grc'><strong>;</strong></span> 
     </span>
     <span class='ocr_line' id='line_1_27' title="bbox 568 3045 2966 3136; baseline 0 -22"><span class='ocrx_word' id='word_1_248' title='bbox 568 3047 679 3114; x_wconf 89' lang='lat' dir='ltr'>sed</span> <span class='ocrx_word' id='word_1_249' title='bbox 738 3069 889 3112; x_wconf 87' lang='lat' dir='ltr'>cum</span> <span class='ocrx_word' id='word_1_250' title='bbox 951 3053 1229 3124; x_wconf 85' lang='lat' dir='ltr'>constet,</span> <span class='ocrx_word' id='word_1_251' title='bbox 1296 3045 1541 3112; x_wconf 90' lang='lat' dir='ltr'>nullam</span> <span class='ocrx_word' id='word_1_252' title='bbox 1607 3050 1924 3113; x_wconf 86' lang='lat' dir='ltr'>actionem</span> <span class='ocrx_word' id='word_1_253' title='bbox 1985 3049 2399 3112; x_wconf 89' lang='lat' dir='ltr'>comitiorum</span> <span class='ocrx_word' id='word_1_254' title='bbox 2461 3069 2498 3112; x_wconf 90' lang='lat' dir='ltr'>a</span> <span class='ocrx_word' id='word_1_255' title='bbox 2543 3049 2820 3114; x_wconf 88' lang='lat' dir='ltr'>tribunis</span> <span class='ocrx_word' id='word_1_256' title='bbox 2869 3049 2966 3136; x_wconf 90' lang='lat' dir='ltr'>pl.</span> 
     </span>
     <span class='ocr_line' id='line_1_28' title="bbox 570 3151 2972 3238; baseline 0.001 -20"><span class='ocrx_word' id='word_1_257' title='bbox 570 3151 1003 3218; x_wconf 88' lang='lat' dir='ltr'>obnuntiando</span> <span class='ocrx_word' id='word_1_258' title='bbox 1066 3156 1352 3237; x_wconf 86' lang='lat' dir='ltr'>potuisse</span> <span class='ocrx_word' id='word_1_259' title='bbox 1398 3154 1752 3238; x_wconf 87' lang='lat' dir='ltr'>prohiberi,</span> <span class='ocrx_word' id='word_1_260' title='bbox 1802 3174 1963 3238; x_wconf 84' lang='lat' dir='ltr'>quae</span> <span class='ocrx_word' id='word_1_261' title='bbox 2012 3175 2137 3218; x_wconf 91' lang='lat' dir='ltr'>non</span> <span class='ocrx_word' id='word_1_262' title='bbox 2185 3153 2406 3219; x_wconf 89' lang='lat' dir='ltr'>eadem</span> <span class='ocrx_word' id='word_1_263' title='bbox 2456 3155 2534 3218; x_wconf 90' lang='lat' dir='ltr'>ab</span> <span class='ocrx_word' id='word_1_264' title='bbox 2581 3154 2822 3220; x_wconf 86' lang='lat' dir='ltr'>eisdem</span> <span class='ocrx_word' id='word_1_265' title='bbox 2869 3158 2972 3220; x_wconf 88' lang='lat' dir='ltr'>iu-</span> 
     </span>
     <span class='ocr_line' id='line_1_29' title="bbox 568 3257 2970 3343; baseline 0.001 -19"><span class='ocrx_word' id='word_1_266' title='bbox 568 3257 943 3324; x_wconf 86' lang='lat' dir='ltr'>tercedendo</span> <span class='ocrx_word' id='word_1_267' title='bbox 1006 3261 1290 3342; x_wconf 89' lang='lat' dir='ltr'>potuerit</span> <span class='ocrx_word' id='word_1_268' title='bbox 1348 3258 1684 3343; x_wconf 86' lang='lat' dir='ltr'>impediri,</span> <span class='ocrx_word' id='word_1_269' title='bbox 1750 3259 1913 3323; x_wconf 87' lang='lat' dir='ltr'>nihil</span> <span class='ocrx_word' id='word_1_270' title='bbox 1961 3265 2056 3324; x_wconf 89' lang='lat' dir='ltr'>est</span> <span class='ocrx_word' id='word_1_271' title='bbox 2105 3279 2219 3323; x_wconf 91' lang='lat' dir='ltr'>cur</span> <span class='ocrx_word' id='word_1_272' title='bbox 2262 3261 2398 3323; x_wconf 89' lang='lat' dir='ltr'>iam</span> <span class='ocrx_word' id='word_1_273' title='bbox 2445 3259 2523 3324; x_wconf 90' lang='lat' dir='ltr'>ab</span> <span class='ocrx_word' id='word_1_274' title='bbox 2571 3281 2626 3324; x_wconf 89' lang='lat' dir='ltr'>a.</span> <span class='ocrx_word' id='word_1_275' title='bbox 2679 3259 2810 3326; x_wconf 87' lang='grc'>449</span> <span class='ocrx_word' id='word_1_276' title='bbox 2860 3264 2970 3326; x_wconf 90' lang='lat' dir='ltr'>ius</span> 
     </span>
     <span class='ocr_line' id='line_1_30' title="bbox 571 3362 2972 3454; baseline 0.001 -25"><span class='ocrx_word' id='word_1_277' title='bbox 571 3362 988 3429; x_wconf 89' lang='lat' dir='ltr'>obnuntiandi</span> <span class='ocrx_word' id='word_1_278' title='bbox 1030 3366 1120 3428; x_wconf 91' lang='lat' dir='ltr'>eis</span> <span class='ocrx_word' id='word_1_279' title='bbox 1167 3372 1419 3449; x_wconf 88' lang='lat' dir='ltr'>praesto</span> <span class='ocrx_word' id='word_1_280' title='bbox 1469 3365 1665 3429; x_wconf 84' lang='lat' dir='ltr'>fuisse</span> <span class='ocrx_word' id='word_1_281' title='bbox 1710 3364 2077 3430; x_wconf 89' lang='lat' dir='ltr'>incredibile</span> <span class='ocrx_word' id='word_1_282' title='bbox 2125 3368 2230 3430; x_wconf 90' lang='lat' dir='ltr'>sit.</span> <span class='ocrx_word' id='word_1_283' title='bbox 2281 3402 2366 3413; x_wconf 89' lang='grc'>-</span> <span class='ocrx_word' id='word_1_284' title='bbox 2417 3365 2551 3431; x_wconf 81' lang='lat' dir='ltr'>Lex</span> <span class='ocrx_word' id='word_1_285' title='bbox 2597 3365 2711 3432; x_wconf 84' lang='lat' dir='ltr'>illa</span> <span class='ocrx_word' id='word_1_286' title='bbox 2755 3369 2972 3454; x_wconf 82' lang='lat' dir='ltr'>igitur</span> 
     </span>
     <span class='ocr_line' id='line_1_31' title="bbox 572 3467 2972 3556; baseline 0.002 -22"><span class='ocrx_word' id='word_1_287' title='bbox 572 3471 721 3534; x_wconf 89' lang='lat' dir='ltr'>anni</span> <span class='ocrx_word' id='word_1_288' title='bbox 769 3467 898 3532; x_wconf 93' lang='grc'>449</span> <span class='ocrx_word' id='word_1_289' title='bbox 946 3471 1049 3533; x_wconf 90' lang='lat' dir='ltr'>ius</span> <span class='ocrx_word' id='word_1_290' title='bbox 1098 3470 1503 3535; x_wconf 87' lang='lat' dir='ltr'>tribunorum</span> <span class='ocrx_word' id='word_1_291' title='bbox 1550 3470 1753 3556; x_wconf 89' lang='lat' dir='ltr'>plebis</span> <span class='ocrx_word' id='word_1_292' title='bbox 1799 3474 1867 3535; x_wconf 89' lang='lat' dir='ltr'>in</span> <span class='ocrx_word' id='word_1_293' title='bbox 1914 3471 2031 3535; x_wconf 87' lang='lat' dir='ltr'>hac</span> <span class='ocrx_word' id='word_1_294' title='bbox 2077 3477 2256 3556; x_wconf 86' lang='lat' dir='ltr'>parte</span> <span class='ocrx_word' id='word_1_295' title='bbox 2303 3474 2602 3556; x_wconf 82' lang='lat' dir='ltr'>aequavit</span> <span class='ocrx_word' id='word_1_296' title='bbox 2645 3475 2776 3538; x_wconf 87' lang='lat' dir='ltr'>iuri</span> <span class='ocrx_word' id='word_1_297' title='bbox 2821 3472 2972 3539; x_wconf 85' lang='lat' dir='ltr'>reli-</span> 
     </span>
     <span class='ocr_line' id='line_1_32' title="bbox 570 3577 2276 3662; baseline 0.001 -23"><span class='ocrx_word' id='word_1_298' title='bbox 570 3595 849 3662; x_wconf 87' lang='lat' dir='ltr'>quorum</span> <span class='ocrx_word' id='word_1_299' title='bbox 894 3577 1401 3660; x_wconf 84' lang='lat' dir='ltr'>magistratuum</span> <span class='ocrx_word' id='word_1_300' title='bbox 1420 3625 1435 3655; x_wconf 91' lang='lat'>,</span> <span class='ocrx_word' id='word_1_301' title='bbox 1484 3597 1610 3661; x_wconf 90' lang='lat' dir='ltr'>quo</span> <span class='ocrx_word' id='word_1_302' title='bbox 1658 3598 1826 3642; x_wconf 85' lang='lat' dir='ltr'>nunc</span> <span class='ocrx_word' id='word_1_303' title='bbox 1871 3579 2276 3643; x_wconf 84' lang='lat' dir='ltr'>revertimur.</span> 
     </span>
    </p>
   </div>
   <div class='ocr_carea' id='block_1_5' title="bbox 582 3761 968 3774">
    <p class='ocr_par' dir='ltr' id='par_1_5' title="bbox 582 3761 968 3774">
     <span class='ocr_line' id='line_1_33' title="bbox 582 3761 968 3774; baseline 0 1235"><span class='ocrx_word' id='word_1_304' title='bbox 582 3761 968 3774; x_wconf 95' lang='lat' dir='ltr'> </span> 
     </span>
    </p>
   </div>
   <div class='ocr_carea' id='block_1_6' title="bbox 568 3854 2968 4414">
    <p class='ocr_par' dir='ltr' id='par_1_6' title="bbox 568 3854 2968 4414">
     <span class='ocr_line' id='line_1_34' title="bbox 568 3854 2967 3924; baseline 0.003 -20"><span class='ocrx_word' id='word_1_305' title='bbox 568 3856 819 3905; x_wconf 79' lang='lat' dir='ltr'>doctorum</span> <span class='ocrx_word' id='word_1_306' title='bbox 866 3855 949 3920; x_wconf 87' lang='lat' dir='ltr'>qui</span> <span class='ocrx_word' id='word_1_307' title='bbox 1000 3854 1231 3919; x_wconf 86' lang='lat' dir='ltr'>quidquid</span> <span class='ocrx_word' id='word_1_308' title='bbox 1284 3868 1340 3902; x_wconf 84' lang='lat' dir='ltr'>ex</span> <span class='ocrx_word' id='word_1_309' title='bbox 1387 3854 1475 3902; x_wconf 85' lang='lat' dir='ltr'>hoe</span> <span class='ocrx_word' id='word_1_310' title='bbox 1518 3854 1622 3903; x_wconf 87' lang='lat' dir='ltr'>loco</span> <span class='ocrx_word' id='word_1_311' title='bbox 1669 3855 1768 3918; x_wconf 86' lang='lat' dir='ltr'>peti</span> <span class='ocrx_word' id='word_1_312' title='bbox 1815 3858 1972 3920; x_wconf 75' lang='lat' dir='ltr'>potest</span> <span class='ocrx_word' id='word_1_313' title='bbox 2019 3855 2277 3919; x_wconf 79' lang='lat' dir='ltr'>diligenter</span> <span class='ocrx_word' id='word_1_314' title='bbox 2323 3857 2492 3906; x_wconf 75' lang='lat' dir='ltr'>afferre</span> <span class='ocrx_word' id='word_1_315' title='bbox 2527 3857 2707 3918; x_wconf 77' lang='lat' dir='ltr'>solent,</span> <span class='ocrx_word' id='word_1_316' title='bbox 2741 3861 2967 3924; x_wconf 66' lang='lat' dir='ltr'>quamvis</span> 
     </span>
     <span class='ocr_line' id='line_1_35' title="bbox 573 3935 2964 4000; baseline 0.003 -15"><span class='ocrx_word' id='word_1_317' title='bbox 573 3937 728 3985; x_wconf 81' lang='lat' dir='ltr'>multa</span> <span class='ocrx_word' id='word_1_318' title='bbox 778 3937 928 3986; x_wconf 80' lang='lat' dir='ltr'>insint</span> <span class='ocrx_word' id='word_1_319' title='bbox 972 3952 1092 4000; x_wconf 79' lang='lat' dir='ltr'>quae</span> <span class='ocrx_word' id='word_1_320' title='bbox 1136 3935 1194 3984; x_wconf 78' lang='lat' dir='ltr'>ab</span> <span class='ocrx_word' id='word_1_321' title='bbox 1238 3935 1347 3986; x_wconf 81' lang='lat' dir='ltr'>aliis</span> <span class='ocrx_word' id='word_1_322' title='bbox 1394 3935 1668 3985; x_wconf 77' lang='lat' dir='ltr'>auctoribus</span> <span class='ocrx_word' id='word_1_323' title='bbox 1715 3953 1811 3985; x_wconf 86' lang='lat' dir='ltr'>nou</span> <span class='ocrx_word' id='word_1_324' title='bbox 1845 3938 2114 3995; x_wconf 80' lang='lat' dir='ltr'>tradantur,</span> <span class='ocrx_word' id='word_1_325' title='bbox 2148 3939 2226 3986; x_wconf 75' lang='lat' dir='ltr'>sed</span> <span class='ocrx_word' id='word_1_326' title='bbox 2263 3937 2470 3988; x_wconf 80' lang='lat' dir='ltr'>alterum</span> <span class='ocrx_word' id='word_1_327' title='bbox 2504 3939 2645 3990; x_wconf 85' lang='lat' dir='ltr'>illum</span> <span class='ocrx_word' id='word_1_328' title='bbox 2681 3941 2837 3992; x_wconf 86' lang='lat' dir='ltr'>locum</span> <span class='ocrx_word' id='word_1_329' title='bbox 2874 3958 2964 3992; x_wconf 71' lang='lat' dir='ltr'>suo</span> 
     </span>
     <span class='ocr_line' id='line_1_36' title="bbox 572 4015 2965 4088; baseline 0.003 -22"><span class='ocrx_word' id='word_1_330' title='bbox 572 4018 677 4066; x_wconf 84' lang='lat' dir='ltr'>iure</span> <span class='ocrx_word' id='word_1_331' title='bbox 712 4034 935 4083; x_wconf 85' lang='lat' dir='ltr'>spernere</span> <span class='ocrx_word' id='word_1_332' title='bbox 970 4021 1054 4066; x_wconf 74' lang='lat' dir='ltr'>aut</span> <span class='ocrx_word' id='word_1_333' title='bbox 1088 4017 1313 4065; x_wconf 78' lang='lat' dir='ltr'>mutilare</span> <span class='ocrx_word' id='word_1_334' title='bbox 1346 4032 1479 4082; x_wconf 78' lang='lat' dir='ltr'>posse</span> <span class='ocrx_word' id='word_1_335' title='bbox 1512 4015 1602 4065; x_wconf 81' lang='lat' dir='ltr'>sibi</span> <span class='ocrx_word' id='word_1_336' title='bbox 1632 4018 1870 4075; x_wconf 84' lang='lat' dir='ltr'>videntur,</span> <span class='ocrx_word' id='word_1_337' title='bbox 1899 4019 2011 4083; x_wconf 78' lang='lat' dir='ltr'>quia</span> <span class='ocrx_word' id='word_1_338' title='bbox 2041 4019 2131 4067; x_wconf 91' lang='lat' dir='ltr'>Dio</span> <span class='ocrx_word' id='word_1_339' title='bbox 2159 4019 2287 4068; x_wconf 72' lang='lat' dir='ltr'>solue</span> <span class='ocrx_word' id='word_1_340' title='bbox 2318 4024 2486 4069; x_wconf 78' lang='lat' dir='ltr'>auctor</span> <span class='ocrx_word' id='word_1_341' title='bbox 2509 4021 2588 4070; x_wconf 75' lang='lat' dir='ltr'>ait.</span> <span class='ocrx_word' id='word_1_342' title='bbox 2623 4049 2690 4059; x_wconf 89' lang='lat'>—</span> <span class='ocrx_word' id='word_1_343' title='bbox 2727 4023 2782 4087; x_wconf 91' lang='lat'>1)</span> <span class='ocrx_word' id='word_1_344' title='bbox 2799 4023 2965 4088; x_wconf 59' lang='lat' dir='ltr'>Iunge</span> 
     </span>
     <span class='ocr_line' id='line_1_37' title="bbox 572 4099 2966 4170; baseline 0.002 -21"><span class='ocrx_word' id='word_1_345' title='bbox 572 4101 709 4149; x_wconf 67' lang='lat' dir='ltr'>Rom.</span> <span class='ocrx_word' id='word_1_346' title='bbox 758 4100 855 4149; x_wconf 74' lang='lat' dir='ltr'>Au.</span> <span class='ocrx_word' id='word_1_347' title='bbox 905 4101 930 4148; x_wconf 89' lang='lat'>1</span> <span class='ocrx_word' id='word_1_348' title='bbox 982 4116 1028 4163; x_wconf 88' lang='lat' dir='ltr'>p.</span> <span class='ocrx_word' id='word_1_349' title='bbox 1076 4099 1173 4147; x_wconf 85' lang='grc'>829</span> <span class='ocrx_word' id='word_1_350' title='bbox 1192 4115 1259 4162; x_wconf 79' lang='lat' dir='ltr'>sq.</span> <span class='ocrx_word' id='word_1_351' title='bbox 1318 4125 1381 4134; x_wconf 92' lang='lat'>—</span> <span class='ocrx_word' id='word_1_352' title='bbox 1432 4099 1601 4147; x_wconf 80' lang='lat' dir='ltr'>Soltau</span> <span class='ocrx_word' id='word_1_353' title='bbox 1647 4100 1944 4162; x_wconf 73' lang='lat' dir='ltr'>(Gultigkeit</span> <span class='ocrx_word' id='word_1_354' title='bbox 1980 4101 2065 4149; x_wconf 83' lang='lat' dir='ltr'>der</span> <span class='ocrx_word' id='word_1_355' title='bbox 2101 4100 2354 4150; x_wconf 80' lang='lat' dir='ltr'>Plebiscite</span> <span class='ocrx_word' id='word_1_356' title='bbox 2390 4119 2435 4166; x_wconf 89' lang='lat' dir='ltr'>p.</span> <span class='ocrx_word' id='word_1_357' title='bbox 2475 4103 2538 4153; x_wconf 72' lang='lat'>65</span> <span class='ocrx_word' id='word_1_358' title='bbox 2575 4119 2622 4152; x_wconf 87' lang='lat' dir='ltr'>n.</span> <span class='ocrx_word' id='word_1_359' title='bbox 2663 4105 2712 4165; x_wconf 89' lang='lat' dir='ltr'>l)</span> <span class='ocrx_word' id='word_1_360' title='bbox 2746 4104 2849 4170; x_wconf 78' lang='lat' dir='ltr'>ipse</span> <span class='ocrx_word' id='word_1_361' title='bbox 2884 4107 2966 4154; x_wconf 80' lang='lat' dir='ltr'>de-</span> 
     </span>
     <span class='ocr_line' id='line_1_38' title="bbox 578 4181 2964 4247; baseline 0.003 -16"><span class='ocrx_word' id='word_1_362' title='bbox 578 4182 891 4240; x_wconf 77' lang='lat' dir='ltr'>monstravit,</span> <span class='ocrx_word' id='word_1_363' title='bbox 946 4181 1266 4230; x_wconf 79' lang='lat' dir='ltr'>coniecturam</span> <span class='ocrx_word' id='word_1_364' title='bbox 1315 4196 1449 4229; x_wconf 79' lang='lat' dir='ltr'>suam</span> <span class='ocrx_word' id='word_1_365' title='bbox 1499 4195 1593 4244; x_wconf 86' lang='lat' dir='ltr'>qua</span> <span class='ocrx_word' id='word_1_366' title='bbox 1643 4185 1881 4231; x_wconf 71' lang='lat' dir='ltr'>assecutus</span> <span class='ocrx_word' id='word_1_367' title='bbox 1925 4186 2024 4238; x_wconf 79' lang='lat' dir='ltr'>eat,</span> <span class='ocrx_word' id='word_1_368' title='bbox 2073 4182 2225 4247; x_wconf 84' lang='lat' dir='ltr'>legem</span> <span class='ocrx_word' id='word_1_369' title='bbox 2271 4183 2407 4232; x_wconf 84' lang='lat' dir='ltr'>illam</span> <span class='ocrx_word' id='word_1_370' title='bbox 2442 4198 2470 4231; x_wconf 80' lang='grc' dir='ltr'>ι</span> <span class='ocrx_word' id='word_1_371' title='bbox 2504 4185 2689 4234; x_wconf 75' lang='lat' dir='ltr'>zonara</span> <span class='ocrx_word' id='word_1_372' title='bbox 2723 4191 2964 4239; x_wconf 72' lang='lat' dir='ltr'>servatam</span> 
     </span>
     <span class='ocr_line' id='line_1_39' title="bbox 577 4262 2959 4328; baseline 0.002 -15"><span class='ocrx_word' id='word_1_373' title='bbox 577 4263 817 4314; x_wconf 74' lang='lat' dir='ltr'>rettulisse</span> <span class='ocrx_word' id='word_1_374' title='bbox 851 4264 909 4312; x_wconf 74' lang='lat' dir='ltr'>ud</span> <span class='ocrx_word' id='word_1_375' title='bbox 947 4263 1147 4312; x_wconf 82' lang='lat' dir='ltr'>concilia</span> <span class='ocrx_word' id='word_1_376' title='bbox 1181 4262 1331 4328; x_wconf 76' lang='lat' dir='ltr'>plebis</span> <span class='ocrx_word' id='word_1_377' title='bbox 1364 4263 1461 4311; x_wconf 81' lang='lat' dir='ltr'>vim</span> <span class='ocrx_word' id='word_1_378' title='bbox 1497 4263 1828 4328; x_wconf 81' lang='lat' dir='ltr'>prohibentem</span> <span class='ocrx_word' id='word_1_379' title='bbox 1863 4264 2182 4328; x_wconf 78' lang='lat' dir='ltr'>auspiciorum</span> <span class='ocrx_word' id='word_1_380' title='bbox 2215 4265 2345 4315; x_wconf 76' lang='lat' dir='ltr'>inter</span> <span class='ocrx_word' id='word_1_381' title='bbox 2374 4265 2605 4316; x_wconf 74' lang='lat' dir='ltr'>actionem</span> <span class='ocrx_word' id='word_1_382' title='bbox 2639 4267 2842 4318; x_wconf 79' lang='lat' dir='ltr'>fortuito</span> <span class='ocrx_word' id='word_1_383' title='bbox 2877 4269 2959 4318; x_wconf 80' lang='lat' dir='ltr'>ob-</span> 
     </span>
     <span class='ocr_line' id='line_1_40' title="bbox 580 4345 2968 4414; baseline 0.002 -16"><span class='ocrx_word' id='word_1_384' title='bbox 580 4351 877 4398; x_wconf 76' lang='lat' dir='ltr'>servatorum</span> <span class='ocrx_word' id='word_1_385' title='bbox 912 4350 962 4395; x_wconf 82' lang='lat' dir='ltr'>ct</span> <span class='ocrx_word' id='word_1_386' title='bbox 995 4345 1053 4395; x_wconf 83' lang='lat' dir='ltr'>ab</span> <span class='ocrx_word' id='word_1_387' title='bbox 1082 4361 1262 4409; x_wconf 76' lang='lat' dir='ltr'>augure</span> <span class='ocrx_word' id='word_1_388' title='bbox 1290 4345 1639 4406; x_wconf 79' lang='lat' dir='ltr'>nuntiatorum,</span> <span class='ocrx_word' id='word_1_389' title='bbox 1671 4345 1871 4396; x_wconf 76' lang='lat' dir='ltr'>refutari</span> <span class='ocrx_word' id='word_1_390' title='bbox 1891 4345 2045 4395; x_wconf 80' lang='lat' dir='ltr'>verbis</span> <span class='ocrx_word' id='word_1_391' title='bbox 2062 4347 2285 4397; x_wconf 65' lang='lat' dir='ltr'>zonarae.</span> <span class='ocrx_word' id='word_1_392' title='bbox 2323 4375 2388 4385; x_wconf 91' lang='lat'>—</span> <span class='ocrx_word' id='word_1_393' title='bbox 2423 4349 2474 4410; x_wconf 75' lang='lat'>2)</span> <span class='ocrx_word' id='word_1_394' title='bbox 2499 4347 2600 4400; x_wconf 76' lang='lat' dir='ltr'>ctr.</span> <span class='ocrx_word' id='word_1_395' title='bbox 2623 4347 2788 4414; x_wconf 77' lang='lat' dir='ltr'>Polyb.</span> <span class='ocrx_word' id='word_1_396' title='bbox 2811 4352 2858 4402; x_wconf 82' lang='grc'>6.</span> <span class='ocrx_word' id='word_1_397' title='bbox 2883 4351 2968 4403; x_wconf 75' lang='lat' dir='ltr'>lo.</span> 
     </span>
    </p>
   </div>
   <div class='ocr_carea' id='block_1_7' title="bbox 3150 4329 3155 4935">
    <p class='ocr_par' dir='ltr' id='par_1_7' title="bbox 3150 4329 3155 4935">
     <span class='ocr_line' id='line_1_41' title="bbox 3150 4329 3155 4935; baseline 0 0"><span class='ocrx_word' id='word_1_398' title='bbox 3150 4329 3155 4935; x_wconf 95' lang='lat' dir='ltr'> </span> 
     </span>
    </p>
   </div>
  </div>
 </body>
</html>
