3192 5009
1273 329 1359 388 Ab
1403 331 1757 390 onrssm.
2584 316 2713 390 397

333 526 694 575 vacaneum
757 512 892 574 erat
910 557 928 586 ,
993 509 1144 592 quia
1204 505 1420 593 paullo
1479 514 1625 572 ante
1685 505 2051 573 Telemachi
2112 510 2358 574 incuria
2406 507 2715 573 acciderat

335 621 422 680 ut
466 637 500 680 e
543 613 827 680 thalamo
873 635 1000 678 non
1046 613 1202 678 bene
1239 611 1455 679 clauso
1492 634 1671 678 arma
1708 618 1995 698 peterent
2028 616 2225 699 proci,
2265 613 2343 679 cf.
2375 612 2503 677 154
2528 619 2714 699 sqq.),

333 728 423 786 ut
464 729 718 808 peracta
762 743 829 786 re
875 726 1180 786 exeuntes
1226 719 1599 787 cubiculum
1649 741 1686 786 a
1734 725 1916 808 tergo
1962 721 2119 788 bene
2166 719 2485 786 claudant.
2532 721 2720 786 Prae-

336 835 518 896 terea
575 831 631 895 si
688 831 980 895 iussisset
1042 826 1263 893 Ulixes
1325 827 1762 894 Melanthium
1824 826 2060 900 σανίδος
2127 827 2379 902 ἐκδῆσαι
2399 877 2417 906 ,
2480 830 2592 893 vix
2655 834 2719 894 et

335 957 425 1001 ne
469 938 580 1002 vix
627 935 886 1022 quidem
933 955 1007 999 ea
1054 955 1121 1000 re
1168 937 1384 1000 omitti
1433 936 1748 1020 potuisset
1791 934 1957 999 infra
2006 931 2135 1000 187
2184 956 2341 1021 sqq„
2388 934 2500 999 ubi
2544 931 2719 1000 Tele-

339 1043 610 1108 machus
657 1049 721 1107 et
765 1043 971 1108 socius
1017 1043 1330 1127 imperata
1379 1045 1801 1136 exequuntur.

436 1259 641 1342 χ231
708 1263 832 1334 πῶς
883 1262 953 1338 331
1001 1266 1124 1339 νῦν,
1171 1258 1272 1326 ὅτε
1319 1259 1421 1324 σόν
1468 1283 1548 1338 γε
1596 1260 1776 1340 δόμον
1823 1262 1926 1326 καὶ
1975 1261 2247 1339 κτήμαθ’
2294 1263 2557 1342 ἱκάνεις,

709 1364 870 1433 ἄντα.
919 1369 1273 1447 μνηστήρων
1324 1368 1770 1450 ὀλοφύρεαι
1819 1365 2085 1446 ἄλκιμος
2134 1363 2320 1446 dmm

340 1473 528 1539 Nihil
586 1473 804 1559 profici
865 1473 1232 1542 Doederlini
1283 1477 1792 1560 interpunctione
1838 1480 1981 1560 post
2025 1475 2393 1555 ὀλοφύρεαι,
2441 1480 2518 1539 ut
2565 1469 2719 1541 εἶναι

345 1582 436 1645 sit
493 1579 852 1646 infinitivus
916 1603 1030 1667 pro
1091 1583 1476 1667 imperativo
1495 1630 1512 1660 ‚
1572 1582 1733 1648 bene
1799 1580 2213 1646 ostenderunt
2258 1580 2531 1648 editores
2546 1630 2565 1659 ,
2613 1582 2721 1648 sed

345 1689 506 1772 quin
570 1690 758 1774 gravi
824 1687 1182 1773 corruptela
1242 1689 1463 1773 ipsum
1523 1688 1793 1753 verbum
1855 1686 2100 1754 laboret
2165 1687 2443 1753 dubitari
2503 1691 2725 1774 nequit

343 1798 679 1878 propterea
723 1793 893 1879 quod
934 1796 1001 1858 in
1047 1796 1436 1880 praegressis
1481 1815 1610 1859 non
1652 1793 2047 1858 lamentatur
2089 1791 2333 1859 Ulixes.
2384 1794 2543 1860 Leni
2590 1797 2725 1880 qui-

345 1898 498 1964 dem
555 1902 915 1965 mutatione
975 1900 1247 1966 verbum
1306 1899 1641 1966 emendare
1698 1921 1941 1986 nequeo
1958 1949 1975 1979 ,
2024 1900 2133 1966 sed
2177 1923 2302 1967 non
2350 1900 2531 1968 facile
2578 1904 2721 1987 quis

343 2006 608 2093 negabit
652 2009 983 2094 aptissime
1031 2006 1156 2072 dici
1201 2009 1483 2094 potuisse

710 2111 873 2178 ἄντα,
921 2114 1274 2192 μνηστήρων
1323 2114 1716 2188 όκλήθεοιι
1764 2112 2028 2190 ἄλκιμος
2078 2109 2268 2192 dmm

347 2219 520 2306 quod
582 2221 850 2286 verbum
910 2221 1212 2286 similiter
1257 2242 1406 2285 cum
1453 2220 1777 2286 infinitivo
1826 2226 2012 2306 poeta
2058 2223 2271 2286 iunxit
2320 2229 2371 2286 Κ
2400 2218 2551 2287 557.
2624 2221 2726 2286 Ad

355 2330 730 2393 sententiam
777 2328 856 2393 cf.
895 2337 950 2394 n
981 2327 1111 2393 602
1149 2327 1345 2402 άλκῆς
1388 2326 1764 2405 ἐξελάθοντο.
1810 2337 1856 2392 Ζ
1887 2325 2039 2393 285.
2076 2351 2121 2406 γ
2150 2327 2304 2394 224.
2352 2326 2451 2393 Ita
2488 2330 2726 2413 passim

352 2435 804 2511 μιμνήσκεσθαι
863 2437 1162 2522 iungitur
1226 2454 1376 2499 cum
1431 2437 1751 2521 genetivis
1815 2435 2048 2513 άλκῆς,
2112 2434 2404 2515 χάρμης,
2468 2434 2688 2512 Φόβοιο
2709 2483 2726 2513 ,

351 2539 708 2618 similibus,
757 2539 958 2606 semel
1002 2561 1154 2606 vero
1201 2562 1352 2605 cum
1401 2539 1726 2606 Infinitive
1767 2549 1808 2604 P
1839 2539 1971 2605 364
2011 2539 2319 2618 μέμνηντο
2358 2541 2482 2620 γὰρ
2511 2540 2630 2605 αἰεὶ
2674 2540 2686 2626 Ι

350 2646 650 2721 άλλήλοις
698 2647 838 2712 καθ’
887 2642 1096 2723 ὅμιλον
1146 2645 1523 2724 ἀλεξέμεναι
1574 2648 1759 2728 Φόνον
1808 2647 2016 2713 αἰπύν.

444 2865 652 2946 χ322
713 2866 982 2934 πολλάκι
1032 2892 1148 2933 που
1194 2867 1452 2947 μέλλεις
1500 2869 1902 2947 άρήμενοιι
1956 2868 2016 2932 ἐν
2063 2866 2387 2946 μεγάροισι

715 2973 978 3049 τηλόθ’
1027 2974 1159 3052 ἐμοὶ
1211 2977 1437 3040 νόστοιο
1484 2973 1660 3047 τέλος
1709 2982 2027 3054 γλυκεροῖο
2074 2973 2384 3052 γενέσθαι.

354 3077 690 3157 ’Λρήμενάι
710 3127 726 3155 ,
799 3079 967 3165 quod
1030 3087 1342 3147 nostrates
1402 3085 1769 3167 (praeeunte
1832 3079 2227 3144 Buttmanno
2292 3076 2403 3145 Gr.
2458 3076 2520 3144 H
2572 3077 2727 3162 118)

353 3185 588 3252 habent
657 3208 771 3271 pro
841 3190 1076 3252 aoristo
1147 3185 1230 3264 11,
1305 3187 1653 3254 admodum
1721 3187 1887 3252 mihi
1951 3192 2323 3274 suspectum
2382 3192 2514 3263 est,
2577 3185 2731 3252 licet

353 3295 748 3358 coniecturae
809 3292 1105 3371 άρῆσασθ’
1171 3294 1416 3360 obstare
1479 3294 1773 3359 videatur
1835 3292 2149 3358 molossus
2214 3297 2358 3358 ante
2405 3313 2733 3358 caesuram

355 3397 730 3465 bucolicam.
803 3399 877 3463 In
937 3421 1128 3466 versu
1191 3403 1483 3486 sequenti
1541 3399 1864 3486 perplacet
1930 3399 2093 3464 mihi
2155 3399 2411 3486 elegans
2470 3397 2733 3464 illorum

355 3507 626 3591 suspitio
685 3511 986 3585 γλυκεροῦ
1051 3505 1389 3572 ἀπολέσθαι
1440 3505 1544 3586 (cl.
1593 3530 1625 3585 ρ
1652 3505 1806 3571 253.
1856 3513 1907 3587 ψ
1937 3505 2071 3586 68),
2132 3525 2523 3591 quamquam
2570 3503 2738 3570 clau-

355 3611 499 3678 sula
537 3632 686 3677 sana
731 3633 866 3677 esse
912 3619 1156 3697 potest,
1207 3612 1398 3677 modo
1445 3633 1560 3698 pro
1603 3636 1692 3683 τη
1720 3611 1877 3676 λάθ’
1920 3610 2175 3697 legatur
2212 3609 2525 3688 μήποτ’,
2564 3611 2735 3696 quod

355 3725 572 3783 tamen
625 3721 840 3784 minus
885 3717 1151 3804 pulchre
1199 3719 1444 3784 dictum
1489 3718 1767 3784 videtur.
1819 3755 1903 3766 —-
1956 3717 2030 3781 In
2078 3720 2465 3804 praegressis
2510 3717 2589 3782 ad
2634 3738 2729 3783 vs.

361 3821 492 3889 306
555 3823 628 3889 P.
677 3823 982 3912 Knightii
1029 3831 1094 3891 et
1137 3825 1370 3890 Naberi
1434 3827 1801 3911 opinionem
1845 3824 1985 3889 fuse
2033 3822 2193 3889 olim
2237 3826 2619 3910 impugnavi
2664 3827 2734 3888 in

361 3927 750 4017 „Verslagen
809 3952 887 3996 en
947 3930 1473 4017 Mededeelingen
1537 3931 1647 3997 der
1708 3931 1872 3996 Kon.
1936 3929 2095 3995 Ned.
2161 3930 2351 3996 Acad.
2416 3953 2478 3997 v.
2528 3929 2693 3995 Wet.
2715 3978 2732 4008 ,

358 4035 504 4101 Afd.
567 4036 1000 4103 Letterkunde
1018 4087 1034 4117 ‚
1097 4038 1199 4103 2de
1247 4037 1430 4105 reeks
1494 4037 1636 4103 deel
1684 4036 1868 4102 V11.”
1938 4033 2201 4102 Gaudeo
2267 4036 2436 4122 quod
2477 4057 2734 4103 mecum

358 4143 604 4209 faciunt
650 4144 945 4211 editores.

451 4347 755 4536 κῶ36φ71λ’,
804 4457 924 4535 ἐγὼ
970 4457 1084 4533 μὲν
1133 4454 1221 4522 ὅδ’
1261 4455 1422 4535 εἶμί·
1474 4457 1550 4522 σὺ
1597 4455 1649 4522 δ’
1688 4455 1959 4538 ἴσχεο,
2008 4456 2225 4522 εειπὲ
2271 4455 2351 4521 δὲ
2396 4455 2642 4537 πατρὶ
