3192 5009
446 245 578 315 440
1086 268 1170 316 1111
1215 264 1837 316 mansur-armamus
1887 263 2190 315 nomm.

449 439 743 512 venerat3
806 439 1132 520 praeterea
1193 433 1324 499 vid.
1366 433 1468 500 .de
1530 433 1722 500 Tullo
1787 433 2054 521 Dionys,
2111 431 2264 513 3.1‚
2315 432 2391 498 de
2433 433 2611 499 Anco
2661 430 2724 497 3.
2754 427 2837 496 35

444 544 513 606 et
559 540 667 619 36,
716 539 793 606 de
838 540 1055 607 Prisco
1103 543 1240 627 (qui
1285 563 1397 607 rex
1443 547 1692 607 creatus
1740 562 1876 607 esse
1927 545 2223 606 narratur
2263 538 2324 604 3.
2353 535 2467 619 46)
2510 537 2571 606 3.
2599 536 2686 604 49
2709 541 2840 624 13.;

448 669 598 715 cum
668 653 884 714 tamen
948 646 1105 714 11333
1172 649 1434 713 30131113
1447 695 1463 725 ,
1538 649 1593 712 31
1664 648 1742 713 311
1805 649 2126 734 1111311383
2187 646 2571 712 haberentur
2635 649 2699 711 et
2761 644 2839 710 ad

448 757 834 822 creationem
881 757 1302 841 pertinerent,
1351 753 1573 820 eodem
1625 753 1725 820 die
1773 757 1996 819 statim
2033 754 2257 819 haberi
2295 773 2546 818 necesse
2589 751 2837 831 fuisset,

446 868 522 926 ut
568 860 855 946 primum
900 863 1177 926 interrex
1226 860 1641 926 candidatum
1688 863 2168 946 pronuntiasset
2185 881 2202 938 3
2259 897 2344 908 -
2392 858 2464 923 4⁰
2511 857 2680 945 quod
2737 859 2838 924 his

446 970 725 1035 comitiis
770 989 807 1033 a
853 966 1162 1054 Dionysio
1210 967 1589 1054 plerumque
1641 967 1768 1032 fere
1808 970 2108 1033 continuo
2149 965 2592 1052 adiunguntur
2633 966 2839 1031 obser·

445 1077 733 1140 vationes
794 1078 1227 1161 auspiciorum
1288 1074 1366 1140 ab
1432 1074 1788 1161 auguribus
1835 1074 2093 1141 habitae
2113 1123 2130 1152 ,
2183 1095 2338 1160 quas
2386 1074 2467 1139 ad
2513 1072 2838 1139 confirma-

445 1183 685 1246 tionem
745 1184 927 1268 regni
973 1183 1289 1268 pertinere
1337 1187 1620 1260 constat,
1673 1202 1944 1267 quarum
1991 1183 2390 1247 mentionem
2434 1180 2590 1246 facit
2639 1179 2701 1246 2.
2727 1179 2833 1260 60,

446 1284 509 1350 3.
542 1286 600 1364 1,
652 1285 713 1353 3.
742 1285 825 1351 35
876 1294 941 1353 31
990 1286 1097 1366 36,
1148 1285 1209 1351 3.
1241 1287 1349 1365 46,
1394 1286 1456 1351 4.
1486 1285 1596 1364 40,
1640 1288 1701 1351 4.
1731 1285 1838 1352 80.
1890 1286 2026 1352 Η33
2069 1287 2146 1352 011
2187 1309 2408 1353 3311333
2431 1287 2614 1354 credo
2638 1290 2836 1354 etiam

444 1392 614 1478 apud
678 1391 1062 1482 Dionysium
1124 1413 1449 1478 superesse
1495 1395 1776 1479 vestigia
1821 1395 2172 1480 rogationis
2217 1393 2384 1480 13813
2430 1397 2711 1460 curiatae
2755 1395 2834 1460 ab

443 1501 583 1585 ipso
645 1518 797 1586 rege
858 1497 1058 1578 latae,
1125 1520 1286 1586 quae
1351 1501 1421 1563 in
1480 1519 1680 1585 regno
1743 1497 1952 1564 Servii
2000 1497 2210 1564 solum
2258 1499 2334 1565 ab
2386 1521 2458 1566 30
2507 1503 2837 1566 0131111131

444 1607 557 1672 11111
607 1603 825 1672 Cicero
876 1627 1017 1672 eam
1064 1608 1261 1671 etiam
1307 1611 1660 1682 memorat,
1711 1611 1776 1670 et
1824 1625 1898 1670 ea
1935 1607 2212 1692 vestigia
2251 1606 2423 1672 hanc
2455 1608 2534 1671 ob
2572 1627 2834 1673 causam

444 1716 699 1777 tantum
749 1733 937 1799 aegre
984 1734 1021 1778 3
1065 1713 1247 1778 301113
1295 1713 1555 1799 agnosci
1599 1732 1818 1797 posse,
1861 1711 2030 1798 quod
2069 1710 2420 1836 Dionysius
2461 1716 2600 1800 ipse
2623 1734 2833 1779 errore

440 1818 787 1904 perductus
836 1839 911 1884 ea
955 1819 1449 1905 perturbaverit.

534 1926 816 2011 Apparet
875 1928 1116 2012 igitur,
1170 1931 1246 1990 ut
1294 1925 1460 2002 dixi,
1512 1929 1800 1990 auctores
1849 1945 2070 1990 omnes
2117 1927 2365 2011 copiam
2413 1926 2560 1992 dare
2609 1925 2830 1994 distin-

440 2031 681 2118 guendi
740 2034 911 2097 inter
956 2035 1339 2098 creationem
1385 2033 1559 2117 regis
1609 2052 1770 2118 quae
1815 2031 2006 2096 fiebat
2053 2031 2129 2095 ab
2178 2033 2496 2120 interrege
2513 2081 2532 2111 ,
2582 2039 2646 2098 et
2693 2055 2831 2098 con-

438 2137 869 2204 firmationem
914 2141 1053 2204 eius
1098 2141 1283 2226 regni
1329 2158 1490 2223 quae
1542 2137 1732 2203 fiebat
1777 2143 2119 2223 postquam
2167 2145 2416 2204 creatus
2457 2144 2608 2204 erat.
2657 2137 2828 2204 Mihi

440 2251 659 2310 autem
678 2294 694 2322 ,
727 2251 1071 2332 antequam
1096 2247 1415 2329 attingam
1439 2244 1718 2309 actiones
1744 2244 1976 2329 quibus
2001 2243 2492 2310 confirmabatur
2512 2265 2786 2331 regnum
2805 2291 2822 2320 ,

440 2371 599 2438 quae
648 2352 728 2416 ad
767 2372 978 2417 meam
1020 2353 1460 2438 quaestionem
1501 2353 1714 2436 magis
1754 2352 2076 2436 pertinent
2094 2399 2111 2429 ,
2151 2357 2367 2417 tamen
2406 2357 2590 2416 antea
2627 2350 2824 2415 verbo

436 2456 715 2523 indicare
775 2456 965 2522 liceat
1019 2457 1173 2544 quid
1221 2459 1491 2522 sentiam
1542 2455 1620 2521 de
1668 2458 1982 2522 creatione
2001 2505 2018 2536 ,
2071 2457 2582 2544 quandoquidem
2628 2456 2704 2522 de
2753 2477 2826 2522 ea

438 2585 688 2650 quoque
749 2563 992 2651 aliquid
1051 2585 1284 2650 ponere
1346 2584 1599 2629 necesse
1661 2564 1827 2628 mihi
1890 2569 1987 2629 est
2049 2564 2218 2650 quod
2276 2564 2628 2630 verisimile
2691 2585 2826 2630 3333

433 2670 728 2736 videatur
773 2673 1029 2736 etiamsi
1072 2672 1341 2736 minime
1388 2676 1639 2735 certum
1689 2673 1807 2748 sit,
1859 2674 1924 2735 et
1963 2670 2132 2756 quod
2173 2673 2352 2756 sequi
2393 2673 2635 2756 possim
2675 2691 2826 2736 cum

435 2797 627 2863 agam
690 2777 766 2843 de
827 2777 1017 2843 rebus
1080 2780 1295 2843 minus
1358 2777 1639 2842 obscuris
1697 2797 1845 2842 cum
1893 2776 2007 2842 illa
2053 2777 2554 2842 cohaerentibus.
2627 2775 2704 2840 In
2751 2797 2824 2842 ea

432 2905 501 2949 re
562 2890 778 2950 autem
800 2931 817 2963 ,
864 2883 1377 2970 quandoquidem
1429 2882 1756 2949 conciliari
1802 2905 1928 2948 non
1974 2887 2239 2970 possunt
2283 2884 2634 2948 sententiae
2679 2901 2822 2946 auc-

430 2995 648 3054 torum
694 2995 759 3054 et
806 2993 981 3075 optio
1028 2990 1311 3056 facienda
1358 2995 1454 3055 est
1470 3037 1486 3068 ,
1537 2989 1720 3054 facile
1771 2989 2046 3055 adducor
2092 2994 2168 3055 ut
2211 2989 2406 3075 longe
2467 2987 2818 3075 praeferam

432 3096 601 3181 quod
648 3096 1001 3183 Dionysius
1050 3095 1315 3161 tradidit
1332 3146 1349 3174 ,
1401 3117 1585 3182 reges
1636 3118 1759 3162 non
1811 3118 1946 3162 esse
1993 3095 2226 3162 electos
2275 3117 2310 3162 a
2356 3095 2590 3182 populo
2637 3095 2747 3161 sed
2785 3115 2822 3160 a

430 3199 729 3268 Patribus
778 3202 1009 3268 electos
1055 3204 1134 3269 ab
1178 3206 1499 3289 interrege
1541 3224 1676 3268 3333
1716 3206 2180 3290 pronuntiatos,
2229 3203 2527 3268 Primum
2543 3252 2560 3282 ,
2604 3223 2823 3289 quam-

431 3329 625 3394 quam
670 3315 938 3395 utraque
978 3312 1289 3376 sententia
1327 3311 1517 3375 habet
1556 3331 1704 3375 suos
1741 3317 2030 3376 auctores
2046 3359 2062 3388 ,
2104 3331 2308 3396 neque
2351 3309 2558 3376 solum
2605 3309 2820 3396 plures

430 3421 717 3481 auctores
757 3415 947 3481 habet
984 3419 1297 3482 sententia
1334 3437 1373 3481 a
1411 3438 1515 3482 me
1552 3420 1935 3504 impugnata
1975 3437 2169 3503 quam
2212 3416 2446 3497 altera,
2489 3417 2598 3482 sed
2621 3419 2819 3482 etiam
2949 3505 2962 3518 ·

428 3521 636 3587 multo
694 3524 1019 3609 graviores
1085 3528 1261 3602 (nam
1317 3521 1485 3609 quod
1531 3520 1750 3589 Cicero
1796 3525 1867 3588 in
1913 3523 2095 3588 libris
2142 3523 2219 3588 de
2265 3522 2423 3609 Rep.
2473 3521 2738 3587 tradidit
2783 3543 2818 3586 3

427 3628 697 3716 Polybio
759 3636 1094 3715 sumptum
1157 3650 1291 3695 3333
1353 3632 1507 3694 satis
1555 3635 1866 3710 constat),
1917 3636 2133 3695 tamen
2180 3651 2304 3695 non
2349 3629 2521 3694 idem
2570 3626 2819 3715 pondus

427 3735 617 3800 habet
662 3739 932 3820 utraque
980 3757 1182 3821 neque
1231 3735 1498 3801 eandem
1546 3735 2046 3816 firmitudinem;
2099 3757 2249 3801 nam
2290 3735 2458 3821 quod
2504 3732 2818 3821 Polybius

428 3840 725 3919 tradidit,
776 3863 925 3907 cum
973 3849 1141 3908 certe
1188 3850 1427 3908 temere
1476 3841 1701 3909 fictum
1749 3865 1874 3908 non
1923 3846 2043 3922 sit,
2091 3850 2308 3908 tamen
2355 3845 2528 3907 sumi
2565 3845 2813 3928 potuit,

426 3953 492 4012 et
536 3955 874 4032 sumptum
920 3969 1055 4014 3333
1095 3952 1231 4014 3133
1271 3949 1405 4014 11113
1444 3951 1842 4016 dubitatione
1881 3949 2184 4015 affirmari
2220 3954 2466 4036 potest,
2509 3970 2586 4014 ex
2625 3949 2815 4014 rebus

423 4053 659 4120 liberae
714 4053 1101 4140 reipublicae
1164 4061 1229 4122 et
1291 4059 1605 4122 creatione
1666 4055 2035 4136 consulum;
2111 4057 2280 4144 quod
2337 4077 2488 4122 vero
2551 4053 2816 4120 tradidit

425 4167 646 4226 auctor
704 4159 1032 4249 Dionysii,
1098 4183 1248 4228 cum
1301 4184 1379 4229 ne
1426 4163 1494 4228 id
1539 4164 1802 4251 quidem
1849 4169 2090 4231 temere
2136 4164 2365 4229 fictum
2411 4183 2546 4228 esse
2595 4163 2817 4229 verisi-

423 4265 578 4334 mile
623 4269 742 4347 sit,
790 4270 1129 4334 inventum
1175 4291 1311 4336 3333
1358 4269 1546 4336 debet
1594 4272 1671 4337 ab
1720 4271 1935 4357 aliquo
1979 4274 2091 4356 qui
2130 4293 2259 4338 non
2299 4275 2636 4338 contentus
2677 4275 2814 4334 tam

423 4373 597 4439 facili
642 4376 1005 4440 coniectura
1052 4397 1177 4461 qua
1222 4397 1405 4463 reges
1452 4377 1677 4442 eodem
1714 4378 1904 4444 modo
1945 4381 2140 4444 creati
2177 4399 2312 4444 esse
2345 4377 2814 4443 affirmarentur
