3192 5009
1369 292 1701 343 scamus.
2674 274 2711 345 7

352 462 536 539 „eius
581 458 824 539 (Drusi)
869 462 1118 545 impetu
1163 458 1439 545 perculsi
1477 462 1679 525 immo
1720 458 2029 525 fulminea
2051 460 2348 525 horrendi
2371 459 2715 527 adversarii

353 569 470 646 „vi
515 565 930 651 obstupefacti
975 572 1125 631 sunt
1169 571 1236 632 et
1278 587 1427 652 prae
1471 571 1655 631 metu
1692 569 1805 631 vix
1844 588 1909 632 se
1950 587 2347 632 commovere
2383 568 2713 653 possuut”.

351 672 510 750 Sed,
574 693 611 736 o
675 672 741 736 di
801 672 986 749 boni,
1049 677 1362 757 quantum
1422 672 1743 738 derisisset
1790 675 1892 737 vir
1938 679 2164 739 acutus
2210 679 2275 739 et
2319 679 2610 759 poetam,
2660 676 2717 739 si

352 799 572 845 revera
631 777 1169 864 sesquipedalibus
1229 779 1330 844 his
1387 780 1599 845 verbis
1644 780 1867 845 fuisset
1912 801 2067 845 usus
2086 828 2103 857 ,
2151 786 2217 845 et
2262 800 2375 845 nos
2393 828 2410 858 ,
2459 783 2515 845 si
2560 780 2717 846 talia

357 883 822 972 probassemus!

445 989 589 1057 Non
636 994 846 1077 magis
889 990 1378 1057 auscultandum
1424 997 1522 1059 est
1566 990 1967 1059 Hartmanno
2012 1016 2075 1079 p.
2128 990 2277 1057 150.
2326 989 2497 1060 Oum
2543 996 2716 1059 enim

354 1097 664 1164 Horatius
723 1100 814 1163 sic
879 1098 1110 1162 dixerit
1169 1099 1237 1162 in
1296 1097 1516 1184 Epodo
1589 1097 1673 1162 14
1741 1099 1820 1164 ad
1887 1098 2358 1165 Maecenatem:
2424 1098 2579 1164 Ure
2598 1102 2715 1164 ris

350 1208 532 1290 ipse
591 1205 884 1269 miser:
951 1204 1248 1288 quodsi
1309 1225 1463 1269 non
1523 1204 1967 1290 pulchrior
2029 1207 2263 1292 ignis
2326 1205 2715 1271 accendit

275 1385 280 1389 ,
356 1310 780 1375 obsessam
846 1307 1100 1386 Ilion,
1171 1309 1440 1396 gaude
1504 1315 1730 1375 sorte
1791 1316 1968 1388 tua,
2034 1310 2301 1388 „hocine
2346 1314 2500 1376 satis
2544 1313 2716 1397 inep-

354 1421 541 1494 „tum
557 1463 574 1492 ,
633 1417 843 1501 inquit
860 1463 877 1493 ,
939 1419 1176 1481 amoris
1241 1418 1463 1503 ignem
1524 1437 1675 1481 cum
1732 1418 1885 1503 igne
1928 1415 2156 1482 urbem
2200 1422 2500 1482 exurente
2548 1437 2716 1482 com-

349 1542 611 1608 „parare
628 1570 645 1599 ,
721 1542 848 1586 non
908 1528 1164 1607 propter
1223 1524 1360 1588 vim
1423 1528 1486 1587 et
1551 1523 2026 1589 vehementiam
2086 1522 2196 1587 sed
2259 1528 2515 1608 propter
2574 1522 2714 1608 pul-

353 1628 886 1707 „chritudinem”.
935 1627 1060 1694 Sed
1107 1631 1250 1714 quis
1295 1628 1447 1695 huic
1491 1630 1962 1715 reprehensioni
2008 1628 2332 1695 calculum
2380 1629 2555 1694 dabit
2600 1631 2713 1714 qui

347 1736 714 1799 meminerit
772 1731 1176 1799 Helenam
1219 1756 1352 1801 esse
1402 1756 1560 1820 quae
1611 1736 1761 1821 (non
1807 1739 2086 1815 exussit,
2138 1736 2271 1817 sed)
2318 1735 2713 1801 accendit

347 1840 512 1907 Dion
579 1846 644 1904 et
725 1838 1148 1905 flammam
1228 1841 1498 1907 media
1577 1844 1763 1927 ipsa
1835 1843 2178 1908 tenebat
2245 1844 2709 1929 ingentem,

346 1950 426 2011 ut
485 1946 738 2037 cecinit
770 1943 1092 2033 Vergilius
1151 1944 1237 2010 VI
1285 1944 1435 2011 518.
1509 1943 1678 2013 Cum
1738 1948 1932 2013 huius
1990 1950 2195 2035 igitur
2239 1947 2711 2033 pulchritudine

349 2056 751 2137 comparatur
807 2071 934 2116 non
1000 2054 1210 2139 „ignis
1267 2052 1545 2118 amoris”
1565 2100 1582 2131 ,
1648 2053 1756 2119 sed
1815 2056 2021 2140 ignis,
2068 2056 2112 2118 i.
2139 2075 2193 2120 6.
2243 2052 2491 2139 puella,
2542 2052 2713 2119 Mae-

347 2160 602 2223 cenatis.
912 2148 918 2155 ’

438 2262 530 2328 Ut
581 2268 798 2328 autem
858 2266 928 2327 in
973 2266 1328 2329 carminum
1375 2286 1633 2331 censura
1680 2266 1889 2331 multa
1935 2268 2063 2331 sint
2111 2287 2271 2351 quae
2316 2266 2673 2352 improbem
2689 2313 2706 2344 ‚

343 2370 534 2436 laudo
580 2376 794 2435 tamen
837 2370 1186 2457 Epilogum
1232 2393 1292 2457 p.
1341 2370 1713 2438 194—202.
1765 2371 1932 2439 Cum
1976 2375 2149 2437 enim
2193 2371 2326 2437 illic
2370 2371 2713 2437 Hartman-

343 2499 466 2542 nus
530 2476 734 2542 videri
803 2480 1001 2563 possit
1069 2483 1325 2564 poetam
1394 2483 1459 2543 et
1526 2486 1821 2564 poemata
1896 2480 2177 2545 acerbius
2246 2483 2580 2554 tractasse,
2641 2480 2709 2541 in

344 2583 596 2671 epilogo
643 2604 836 2669 paene
883 2584 1054 2660 παρὰ
1103 2583 1458 2661 προσδοκίαν
1506 2606 1633 2650 11611
1681 2606 1787 2651 eos
1834 2590 2091 2649 tantum
2136 2584 2389 2661 refutat,
2439 2586 2551 2669 qui
2581 2581 2711 2647 Ho-

341 2693 582 2755 ratium
626 2696 847 2774 poetae
892 2692 1148 2755 nomine
1192 2690 1536 2777 indignum
1583 2698 1879 2757 censeant
1928 2698 1991 2756 et
2031 2697 2365 2775 tamquam
2401 2689 2709 2755 versifica—

339 2803 546 2862 torem
595 2800 1027 2872 contemnant,
1077 2796 1185 2861 sed
1229 2800 1366 2883 ipse
1412 2796 1623 2863 nullas
1672 2820 1795 2863 non
1840 2797 2060 2862 laudes
2098 2798 2166 2861 in
2206 2817 2357 2860 eum
2396 2794 2705 2873 cumulat,

340 2905 620 2967 maxime
683 2901 941 2986 quidem
1003 2909 1259 2987 propter
1321 2901 1652 2968 Sermones
1708 2909 1772 2967 et
1818 2900 2135 2988 Epistolas
2183 2906 2369 2987 (quae
2414 2900 2491 2965 ad
2537 2900 2708 2965 hunc

339 3030 540 3094 usque
585 3007 798 3099 locum
841 3010 910 3071 in
955 3029 1216 3073 censum
1260 3030 1384 3073 non
1429 3015 1811 3088 vocaverat),
1859 3009 1969 3073 sed
2013 3012 2210 3074 etiam
2255 3013 2513 3092 propter
2558 3006 2706 3071 odas

335 3117 603 3180 rusticas
621 3163 637 3191 ‚
708 3113 996 3200 politicas
1059 3120 1124 3179 et
1183 3113 1341 3179 alias
1401 3115 1707 3200 quasdam
1770 3136 1929 3201 quae
1994 3114 2074 3180 ad
2122 3113 2455 3199 epistolare
2502 3134 2705 3200 genus

337 3224 624 3309 proxime
706 3220 1022 3287 accedant.
1113 3218 1524 3287 Celebrantur
1594 3225 1983 3299 „sententiae
2054 3243 2194 3288 aere
2263 3222 2665 3307 perenniores
2686 3269 2703 3297 ,

341 3348 544 3413 „quae
614 3327 769 3392 dum
838 3329 1147 3392 sermonis
1216 3325 1568 3414 elegantiae
1630 3334 1695 3394 et
1756 3330 2077 3393 venustati
2135 3348 2253 3393 sua
2310 3325 2451 3391 laus
2512 3327 2707 3391 stabit

339 3436 700 3513 „discentur
739 3441 804 3500 et
840 3433 1339 3510 recitabuntur”,
1379 3439 1524 3499 tum
1566 3435 1927 3520 „praeclara
1966 3439 2188 3520 poetae
2227 3436 2294 3499 in
2332 3454 2401 3498 re
2440 3434 2706 3497 metrica

340 3539 651 3620 „merita”
714 3545 778 3604 et
828 3560 1090 3616 „versus
1135 3542 1282 3625 puri
1331 3538 1652 3626 elegantes
1701 3542 1925 3606 auditu
1976 3542 2343 3605 suavissimi
2388 3537 2707 3603 iucundis-

341 3645 720 3731 „simique”,
785 3645 1052 3731 denique
1118 3646 1621 3731 „dignissimus”
1690 3647 2127 3733 „praedicatur
2192 3667 2383 3731 quem
2450 3650 2705 3731 poetam

339 3773 681 3831 „vocemus
721 3756 977 3835 propter
1014 3750 1175 3815 hanc
1214 3754 1546 3829 virtutem,
1590 3752 1760 3837 quod
1799 3754 2056 3839 egregie
2097 3751 2427 3817 observare
2454 3755 2705 3837 poterat

343 3864 448 3937 „et
505 3856 777 3922 libenter
839 3862 1028 3941 atque
1089 3878 1237 3922 cum
1299 3857 1629 3943 voluptate
1690 3857 1964 3943 quadam
2025 3858 2395 3923 observabat
2445 3905 2459 3922 .
2489 3905 2504 3920 .
2535 3904 2549 3920 .
2598 3856 2706 3921 ho-

344 3966 588 4041 „mines
630 3960 1018 4046 illorumque
1065 3965 1269 4028 vitam
1315 3964 1528 4027 studia
1572 3963 1877 4029 errores”.

428 4066 594 4135 Cum
663 4074 881 4133 autem
947 4069 1066 4133 hoc
1134 4070 1387 4133 nomine
1456 4068 1806 4134 Horatium
1875 4073 2097 4154 poetae
2168 4066 2360 4132 titulo
2430 4067 2703 4155 dignum

336 4174 662 4251 habuerit,
710 4171 862 4238 alibi
910 4176 1124 4239 minus
1168 4173 1519 4259 benignum
1565 4174 1720 4239 tulit
1767 4176 1843 4241 de
1889 4196 1961 4240 eo
2006 4174 2322 4239 iudicium
2358 4175 2705 4240 contendit-

338 4300 462 4366 que
520 4304 583 4367 p.
639 4277 742 4357 15,
807 4281 862 4343 si
923 4281 1392 4367 interrogamus
1458 4280 1807 4346 Horatium
1857 4279 2053 4366 „quid
2100 4279 2177 4346 de
2224 4300 2340 4345 sua
2385 4286 2521 4347 arte
2565 4284 2703 4367 ipse

338 4384 652 4464 censeat'',
701 4405 850 4451 eum
896 4385 1266 4472 respondere
1316 4387 1522 4465 „nihil
1567 4386 1985 4474 magnificum
2001 4436 2017 4465 ,
2083 4386 2245 4453 nihil
2290 4388 2460 4475 quod
2508 4389 2704 4455 admi-
