3192 5009
1320 360 1655 411 nonanus.
2630 340 2671 407 3

314 528 684 604 „sententiis
745 530 810 591 et
872 524 1082 591 verbis
1126 525 1562 613 intelligendis
1610 546 1847 591 errores
1893 531 1958 590 et
2002 544 2199 609 prava
2244 523 2323 590 ad
2368 524 2671 593 Latinum

311 654 711 711 „sermonem
780 636 1158 719 pertinentia
1225 634 1462 700 iudicia
1529 632 1892 711 adiecisset,
1973 630 2319 697 Horatium
2386 632 2672 699 laniavit.

309 739 478 821 „Qui
546 747 758 807 tamen
829 762 905 805 ne
975 740 1149 805 solus
1217 744 1286 805 in
1354 740 1472 807 hac
1537 744 1855 826 pravitate
1918 746 2081 805 esset
2142 746 2256 805 aut
2315 744 2675 807 temeritate

313 866 646 924 „summus
664 894 680 923 ,
726 866 928 931 nuper
973 850 1076 925 (ne
1113 843 1479 932 Gruppium
1519 852 2041 924 commemorem)
2082 845 2387 911 Lehrsius
2424 848 2495 911 in
2530 843 2676 913 Ovi-

315 952 448 1030 „dii
490 951 793 1038 Epistolis
842 999 858 1015 .
888 1000 902 1017 .
932 999 947 1016 .
993 954 1060 1016 in
1107 951 1407 1018 Iuvenale
1453 952 1840 1017 Ribbeckius
1890 951 2293 1017 effecerunt”.

400 1058 574 1125 Iusto
623 1065 839 1125 tamen
887 1060 1090 1123 acrius
1135 1057 1246 1123 ille
1291 1061 1584 1125 invectus
1630 1062 1727 1123 est
1770 1061 1839 1123 in
1884 1058 2403 1144 Peerlkampium
2425 1107 2441 1137 ‚
2491 1061 2675 1124 cuius

308 1167 488 1230 crisis
544 1163 892 1231 Horatiana
948 1184 1142 1249 paene
1204 1162 1630 1229 venerabilem
1686 1164 1879 1229 habet
1928 1166 2243 1250 originem
2286 1166 2562 1249 positam
2608 1168 2677 1229 in

309 1272 512 1335 nimia
569 1276 788 1356 poetae
848 1269 1266 1335 admiratione
1285 1320 1302 1349 ,
1351 1291 1543 1357 quem
1589 1291 1738 1335 cum
1786 1270 2061 1356 perfecta
2108 1276 2361 1347 tantum
2410 1271 2676 1337 scribere

307 1378 592 1463 potuisse
661 1377 782 1443 sibi
849 1379 1296 1462 persuasisset,
1359 1376 1730 1461 imperfecta
1790 1379 2005 1441 omnia
2068 1379 2377 1461 expunxit
2440 1380 2673 1463 quippe

309 1482 427 1549 tali
465 1490 717 1550 auctore
753 1483 1036 1570 indigna.
1085 1482 1216 1549 Nec
1253 1488 1507 1548 tantum
1546 1486 1833 1548 excusari
1872 1481 2337 1567 quodammodo
2358 1485 2447 1548 810
2471 1490 2679 1569 potest

306 1588 484 1655 illius
545 1591 868 1655 temeritas
887 1637 904 1667 ,
967 1588 1076 1654 sed
1141 1589 1367 1655 habuit
1428 1588 1715 1654 eiusdem
1759 1596 1824 1654 et
1871 1587 2263 1674 reliquorum
2310 1591 2677 1655 criticorum

309 1716 566 1761 morosa
602 1697 904 1760 severitas
941 1697 1008 1758 in
1047 1694 1436 1760 excutiendis
1471 1693 1730 1759 Horatii
1768 1695 2155 1759 carminibus
2186 1700 2250 1759 et
2274 1700 2407 1759 arte
2431 1697 2679 1780 poetica

308 1803 474 1869 hanc
531 1822 836 1887 magnam
891 1799 1241 1867 utilitatem
1259 1850 1276 1879 ,
1341 1806 1416 1867 ut
1474 1801 1719 1867 multae
1779 1804 1849 1865 in
1910 1802 1991 1865 iis
2039 1802 2357 1866 cicatrices
2404 1799 2675 1866 denuda-

309 1914 549 1985 rentur,
612 1928 771 1993 quae
831 1907 1036 1973 adhuc
1100 1910 1282 1992 quasi
1325 1906 1704 1973 velamentis
1752 1909 1945 1971 nimis
1991 1907 2302 1993 benignae
2352 1906 2677 1993 facilisque

309 2017 844 2101 interpretationis
906 2012 1254 2079 occultatae
1312 2019 1697 2079 manserant.
1744 2012 1912 2079 Nam
1958 2011 2123 2077 nihil
2166 2034 2291 2077 non
2335 2019 2678 2079 moverunt

311 2124 382 2187 in
437 2121 538 2187 his
598 2122 868 2206 scriptis.
933 2118 1324 2186 Dubitarunt
1387 2119 1463 2185 de
1509 2121 1721 2185 verbis
1771 2119 1847 2185 de
1896 2121 2229 2184 sententiis
2276 2118 2352 2183 de
2400 2120 2677 2205 strophis

311 2226 390 2292 de
451 2228 604 2293 totis
663 2229 978 2311 poematis
994 2275 1011 2304 ,
1059 2228 1152 2291 ita
1195 2231 1271 2290 ut
1317 2228 1428 2291 vix
1475 2228 1665 2291 tertia
1710 2245 1853 2311 pars
1902 2246 1980 2290 ex
2024 2222 2137 2289 illa
2184 2230 2395 2311 strage
2440 2224 2679 2290 incolu-

311 2335 438 2398 mis
506 2335 794 2399 evaserit.
865 2331 988 2410 Qui
1046 2334 1254 2419 igitur
1312 2338 1459 2417 post
1516 2330 1662 2397 illos
1725 2332 1929 2396 sobrio
1990 2330 2227 2396 iudicio
2272 2334 2374 2396 usi
2420 2330 2678 2397 Horatii

313 2440 696 2505 carminibus
740 2460 930 2504 suum
975 2440 1279 2505 honorem
1325 2460 1633 2524 suamque
1672 2438 1943 2503 formam
1980 2440 2315 2504 restituere
2357 2438 2673 2518 volebant,

311 2550 394 2612 iis
453 2546 571 2612 hoc
632 2548 915 2632 primum
960 2546 1364 2611 incumbebat
1410 2545 1690 2611 officium
1708 2594 1724 2623 ,
1773 2550 1849 2609 ut
1892 2548 1959 2609 in
2006 2564 2381 2631 unaquaque
2429 2568 2496 2611 re
2542 2545 2679 2611 1110-
2776 2590 2784 2599 ·

311 2675 460 2719 rum
505 2654 1012 2739 reprehensiones
1049 2654 1483 2718 examinarent
1521 2658 1586 2716 et
1622 2654 1859 2738 partim
1898 2652 2391 2717 correctionibus
2431 2660 2678 2739 (quam-

314 2780 509 2846 quam
563 2759 677 2823 has
737 2779 862 2824 non
907 2760 1032 2823 nisi
1077 2778 1308 2844 paucas
1355 2758 1642 2823 admittit
1688 2763 1903 2822 textus
1948 2756 2387 2841 Horatianus),
2436 2763 2673 2845 partim

313 2868 696 2931 accuratiore
753 2886 967 2931 rerum
1029 2872 1092 2930 et
1153 2866 1490 2931 verborum
1552 2866 2069 2950 interpretatione
2084 2916 2101 2943 ,
2150 2869 2386 2952 partim
2432 2870 2676 2933 saniore

312 2970 548 3037 iudicio
606 2970 682 3036 de
741 2970 1058 3037 Romanae
1106 2974 1310 3057 poesis
1358 2978 1545 3057 atque
1591 2970 1847 3037 Horatii
1891 2970 2101 3037 indole
2118 3020 2135 3049 ,
2184 2978 2497 3057 quantum
2542 2973 2678 3039 fieri

313 3083 593 3165 poterat,
641 3077 1111 3165 redarguerent.

405 3182 480 3249 In
535 3184 654 3249 hac
719 3191 934 3249 autem
995 3186 1245 3250 criticae
1290 3184 1547 3270 periodo
1595 3206 1765 3250 nunc
1809 3204 2156 3250 versamur.
2208 3182 2349 3250 Non
2396 3186 2675 3272 amplius

313 3292 607 3355 certatim
643 3292 907 3375 scriptor
947 3288 1307 3367 dilaniatur,
1350 3312 1476 3355 11011
1515 3311 1629 3375 pro
1668 3312 1781 3355 suo
1823 3293 2129 3375 cuiusque
2164 3291 2424 3355 arbitrio
2463 3296 2675 3357 omnia

315 3416 390 3463 ea
407 3445 424 3474 ,
487 3398 555 3461 in
615 3396 846 3482 quibus
901 3399 1108 3482 primo
1155 3403 1414 3482 aspectu
1459 3396 1795 3463 haeremus
1814 3444 1830 3473 ,
1880 3399 2097 3481 inepta
2138 3396 2381 3463 insulsa
2424 3397 2677 3463 inficeta

313 3502 588 3569 absurda
631 3502 1044 3577 declarantur,
1093 3502 1202 3567 sed
1248 3505 1494 3568 iteratis
1539 3502 1897 3567 multorum
1942 3506 2111 3567 curis
2157 3524 2322 3570 nova
2367 3503 2507 3571 luce
2554 3504 2676 3571 col-

313 3608 668 3675 lustrantur
727 3631 806 3673 ex
869 3608 1051 3673 latini
1099 3612 1406 3675 sermonis
1450 3608 1735 3695 legibus,
1785 3630 1863 3674 ex
1912 3616 2131 3695 poetae
2176 3613 2313 3676 vita
2359 3618 2424 3677 et
2468 3613 2677 3678 condi-

313 3718 490 3783 cione
525 3722 908 3801 temporum.
956 3712 1246 3801 Cumque
1285 3716 1400 3782 hac
1440 3718 1544 3781 via
1581 3716 2021 3781 insistentibus
2058 3715 2265 3781 multa
2286 3719 2417 3781 iam
2440 3740 2677 3785 succes-

317 3824 540 3899 serint,
583 3820 659 3888 de
699 3820 956 3905 reliquis
979 3820 1455 3887 difficultatibus
1479 3820 1883 3906 expediendis
1904 3842 2031 3885 non
2054 3824 2175 3887 erit
2198 3821 2672 3907 desperandum.

404 3925 619 3990 Multa
688 3948 935 4012 semper
1003 3927 1350 3991 manebunt
1417 3929 1727 3992 nimirum
1792 3930 1861 3991 in
1930 3926 2184 3992 Horatii
2252 3931 2636 3997 carminibus
2656 3980 2673 4009 ,

316 4052 476 4118 quae
542 4033 722 4097 nobis
789 4054 915 4098 non
981 4032 1325 4099 adrideant.
1399 4033 1563 4112 Quid
1625 4030 1837 4099 enim?
1900 4030 2163 4099 Constat
2222 4055 2423 4119 neque
2482 4035 2675 4102 illum

315 4160 518 4225 neque
563 4139 762 4205 alium
809 4161 1194 4227 quemquam
1237 4147 1569 4227 poetarum
1607 4139 1983 4205 Latinorum
2022 4146 2269 4225 praeter
2306 4140 2676 4209 Lucretium

316 4266 396 4311 ex
467 4266 720 4310 summa
777 4244 889 4310 illa
948 4231 1310 4311 Musarum*
1343 4267 1478 4311 esse
1537 4244 1713 4331 prole
1731 4294 1747 4323 ,
1819 4266 1945 4331 qua
2013 4242 2277 4312 Graecia
2342 4247 2673 4329 inclaruit,

315 4372 468 4417 cum
529 4370 744 4415 omnes
804 4350 1200 4437 aliquatenus
1241 4350 1503 4418 illorum
1547 4354 1903 4417 imitatores
1948 4354 2075 4417 sint
2119 4352 2393 4418 habendi
2410 4402 2427 4431 ,
2474 4376 2674 4440 neque

314 4458 560 4546 ingenii
597 4454 934 4525 altitudine
970 4478 1084 4524 nec
1121 4479 1336 4525 rerum
1374 4480 1528 4545 quas
1567 4465 1802 4524 canunt
1838 4461 2153 4547 gravitate
2196 4479 2375 4547 pares
2397 4465 2673 4549 egregiis
