3192 5009
1354 374 1595 427 monac.
2537 358 2661 424 115

286 540 392 605 bec
461 543 633 605 doceo
701 540 1016 605 mirabilis
1066 541 1163 604 vir
1231 548 1317 605 eet
1334 590 1351 619 ,
1424 541 1786 607 scribendo:
1855 540 2021 604 Mihi
2079 543 2250 605 crede
2267 590 2284 619 ,
2350 542 2406 604 si
2472 543 2628 622 loyes
2646 591 2662 621 ,
2737 537 2749 553 ⁸

288 648 557 729 ἐκβοήσῃ
580 670 593 686 ·
643 648 941 711 mae'mbibie
986 648 1085 711 vir
1132 654 1237 711 eet.

378 833 461 898 II.
525 828 691 912 6,'1.
765 834 1157 899 &ammio-um.
1226 834 1315 899 Iis
1334 885 1350 913 ‚
1415 855 1575 920 quae
1640 835 1716 901 de
1785 836 1903 901 hoc
1970 839 2270 922 genetivo
2341 842 2661 911 contracto

285 942 547 1018 monui,
594 939 753 1005 addo
802 939 1103 1006 similiter
1138 939 1273 1027 legi
1314 941 1484 1025 apud
1521 940 1787 1005 Livium
1824 940 2093 1005 XXVII.
2136 940 2198 1019 8,
2227 940 2267 1005 4
2305 942 2375 1005 in
2419 945 2664 1027 optimo

286 1047 503 1112 codice
548 1045 871 1111 Puteano:
920 1047 1307 1110 decemvirum
1350 1046 1541 1109 sacris
1568 1046 1904 1132 faciundis
1949 1055 2181 1111 creatus
2224 1085 2308 1096 —
2356 1050 2415 1111 C.
2457 1049 2674 1111 Laeto-

284 1153 418 1216 rius
434 1202 451 1231 ‚
526 1173 729 1237 quum
801 1154 1051 1239 saepius
1122 1153 1199 1217 ab
1273 1173 1343 1217 eo
1414 1153 1692 1215 duumvir
1753 1159 1817 1217 et
1879 1154 2181 1216 duumviri
2241 1153 2666 1240 appellentur.

288 1256 541 1325 Genius
604 1262 944 1344 antiquum
1004 1281 1253 1325 morem
1307 1261 1587 1324 servavit
1633 1258 1682 1323 I.
1738 1259 1840 1336 12,
1871 1259 1931 1324 6.
1981 1258 2093 1324 ΙΠ.
2147 1259 2210 1338 9,
2239 1260 2299 1338 4,
2350 1282 2551 1346 quum
2604 1263 2671 1324 in

282 1364 381 1430 M.
430 1364 725 1430 Varronis
773 1369 1005 1451 scripto
1051 1364 1346 1453 legisset:
1398 1366 1525 1445 Eyo
1571 1365 1948 1430 triumvirum
1965 1415 1981 1443 ,
2045 1375 2284 1431 vocatus
2349 1390 2390 1430 a
2454 1366 2668 1430 Porcio

286 1472 525 1535 tribuno
561 1472 791 1554 plebia,
840 1495 959 1537 non
1004 1472 1114 1536 ivi.
1162 1470 1343 1537 XIII.
1397 1470 1500 1549 12,
1530 1470 1591 1537 6.

381 1676 465 1741 Π.
517 1675 579 1754 9,
610 1677 668 1741 1.
736 1676 972 1740 Ρεειὶυε
1018 1715 1103 1725 -
1153 1676 1310 1740 orbis
1372 1676 1471 1740 hio
1528 1676 1893 1759 reipublicae
1952 1682 2128 1763 (proz
2179 1678 2246 1740 in
2293 1699 2357 1740 re
2393 1677 2672 1758 publica)

287 1789 379 1846 est
424 1805 733 1846 convers-us
748 1830 766 1861 ,
814 1782 994 1845 eitius
1039 1782 1271 1845 omnino
1318 1806 1493 1867 quam
1537 1784 1804 1864 oportuit
1848 1784 2029 1865 culpa
2083 1782 2322 1845 Catonis
2369 1789 2426 1845 et
2463 1802 2672 1845 rura-ue

286 1887 668 1971 improbitate
728 1889 975 1963 istorum
1035 1894 1155 1953 cet.
1216 1887 1316 1954 Ita
1364 1890 1533 1953 hunc
1577 1888 1795 1953 locum
1843 1888 2246 1953 scribendum
2299 1890 2667 1953 existimavi

287 2000 357 2059 et
396 1996 592 2059 etiam
637 2016 806 2059 nunc
851 1996 1173 2058 existimo.
1221 1992 1393 2058 Frid.
1444 1994 1735 2059 Schmidt
1778 1998 1846 2058 in
1885 1994 2316 2080 disputatione
2365 1992 2494 2057 Zur
2531 1992 2676 2057 Kri-

286 2098 391 2163 tik
452 2099 585 2163 und
643 2098 1013 2185 Erklarung
1069 2100 1179 2164 der
1223 2099 1432 2165 Briefe
1480 2097 1730 2166 Ciceros
1777 2120 1858 2165 an
1905 2100 2161 2164 Atticus
2209 2099 2270 2163 N
2273 2101 2672 2187 orimbergae

288 2226 456 2270 anno
510 2202 681 2271 1879
732 2205 901 2270 edita
938 2211 1160 2291 (quam
1198 2226 1323 2269 non
1361 2207 1539 2290 prius
1575 2208 1642 2269 in
1682 2226 1857 2270 meas
1895 2226 2124 2269 manus
2163 2208 2414 2271 venisse
2455 2204 2671 2283 doleo;

285 2332 444 2376 nam
504 2311 715 2377 multa
779 2314 1057 2377 continet
1120 2314 1375 2377 omnino
1422 2312 1770 2396 probanda)
1815 2334 1930 2397 pro
1975 2314 2083 2375 aed
2127 2334 2336 2374 rursus
2380 2314 2668 2396 scripsit:

285 2419 398 2481 sed
465 2440 715 2481 eversus,
788 2417 870 2481 Ei
938 2419 1279 2503 respondeo
1342 2418 1562 2482 orbem
1623 2421 1910 2483 converti
1972 2438 2156 2504 posse
2175 2466 2192 2495 ,
2257 2438 2382 2482 non
2444 2419 2669 2481 everti.

289 2520 536 2590 Currus
553 2572 570 2602 ,
621 2527 803 2590 navis
816 2572 834 2602 ,
884 2525 1109 2589 civitas
1157 2527 1487 2602 evertitur,
1535 2545 1665 2590 non
1715 2525 1902 2590 orbis.

382 2726 466 2791 H.
522 2726 625 2807 16,
652 2726 715 2792 4.
764 2728 831 2790 Si
858 2750 1102 2810 possum
1142 2727 1445 2791 discedere
1461 2776 1477 2805 ,
1520 2752 1595 2791 ne
1632 2750 1813 2791 cauea
1853 2728 2077 2810 optima
2117 2728 2185 2790 in
2206 2734 2418 2791 senam
2429 2734 2666 2810 pereat,

286 2855 395 2914 eqo
439 2834 823 2920 satisfaciam
847 2834 1214 2916 pubbicanie.
1256 2833 1538 2899 Verbum
1576 2834 1876 2897 discedere
1914 2832 2178 2910 Cremo,
2219 2832 2668 2920 Wesenberg-io

286 2938 581 3024 mihique
644 2945 1019 3026 corruptum
1079 2946 1176 3004 est
1237 2942 1471 3005 visum.
1537 2938 1707 3004 Frid.
1769 2938 2060 3005 Schmidt
2106 2938 2196 3003 1.1.
2248 2961 2308 3024 p.
2366 2938 2450 3003 18
2499 2959 2669 3025 seqq.

286 3044 457 3110 nihil
524 3044 910 3110 mutandum
978 3050 1191 3110 censet
1257 3048 1715 3130 interpretatus
1785 3044 2100 3110 discedere
2164 3048 2232 3109 in
2291 3048 2676 3110 sententiam

284 3150 563 3216 alicuius
627 3156 693 3216 et
756 3174 831 3214 ne
864 3158 1082 3233 pereat
1128 3151 1375 3217 dictum
1420 3159 1609 3236 putat
1653 3171 1803 3236 pro:
1850 3152 1968 3215 hac
2015 3152 2371 3216 conditione
2391 3200 2407 3228 ,
2458 3172 2536 3217 ne
2589 3190 2674 3199 —

288 3262 529 3344 pereat.
596 3256 721 3321 Sed
782 3256 961 3322 nullo
1023 3257 1315 3343 exemplo
1369 3258 1661 3343 probavit
1707 3258 2009 3321 discedere
2055 3256 2342 3322 absolute
2389 3260 2674 3343 positum

288 3360 477 3427 issam
560 3364 699 3427 vim
780 3361 1010 3427 habere
1028 3412 1045 3441 ‚
1115 3383 1317 3449 neque
1389 3384 1648 3428 causam
1717 3366 2033 3448 optimam
2102 3362 2228 3427 dici
2297 3384 2411 3449 pro
2486 3384 2676 3428 causa

292 3467 560 3533 meliore
580 3517 597 3546 ,
645 3467 894 3553 quando
941 3470 1159 3555 agitur
1204 3468 1280 3533 de
1328 3469 1573 3534 duabus
1621 3472 1848 3534 causis.

388 3654 502 3720 HI.
552 3654 613 3720 6.
666 3656 841 3741 idque
880 3658 962 3719 ad
998 3642 1187 3720 multa
1213 3657 1540 3740 pertinuit.
1579 3656 2038 3741 Recipiendum
2080 3677 2300 3721 censeo
2328 3678 2361 3722 e
2385 3659 2677 3743 margine

292 3762 436 3828 cod.
504 3760 678 3827 Med.
738 3762 1155 3844 pertinuisset.
1226 3763 1553 3829 Sententia
1614 3768 1743 3828 est:
1804 3762 1996 3848 idque
2057 3762 2416 3829 multarum
2460 3785 2678 3828 rerum

293 3888 490 3934 causa
535 3867 694 3933 utile
742 3868 1009 3947 fuisset,
1052 3868 1161 3935 sed
1200 3870 1443 3935 factum
1489 3890 1616 3934 non
1666 3874 1782 3934 est.

389 4054 535 4120 IIII.
591 4055 650 4133 1,
679 4053 738 4122 7.
803 4056 1202 4142 (Pompeius)
1264 4059 1348 4120 ad
1392 4056 1588 4120 omn-ia
1633 4079 1721 4118 me
1765 4057 2017 4120 alterum
2061 4079 2123 4120 se
2153 4058 2308 4144 fore
2355 4058 2534 4121 discit.
2605 4057 2680 4122 In

296 4160 474 4227 Med.
524 4164 607 4226 ad
652 4162 1063 4227 desideratur.
1110 4162 1339 4227 Nescio
1381 4164 1522 4247 quis
1565 4161 1899 4226 addiderit.
1950 4160 2182 4227 Poetae
2201 4212 2217 4239 ,
2260 4170 2336 4227 ut
2358 4162 2680 4251 Vergilius

299 4270 459 4334 Aen.
509 4267 657 4332 IIII.
708 4266 857 4345 558,
923 4274 988 4332 et
1044 4272 1383 4354 argenteae
1444 4270 1672 4332 aetatis
1721 4270 2061 4353 seriptores
2111 4269 2308 4331 omnia
2359 4270 2682 4336 adverbia-

294 4373 449 4439 liter
516 4380 882 4460 posuerunt.
956 4372 1081 4439 Sed
1145 4372 1363 4440 Cicero
1426 4375 1489 4438 h.
1514 4372 1559 4438 1.
1622 4372 1728 4439 vel
1774 4376 1858 4437 ad
1901 4374 2098 4437 onmia
2145 4413 2225 4439 =
2269 4378 2338 4439 in
2385 4378 2679 4442 omnibus

299 4481 495 4547 rebus
514 4530 530 4560 ,
578 4480 685 4547 vel
731 4481 964 4545 omnino
1012 4482 1283 4547 scribere
1330 4480 1573 4546 debuit.
