3192 5009
1095 390 1294 438 vm
1338 391 1424 438 An
1469 387 1715 438 vmos.
2451 365 2582 480 415

198 561 458 635 serant,
499 556 887 644 corrigebat,
927 555 1036 621 sed
1076 559 1151 619 ut
1189 577 1310 620 non
1351 555 1541 621 modo
1565 556 1915 641 praeceptis
1938 554 2049 620 sed
2071 556 2267 619 etiam
2292 550 2583 638 exemplo

199 663 526 741 erudiret,
563 665 699 748 ipse
739 683 988 748 quoque
1029 660 1296 727 dicebat.
1337 652 1517 741 Quod
1554 663 1770 728 rhetor
1808 663 2061 747 saepius
2098 661 2301 726 facere
2324 658 2586 735 solebat,

198 770 278 834 id
323 768 538 837 Cicero
577 772 795 834 virum
835 768 1258 854 eloquentem,
1292 789 1485 852 quem
1508 767 1757 834 scholas
1782 767 2041 852 quidem
2064 789 2191 832 non
2212 767 2552 832 habentem
2566 812 2584 842 ,

197 897 418 961 neque
442 881 657 940 tamen
677 876 1032 941 iunioribus
1054 873 1483 940 admonitione
1497 923 1514 952 ,
1541 877 1947 960 experientia,
1975 873 2271 960 exemplo
2294 872 2587 958 prodesse

199 982 664 1070 dedignantem
699 981 1080 1059 introducit,
1121 979 1462 1066 aliquando
1495 980 1897 1068 aliquatenus
1917 1003 2045 1046 non
2069 1000 2358 1048 recusare
2377 979 2591 1044 facun-

199 1088 358 1154 diae
395 1088 774 1176 dignitatem
815 1109 936 1154 non
978 1087 1272 1153 dedecere
1309 1088 1629 1172 opinatur.
1668 1086 1890 1173 Neque
1929 1091 2065 1173 ipse
2104 1107 2219 1152 suo
2256 1090 2587 1173 praecepto

197 1217 342 1261 non
379 1198 842 1283 optemperavit
858 1244 876 1274 ,
919 1197 1030 1280 qui
1067 1215 1124 1258 a.
1151 1193 1238 1259 46
1263 1215 1412 1259 cum
1448 1193 1669 1260 Hirtio
1708 1199 1773 1260 et
1802 1193 2135 1261 Dolabella
2157 1193 2586 1267 declamitant,

199 1323 375 1390 quos
420 1324 486 1368 se
529 1302 770 1367 dicendi
816 1301 1146 1384 discipulos
1189 1301 1418 1366 habere
1467 1302 1732 1379 iocatur,
1776 1301 2067 1366 coenandi
2110 1300 2437 1381 maqistroe.
2490 1297 2591 1377 (ad

199 1409 368 1474 fam.
418 1407 478 1473 9.
512 1407 615 1473 16.
645 1405 752 1488 7.).
811 1407 1120 1495 Legimus
1169 1413 1422 1472 autem:
1470 1407 1528 1470 ci
1570 1407 1873 1472 interdum
1919 1408 2099 1471 etiam
2142 1430 2265 1470 una
2310 1405 2553 1488 leyendo
2569 1452 2586 1481 ,

200 1515 535 1594 audiendO,
585 1517 629 1579 d
639 1516 665 1579 i
679 1539 711 1580 c
727 1537 758 1578 e
773 1539 814 1578 n
831 1517 875 1579 d
888 1537 920 1579 o
969 1513 1148 1578 etiam
1185 1514 1426 1599 abiquid
1461 1515 1791 1600 aliquando
1818 1514 2022 1598 poesie
2058 1514 2327 1579 mebioree
2342 1514 2587 1600 facere,

201 1621 412 1686 nescio
458 1644 564 1685 cur
611 1620 787 1686 noli-5.

304 1836 542 1925 Apulei
589 1837 920 1925 Apologia.
983 1860 1034 1903 c.
1101 1837 1208 1904 42.
1272 1838 1623 1924 Postquam
1686 1843 1895 1903 orator
1947 1838 2235 1926 longiore
2282 1857 2587 1914 excursu,

205 1948 332 2031 qui
392 1947 620 2031 incipit
681 1965 718 2010 a
781 1947 984 2030 capite
1048 1943 1156 2022 29,
1207 1947 1460 2032 magiae
1508 1946 1750 2010 crimen
1794 1943 2147 2031 repulerat,
2196 1965 2341 2010 reus
2357 1992 2373 2022 ,
2424 1941 2593 2028 quod

207 2050 525 2116 nonnulla
608 2053 883 2136 piscium
965 2072 1199 2138 genera
1281 2073 1394 2138 per
1479 2055 1820 2137 piscatores
1890 2055 2307 2138 quaesivisset
2374 2056 2439 2116 et
2505 2051 2597 2113 in-

205 2157 527 2244 spiciendi
597 2178 784 2223 causa
853 2157 1255 2243 proscidisset
1272 2205 1290 2236 ,
1363 2177 1498 2244 cap.
1560 2157 1647 2224 42
1718 2161 1902 2225 initio
1964 2159 2043 2224 ad
2106 2157 2284 2224 aliud
2352 2159 2593 2223 crimen

210 2261 598 2328 diluendum
635 2262 1034 2350 adgreditur:
1077 2263 1257 2327 Nunc
1295 2264 1570 2348 quoniam
1595 2264 1798 2346 pisces
1836 2265 2041 2329 horum
2077 2266 2227 2328 eatis
2238 2269 2594 2348 patuerunt,

211 2370 431 2452 accipe
493 2371 670 2434 abiud
685 2419 700 2448 ,
763 2371 916 2454 pari
972 2371 1205 2455 quidem
1270 2371 1536 2433 mltum
1553 2419 1570 2448 ,
1638 2372 1745 2434 ced
1802 2371 1983 2434 multo
2043 2378 2209 2435 tanto
2268 2369 2482 2434 vanive
2542 2375 2600 2431 ct

211 2476 472 2561 nequius
534 2476 943 2558 excoyitatum.
1013 2476 1216 2541 Pisces
1277 2477 1428 2540 satie
1460 2484 1682 2559 patent
1699 2526 1715 2554 ,
1767 2498 2157 2564 quamquam
2202 2477 2427 2542 Latine
2474 2473 2599 2538 dici

211 2603 348 2646 non
415 2581 618 2647 solere
681 2584 791 2646 vix
852 2585 1192 2670 quisquam
1253 2582 1518 2648 fidenter
1579 2583 2027 2662 affirmaverit,
2092 2589 2301 2650 tamen
2366 2601 2597 2667 parum

214 2686 585 2774 elegantem
630 2697 730 2765 et,
784 2693 854 2753 ut
897 2691 990 2754 ita
1036 2689 1244 2754 dicam
1261 2738 1278 2768 ,
1326 2689 1679 2756 inhabilem
1725 2710 1859 2755 esse
1919 2689 2313 2757 locutionem
2374 2688 2597 2774 negari

211 2814 349 2858 non
424 2797 677 2879 poterit.
746 2792 1164 2860 Tolerabilius
1231 2795 1390 2860 fuit:
1462 2795 1615 2859 eatis
1685 2796 1807 2859 late
1865 2802 2221 2878 patuerunt.
2296 2793 2595 2880 Suspicor

217 2905 440 2964 tamen
505 2898 854 2985 Apuleium
912 2921 1024 2986 per
1083 2900 1540 2966 contumeliam
1602 2901 1905 2969 adversus
1954 2907 2378 2979 accusatores,
2438 2919 2596 2986 quos

219 3011 658 3071 contemneret
725 3007 827 3086 (cf.
895 3028 946 3071 c.
1012 3006 1120 3073 29.
1191 3008 1389 3071 omnia
1455 3009 1786 3071 Aemibiani
1854 3009 2095 3073 huiusce
2166 3008 2560 3072 debiramenta
2577 3053 2596 3083 ,

221 3132 274 3176 c.
325 3109 435 3175 45.
481 3114 526 3176 i.
553 3112 598 3176 f.
629 3113 906 3198 facibiue
935 3113 1088 3198 fuit
1103 3163 1120 3192 ,
1168 3113 1536 3193 Aemiliane,
1589 3153 1674 3163 ——-
1726 3123 1841 3180 tete
1886 3122 1953 3180 ut
1996 3117 2192 3198 ipsum
2239 3116 2463 3180 diceres
2507 3114 2599 3178 in.-

224 3217 516 3304 terfuieee
561 3226 618 3282 et
661 3242 732 3282 ex
779 3242 842 3283 eo
887 3242 1055 3285 sacro
1104 3221 1360 3305 coepisse
1407 3223 1729 3287 dementire
1748 3271 1763 3299 ,
1814 3244 1866 3288 c.
1909 3221 1994 3287 53
2041 3225 2084 3287 i.
2112 3223 2154 3288 f.
2194 3223 2377 3288 stulte
2394 3271 2411 3300 ,
2451 3227 2599 3300 cet.)

227 3322 594 3409 vulgariore
657 3325 903 3392 dicendi
961 3347 1192 3412 genere
1254 3348 1448 3392 usum
1513 3348 1651 3394 esse
1711 3335 1777 3395 et
1837 3330 2276 3396 scribendum:
2326 3329 2601 3414 quoniam

215 3429 420 3510 pisces
477 3431 682 3494 horum
734 3432 884 3495 eati-9
917 3441 1274 3514 putuerunt.
1339 3433 1434 3499 De
1481 3434 1703 3500 formis
1748 3434 2001 3502 litterae
2048 3460 2089 3499 a
2104 3485 2120 3514 ,
2171 3458 2330 3522 quae
2376 3455 2600 3502 causae

227 3535 490 3602 fuerunt
507 3585 523 3615 ,
572 3558 686 3602 cur
728 3562 766 3600 a
813 3543 878 3602 et
923 3562 965 3602 u
1009 3542 1376 3626 saepissime
1422 3544 1591 3606 inter
1636 3563 1703 3607 se
1742 3543 1999 3608 confusa
2036 3545 2183 3621 sint,
2226 3542 2305 3607 cf.
2346 3542 2603 3608 Watten·

230 3641 396 3706 bach.
445 3643 588 3708 Aul.
634 3665 685 3708 z.
733 3645 808 3708 L.
858 3645 932 3708 P.
979 3668 1042 3731 p.
1095 3644 1352 3727 25.(l.)

323 3861 486 3927 Min.
549 3863 682 3930 Fel.
743 3886 796 3930 c.
861 3863 968 3930 29.
1002 3864 1106 3932 10.
1169 3867 1324 3931 istae
1385 3868 1540 3932 enm
1601 3866 2015 3951 impudicibiae
2075 3887 2269 3933 eorum
2312 3865 2599 3956 forsitan

235 3989 406 4034 sacra
449 3971 573 4035 sint
587 4020 606 4050 ,
656 3973 822 4054 apud
863 3995 1006 4056 quoe
1048 3996 1220 4038 cem
1265 3975 1452 4039 omnic
1495 3975 1765 4039 membris
1809 3976 2072 4040 omnibus
2107 3983 2351 4059 prostat
2368 4026 2384 4055 ,
2434 3980 2602 4060 apud

238 4098 378 4160 quoe
436 4085 561 4142 tota
617 4075 1000 4160 impudicitia
1057 4088 1302 4144 vocabar
1361 4082 1675 4146 urbanitas
1693 4132 1708 4160 ‚
1770 4083 1877 4168 qui
1938 4091 2258 4147 scortorum
2320 4084 2601 4148 bie-entiae

241 4180 509 4248 &ividem
524 4233 540 4262 ‚
603 4185 709 4270 qui
767 4187 988 4249 medice
1044 4187 1206 4251 viros
1264 4189 1528 4252 imnbunt
1543 4237 1560 4267 ,
1611 4189 1931 4253 libidinoso
1978 4213 2077 4253 ore
2121 4189 2466 4272 inquinibm
2510 4191 2602 4254 in-

244 4287 613 4369 haerescunt,
662 4291 921 4356 hominee
967 4293 1162 4357 malae
1206 4295 1449 4376 linquae
1485 4295 1665 4358 etiam
1699 4296 1755 4358 εἰ
1802 4303 2202 4374 tacerent,
2250 4320 2393 4383 quoe
2419 4297 2603 4380 prius

247 4396 522 4460 taedescit
579 4396 994 4479 impudicitiae
1038 4423 1181 4463 cuae
1227 4424 1402 4486 quam
1436 4402 1738 4484 pudescit.
1786 4401 1913 4466 Pro
1961 4409 2252 4481 tacerent,
2302 4424 2601 4492 reponen-

250 4498 430 4568 dum:
479 4509 694 4568 tacent.
