3192 5009
514 219 643 291 174
1328 242 1597 302 ommes
1642 242 2040 295 emamus.

507 409 798 474 abessent
854 410 1046 475 verba
1106 411 1191 482 εἰς
1261 410 1409 480 ἁλὸς
1475 407 1668 485 οἶδμα
1715 411 1986 491 ὄβριμον,
2036 416 2071 486 ἦ
2121 411 2398 490 θάμνοισι
2447 414 2626 491 πυρὸς
2680 412 2922 490 μένοε,

506 536 668 599 quae
730 514 907 581 salvo
965 522 1171 581 metro
1231 516 1447 582 abesse
1508 524 1796 603 possunt.
1869 518 2029 597 Quia
2090 524 2307 584 tamen
2352 540 2672 605 nusquam
2722 520 2920 605 quod

504 624 701 687 seiam
760 622 931 708 apud
987 622 1299 702 Quintum
1357 645 1578 688 versus
1641 627 1844 710 spurii
1905 632 2242 711 apparent,
2288 646 2515 691 vereor
2561 647 2639 691 ne
2685 628 2914 711 ipsius

505 734 728 813 poetae
774 728 961 815 eulpa
1007 730 1161 794 haee
1207 728 1526 815 legantur.

528 964 533 969 '
591 944 689 1010 IX
737 945 868 1012 360
1231 948 1301 1022 δὴ
1349 947 1475 1026 γάρ
1522 974 1627 1023 μιν
1677 950 1876 1023 ἐπὴν
1923 948 2061 1015 ἕλε
2106 950 2286 1027 λιμὸς
2339 952 2608 1029 ἀτερπὴς
2665 952 2796 1015 κτὲ.

504 1050 565 1117 N
567 1075 682 1117 um
727 1057 863 1139 ipse
909 1062 1097 1140 poeta
1146 1060 1281 1119 tam
1326 1057 1679 1121 immanem
1725 1056 2172 1122 soloecismum
2221 1060 2547 1122 commisit
2593 1078 2708 1143 pro
2755 1058 2906 1121 ἐπεὶ

503 1160 672 1237 λάβε
713 1156 911 1240 (ἕλεΠ
957 1159 1138 1226 Nihil
1177 1162 1495 1226 eiusmodi
1532 1161 1756 1241 Quinti
1797 1166 2078 1229 earmina
2115 1163 2440 1250 legentem
2462 1185 2569 1229 me
2592 1164 2902 1229 advertit.

594 1379 659 1443 X
706 1378 836 1445 399
1515 1380 1748 1453 πάντες
1798 1382 1862 1446 δέ
1913 1384 1982 1457 μ’
2029 1381 2346 1446 ἄάσπετον
2395 1382 2706 1460 miram,

773 1486 1002 1559 πάντες
1052 1487 1103 1550 δ’
1153 1485 1531 1566 ἕχθοιίρουσιν
1582 1487 1773 1561 ἐμὸν
1821 1487 2015 1563 κέαρ
2063 1488 2190 1551 κτὲ.

592 1592 783 1667 Ἐμὸν
828 1592 1001 1674 κέαρ,
1053 1598 1129 1658 ut
1174 1593 1293 1658 1100
1339 1599 1505 1670 utar,
1554 1597 1814 1681 egregie
1863 1594 2110 1659 dietum
2156 1600 2252 1657 est
2297 1596 2362 1657 in
2411 1596 2579 1660 notis
2627 1593 2894 1658 Pindari

501 1699 713 1764 verbis
774 1700 917 1777 ἐμὸν
979 1698 1122 1777 κέαρ
1184 1702 1248 1764 οὐ
1297 1702 1555 1777 γεύεται
1606 1700 1823 1778 ὕμνων,
1874 1699 1984 1765 sed
2031 1720 2154 1784 quo
2201 1706 2385 1785 paeto
2434 1700 2609 1765 idem
2657 1703 2726 1763 in
2773 1700 2894 1765 hae

504 1803 785 1870 Helenae
846 1804 1100 1891 querela
1146 1805 1297 1870 ferri
1343 1812 1535 1891 queat
1580 1828 1707 1871 non
1755 1806 1960 1871 video.
2023 1805 2371 1870 Personam
2417 1813 2533 1870 aut
2577 1812 2712 1871 toto
2759 1827 2896 1871 001·-

502 1933 653 1998 pore
715 1916 891 1992 (voce
953 1912 1176 1988 δέμας)
1240 1918 1351 1976 aut
1413 1915 1750 1998 praecipua
1799 1914 2074 1998 eorporis
2123 1918 2302 1998 parte
2352 1915 2610 1999 (eapite)
2660 1910 2892 1979 Graeci

504 2017 861 2106 significare
934 2018 1175 2095 solent,
1239 2021 1375 2084 eive
1436 2022 1722 2099 κεφαλὴν
1783 2022 1918 2085 sive
1982 2018 2132 2096 κάρη
2201 2018 2624 2105 appellanteS,
2671 2023 2889 2105 itaque

504 2125 609 2190 hie
656 2124 1136 2209 exspectabam:

780 2231 1009 2304 πάντες
1060 2232 1113 2296 δ’
1162 2231 1541 2311 ἔχθαίρουσιν
1592 2234 1780 2309 ἐμὸν
1830 2230 2059 2312 κάρη·
2105 2233 2233 2295 κτὲ.

596 2436 691 2503 XI
741 2434 869 2503 175

777 2544 915 2615 τοὺς
966 2544 1017 2609 δ’
1067 2540 1232 2623 αἶψα
1282 2542 1452 2615 κύνες
1502 2544 1672 2609 κατὰ
1720 2544 1898 2608 ποσσὶ
1947 2544 2232 2625 κιχόντες

779 2650 1049 2729 ἐξόπιθεν
1098 2651 1541 2716 δάπτουσιν
1588 2653 1944 2733 ὥμείλιχα,
1994 2652 2084 2717 τοὶ
2135 2652 2197 2716 δὲ
2243 2651 2555 2732 Φέβονται

774 2761 1006 2839 μακρὸν
1057 2756 1420 2838 οἱνιύζοντες.

501 2864 765 2949 Saepius
828 2885 865 2928 a
921 2863 1198 2929 librariis
1259 2864 1519 2927 δάπτειν
1584 2865 1868 2927 devorare
1915 2870 1981 2929 et
2030 2864 2269 2928 δάκνειν
2315 2864 2580 2926 mordere
2629 2862 2890 2927 contusa

502 2992 636 3037 esse
677 2975 923 3036 constat
939 2992 955 3047 3
998 2970 1103 3034 hie
1140 2990 1289 3035 vero
1330 2970 1666 3034 manifesto
1702 2973 2052 3054 requiritur
2105 2970 2138 3033 δ
2156 2969 2199 3034 02
2220 2996 2254 3033 κ
2275 2994 2303 3031 ν
2321 2992 2398 3033 ου
2417 2992 2486 3032 σι
2507 2992 2564 3045 ν,
2605 2967 2892 3033 devorati

505 3081 673 3143 enim
727 3098 875 3142 sues
924 3096 1048 3141 non
1095 3075 1287 3162 longe
1334 3076 1586 3163 fugient
1602 3124 1618 3153 ‚
1666 3083 1742 3140 ut
1786 3078 2075 3142 arbitror.

598 3277 814 3346 XII‘7

780 3388 891 3451 καί
936 3394 1132 3467 σφιν
1178 3386 1840 3467 ἀνειρομένοισιν
1889 3385 2028 3457 ἔπος
2080 3386 2219 3451 ποτὶ
2267 3394 2423 3451 τοῖον
2471 3385 2659 3451 ἔειπε.

504 3492 729 3561 Orator
771 3493 962 3559 verba
1007 3494 1323 3570 facturus,
1373 3496 1429 3558 si
1474 3493 1818 3578 prudenter
1865 3495 2036 3579 agit,
2077 3498 2402 3578 exspectat
2439 3492 2597 3557 dum
2635 3512 2890 3579 cong-re-

504 3605 643 3691 gati
692 3605 823 3667 sint
869 3600 1187 3666 auditores
1232 3603 1448 3687 itaque
1496 3599 1770 3679 Quintus
1817 3601 2086 3667 seribere
2136 3600 2403 3665 debebat
2451 3604 2566 3664 aut

779 3708 889 3771 καί
934 3714 1047 3786 σΦι
1100 3707 1842 3786 συναγρομένοισιν

506 3815 611 3896 (ef.
660 3812 691 3879 I
746 3812 894 3890 163,
942 3811 1005 3877 Π
1058 3810 1185 3878 192
1235 3810 1367 3891 aL),

505 3927 618 3988 aut
778 3920 886 3985 καί
932 3927 1124 3998 σφιν
1171 3915 1307 3995 ἅμ’
1352 3917 1944 3997 ὥγρομένοισιν

506 4028 608 4109 (ef.
659 4026 690 4090 I
737 4024 889 4103 211,
938 4022 1026 4089 IV
1078 4023 1229 4102 115,
1277 4023 1332 4088 V
1380 4023 1510 4089 484
1559 4024 1671 4105 al.)

506 4138 620 4198 aut
665 4133 935 4217 denique
984 4134 1091 4195 καί
1138 4141 1426 4208 σφισιν
1474 4132 2076 4211 ἀγρομένοισιν.

600 4236 771 4306 Cave
840 4245 1054 4304 tamen
1122 4260 1200 4303 ne
1262 4259 1388 4302 non
1453 4236 1862 4303 librariorum
1925 4237 2034 4303 sed
2093 4239 2296 4324 ipsius
2341 4242 2563 4323 poetae
2611 4256 2882 4302 errorem

512 4350 823 4435 corrigas,
869 4348 1153 4431 inspecto
1199 4343 1287 4409 VI
1334 4343 1419 4411 81
