3192 5009
582 221 711 288 130
1568 240 1918 291 nouarum.

572 412 823 473 renatas
897 407 1145 474 litteras
1216 414 1353 474 erat
1419 411 1487 472 in
1549 409 1739 473 turba
1807 410 2098 472 virorum
2166 408 2496 494 sagacium
2565 427 2680 492 per
2749 411 2982 471 totam

573 514 902 600 Europam
962 514 1434 601 exemplaribus
1484 511 1747 580 Graecis
1791 514 2307 579 incumbentium
2324 562 2340 591 ‚
2391 515 2504 599 qui
2551 511 2988 599 intellegeret

575 623 858 684 carmina
902 619 1019 684 illa
1062 620 1411 686 Homerica
1428 669 1443 695 ,
1493 641 1654 706 quae
1703 622 1809 705 pio
1859 640 2073 684 amore
2122 618 2408 684 colebant
2454 624 2521 683 et
2567 618 2986 683 demiraban-

576 732 703 804 tur,
750 727 925 792 horti
970 725 1148 791 illius
1194 725 1527 811 Tarquinii
1570 726 1804 791 referre
1854 728 2165 811 speciem:
2213 747 2343 789 non
2387 727 2675 811 integros
2724 729 2790 788 et
2849 723 2992 788 illi·

574 832 756 897 batos
815 853 1144 917 superesse
1211 833 1399 899 flores
1444 838 1738 898 vetustae
1785 853 2046 919 poeseos
2065 881 2080 909 ,
2129 831 2241 896 sed
2285 833 2568 916 praecisa
2613 851 2749 896 esse
2799 827 2990 894 mul-

573 944 794 1003 torum
856 941 1064 1024 capita
1081 987 1097 1016 ‚
1162 939 1378 1003 fractis
1424 937 1715 1004 caulibus
1763 945 2112 1024 prostratos
2159 940 2360 1003 iacere
2408 935 2566 1001 alios
2585 984 2602 1012 ,
2655 935 2986 1022 quosdam

572 1042 877 1109 radicitus
925 1065 1059 1108 esse
1108 1047 1481 1129 extirpatos.
1547 1043 1902 1111 Credebant
1951 1043 2291 1128 aliquando
2336 1043 2629 1107 homines
2668 1047 2946 1127 poetam
2967 1089 2986 1116 ,

574 1170 699 1215 non
784 1171 1119 1214 summum
1212 1149 1488 1215 dicimus
1558 1151 1670 1216 sed
1739 1150 2247 1236 qualemcunque
2316 1154 2576 1235 poetam
2595 1197 2611 1226 ‚
2687 1168 2988 1234 pangere

573 1257 857 1342 potuisse
916 1255 1292 1321 huiusmodi
1336 1255 1684 1322 versiculos
1729 1255 1978 1322 hiulcos
2026 1261 2092 1321 et
2137 1255 2598 1320 claudicantes:
2649 1254 2984 1333 ’Λτρείδης

574 1387 643 1426 τε
692 1360 856 1440 ἅναξ
901 1364 1143 1444 ἀνδρῶν,
1194 1361 1461 1438 δαιμόνι’
1510 1362 1581 1428 οὔ
1627 1387 1694 1428 σε
1746 1360 1943 1439 ἔοικε,
2003 1361 2290 1442 χαμάδις
2339 1362 2454 1442 ῥέοι
2504 1363 2582 1432 ὥς
2633 1357 2733 1425 ὅδε
2783 1355 2986 1436 οἶνος,

574 1463 651 1539 ὦς
701 1466 895 1547 ἔφατ’
944 1466 1167 1533 ἔδεισεν
1213 1468 1275 1533 δὲ
1325 1475 1444 1534 etc.
1495 1475 1615 1535 etc.
1668 1507 1754 1516 —
1799 1469 1975 1534 Adeo
2023 1490 2061 1534 a
2108 1471 2344 1535 teneris
2391 1468 2761 1533 adsuescere
2803 1465 2987 1532 mul-

572 1580 719 1639 tum
756 1573 886 1640 est!
937 1573 1193 1640 Stultus
1230 1581 1450 1640 autem
1490 1582 1605 1640 aut
1643 1578 1904 1661 iniquus
1943 1578 2030 1639 sit
2069 1578 2180 1661 qui
2219 1572 2480 1641 Graecis
2520 1576 2980 1660 grammaticis

573 1681 717 1746 ideo
755 1683 1068 1745 irascatur
1083 1701 1099 1758 ;
1140 1701 1291 1746 nam
1332 1684 1441 1758 „in
1484 1682 1604 1746 hac
1651 1684 1849 1747 etiam
1895 1687 2029 1747 arte
2074 1679 2240 1746 nihil
2286 1679 2608 1745 difficilius
2655 1699 2856 1765 quam
2907 1677 2984 1744 id

576 1786 747 1871 quod
786 1807 851 1850 se
887 1786 1168 1851 dicturos
1209 1787 1407 1852 fuisse
1450 1808 1669 1853 omnes
1710 1792 1942 1873 putant
1981 1793 2324 1873 postquam
2365 1785 2746 1851 audierunt”
2780 1783 2856 1868 1).

666 1890 923 1957 Scilicet
969 1890 1360 1959 columbum
1408 1914 1604 1958 suum
1647 1894 1802 1958 haec
1851 1895 2148 1958 America
2193 1893 2569 1978 expectabat
2587 1910 2614 1970 ‚·
2672 1890 2983 1955 divinum

575 1998 1017 2083 requirebatur
1060 2001 1400 2085 ingenium
1444 2005 1521 2064 ut
1565 1999 1635 2063 id
1682 1999 2086 2085 detegeretur
2131 1999 2303 2084 quod
2345 2019 2633 2083 unquam
2669 1997 2980 2062 homines

576 2107 862 2191 potuisse
924 2104 1124 2169 latere
1188 2126 1357 2170 nunc
1416 2105 1676 2190 pueruli
1733 2108 1805 2170 in
1866 2108 2360 2192 gymnasiorum
2407 2109 2778 2169 nostrorum
2829 2103 2984 2168 sub-

577 2211 777 2277 selliis
824 2213 1163 2276 mirantur.
1214 2209 1397 2276 Unus
1434 2212 1630 2276 homo
1670 2212 2013 2278 divinando
2054 2232 2192 2276 rem
2233 2213 2519 2276 restituit
2535 2230 2551 2290 ;
2598 2231 2735 2294 ‘non
2758 2230 2980 2274 unum

576 2317 872 2403 pluresve
940 2316 1109 2382 locos
1177 2317 1555 2383 Homericos
1626 2321 1912 2384 restituit
1928 2368 1945 2397 ‚
2012 2318 2120 2383 sed
2181 2320 2394 2402 ipsam
2455 2319 2673 2402 poesin
2735 2323 2971 2401 poetae

575 2423 856 2489 reddidit
874 2472 890 2500 ,
954 2430 1158 2488 artem
1223 2445 1480 2489 summo
1544 2423 1806 2501 artifici3
1869 2424 2084 2489 lucem
2131 2423 2357 2488 offudit
2403 2423 2679 2488 tenebris
2699 2473 2716 2500 ,
2767 2430 2979 2508 utque

576 2532 767 2595 certis
832 2528 1088 2615 legibus
1159 2528 1474 2617 adstringi
1541 2535 1754 2615 posset
1818 2551 1980 2616 quae
2040 2529 2218 2594 rudis
2279 2537 2345 2596 et
2404 2529 2728 2617 indigesta
2773 2535 2976 2594 antea

576 2636 915 2701 videbatur
974 2635 1178 2700 moles
1224 2634 1447 2701 effecit.
1499 2634 1707 2715 Quem
1753 2639 1969 2700 virum
2015 2639 2374 2701 nominasse
2423 2642 2522 2702 est
2569 2657 2722 2701 eum
2770 2635 2981 2699 admi-

575 2745 738 2808 rari:
790 2741 1155 2806 Bnmnms
1205 2748 1301 2806 est
1343 2744 1402 2806 is
1451 2744 1562 2826 qui
1601 2741 1843 2807 detexit
1882 2743 2052 2828 quod
2089 2748 2236 2808 ante
2274 2765 2427 2808 eum
2463 2764 2651 2808 nemo
2689 2741 2975 2819 viderat,

576 2853 721 2934 post
788 2869 939 2912 eum
1007 2849 1333 2912 neminem
1392 2849 1519 2912 nisi
1581 2868 1796 2913 caecos
1857 2854 1971 2914 aut
2032 2848 2203 2914 ultro
2265 2851 2688 2914 caecutientes
2738 2847 2978 2933 fugere

576 2958 808 3040 potuit.
879 2953 1082 3019 Fuere
1151 2957 1263 3039 qui
1328 2957 1396 3018 in
1466 2956 1614 3018 crisi
1676 2954 2018 3020 Homerica
2079 2954 2330 3020 Bentlei
2391 2975 2662 3020 acumen
2725 2953 2978 3018 frustra

577 3063 797 3148 quaeri
866 3060 1349 3138 contenderent,
1424 3063 1536 3125 vix
1612 3059 1823 3124 ullum
1893 3064 2068 3125 enim
2137 3082 2400 3126 versum
2473 3063 2731 3146 epicum
2795 3067 2981 3125 cert-a

578 3149 1021 3234 emendatione
1069 3167 1146 3230 ab
1196 3188 1269 3231 eo
1317 3187 1452 3231 esse
1498 3173 1909 3252 persanatum
1936 3166 2023 3247 ⁹):
2073 3203 2158 3214 -—-
2211 3163 2380 3231 estol
2432 3171 2498 3230 at
2543 3169 2754 3251 ipsam
2794 3186 2982 3230 sana-

576 3275 676 3338 vit
720 3279 926 3336 artem
972 3274 1347 3336 metricam:
1396 3273 1515 3337 hoc
1563 3272 1643 3336 ad
1690 3275 1827 3337 eius
1875 3272 2156 3359 gloriam
2203 3272 2456 3338 sufficit.
2529 3271 2808 3336 Etiamsi
2856 3293 2980 3357 per

578 3385 785 3444 totam
855 3381 1063 3441 vitam
1130 3377 1294 3442 nihil
1366 3381 1606 3465 egisset
1673 3385 2000 3464 praeterea
2017 3429 2034 3458 ‚
2105 3400 2310 3465 neque
2378 3399 2666 3464 unquam
2738 3399 2975 3443 verum

578 3485 846 3549 vidisset
904 3485 1030 3547 nisi
1089 3482 1203 3547 fllo
1249 3487 1557 3569 temporis
1605 3490 1842 3570 puncto
1891 3506 2017 3571 quo
2067 3486 2308 3550 detexit
2355 3485 2688 3570 digamma
2731 3483 2976 3549 Home-

578 3592 790 3654 ricum
809 3637 825 3666 ‚
896 3587 1001 3653 vel
1072 3592 1160 3653 sic
1224 3595 1441 3655 tamen
1503 3590 1578 3656 de
1643 3590 1878 3656 litteris
1942 3591 2219 3657 classicis
2266 3592 2468 3677 deque
2517 3611 2772 3655 summo
2819 3595 2975 3655 vate

580 3693 1038 3760 immortaliter
1081 3702 1247 3760 esset
1292 3699 1584 3762 meritus.
1627 3697 1910 3783 Lapillos
1947 3704 2023 3762 ut
2061 3697 2274 3763 nullos
2312 3718 2345 3762 e
2386 3699 2494 3762 via
2530 3697 2936 3762 submoverit
2957 3745 2973 3774 ‚

580 3808 646 3869 at
691 3805 899 3888 ipsam
947 3803 1124 3866 viam
1171 3805 1399 3868 criseos
1446 3803 1828 3869 Homericae
1872 3805 2156 3889 aperuit3
2199 3805 2584 3868 monstravit
2621 3805 2768 3880 iter,
2815 3806 2978 3867 ster-

579 3908 859 3973 nendum
908 3906 1173 3993 reliquit
1216 3907 1379 3973 aliis.

646 4106 696 4166 1)
731 4104 803 4153 Ut
835 4107 907 4152 est
941 4103 1066 4169 apud
1102 4103 1543 4155 Vincumnnmx
1578 4105 1638 4154 ad
1671 4105 1914 4157 Phoenice.
1951 4122 2019 4156 vs.
2061 4105 2206 4158 1687.

646 4187 697 4248 2)
736 4187 1001 4235 videantur
1042 4201 1162 4251 quae
1198 4186 1390 4251 scripsit
1422 4187 1716 4243 Etcnsrfion
1754 4188 1916 4237 Wolni
1951 4191 2172 4247 sectator,
2207 4187 2256 4236 in
2295 4188 2566 4237 mensione
2601 4187 2807 4236 Homeri
2849 4187 2976 4236 Hei-

577 4269 709 4320 niani
758 4270 959 4333 (Im-aer
1002 4268 1474 4334 Litteratnmitunq
1521 4270 1653 4319 1803
1686 4286 1735 4338 p.
1768 4271 1914 4336 268),
1959 4271 2107 4321 allata
2151 4271 2277 4339 apud
2311 4271 2649 4321 Lunmommt
2685 4267 2976 4321 Arisaearek.

580 4355 635 4404 11
676 4371 718 4418 p.
754 4354 870 4402 285.
