3192 5009
480 198 567 264 42
1202 206 1589 268 ΗΡΩῙΔΟΤ
1642 212 2121 269 ΜΙΜΙΑΜΒΟῙ

480 386 588 465 80,
628 386 736 453 81.
805 386 894 453 VI
944 386 1047 465 12,
1083 387 1190 467 20,
1228 387 1337 465 21,
1367 388 1474 464 22,
1502 386 1613 465 23,
1643 387 1750 466 24,
1781 388 1889 466 26,
1918 387 2025 466 27,
2053 388 2161 468 48,
2192 388 2297 467 57,
2329 388 2436 467 74,
2464 388 2570 469 79,
2598 390 2706 468 80,
2732 389 2852 469 86,

481 494 590 573 89,
618 494 724 573 93,
753 493 858 560 98.
907 493 1027 559 VII
1076 494 1180 573 64,
1213 492 1318 571 77,
1349 492 1453 573 79,
1481 492 1588 572 83,
1619 494 1725 560 93.
1772 494 2045 561 Nullum
2083 502 2181 562 est
2217 500 2286 561 in
2324 498 2444 563 hoc
2480 495 2621 563 MS.
2660 499 2859 583 scrip-

478 608 659 667 turae
703 601 1153 689 compendium
1171 651 1188 679 ,
1236 605 1368 667 iota
1409 603 1843 688 subscriptum
1882 624 2066 689 saepe
2107 606 2421 668 omissum
2460 624 2643 689 saepe
2678 602 2855 668 male

473 707 766 773 additum
782 757 799 786 ‚
848 706 1158 773 vocabula
1203 717 1316 773 aut
1362 714 1496 775 arte
1544 711 1879 774 coniuncta
1924 715 2073 774 sunt
2120 716 2233 775 aut
2280 731 2473 796 parvo
2509 709 2851 776 intervallo

472 821 760 901 separat-a
820 814 929 879 sed
991 834 1174 899 saepe
1220 812 1391 879 male
1441 814 1666 879 divisa.
1718 813 1843 879 Pro
1892 814 2293 902 diphthongo
2346 826 2421 881 el
2471 815 2852 902 plerumque

473 925 734 1006 apparet
794 918 1032 985 vocalis
1097 928 1157 993 1,
1225 940 1364 985 raro
1411 922 1667 985 inversa
1714 923 1955 986 ratione
2004 921 2443 1009 diphthongus
2493 942 2606 1007 pro
2654 920 2853 1007 longa

471 1025 711 1104 vocali,
760 1048 1078 1113 nusquam
1126 1047 1276 1091 vero
1325 1026 1438 1092 ubi
1485 1026 1698 1091 brevis
1746 1033 1876 1104 est,
1922 1048 2065 1092 raro
2114 1032 2335 1094 autem
2381 1038 2406 1093 1
2458 1050 2609 1093 cum
2648 1036 2701 1093 H
2740 1032 2857 1092 aut

477 1142 560 1197 HI
609 1133 945 1198 confusum
993 1139 1121 1211 est,
1170 1135 1374 1198 rarius
1421 1135 1620 1197 etiam
1666 1153 1817 1198 cum
1866 1142 1992 1211 01,
2041 1154 2157 1200 nec
2209 1137 2460 1220 saepius
2512 1143 2588 1199 ΕΙ
2640 1154 2753 1219 pro
2797 1143 2847 1198 H

475 1242 610 1304 sive
684 1247 768 1303 ln
840 1244 952 1304 aut
1025 1248 1075 1303 H
1139 1260 1253 1326 pro
1320 1247 1396 1303 el
1461 1240 1750 1323 positum
1808 1238 2075 1304 videbis.
2143 1239 2541 1305 Paucissima
2602 1260 2855 1325 quoque

477 1344 770 1431 exempla
806 1345 941 1411 vidi
980 1345 1274 1411 confusae
1311 1345 1697 1441 diphthongi
1739 1355 1819 1410 Al
1861 1353 1927 1411 et
1967 1356 2040 1423 E,
2083 1350 2159 1410 ut
2196 1346 2292 1411 III
2318 1346 2425 1426 45,
2465 1348 2578 1413 ubi
2617 1348 2856 1424 ημαιθα

479 1474 558 1518 ex
619 1454 818 1527 ημεθαι
881 1458 1235 1517 correctum
1281 1455 1412 1527 est,
1461 1455 1526 1516 et
1569 1450 1690 1515 VII
1739 1450 1845 1531 58,
1894 1452 2006 1517 ubi
2052 1459 2398 1531 ψιντακαια
2446 1453 2693 1540 legitur
2738 1474 2852 1540 pro

478 1567 818 1642 ψιττακεω.
869 1558 1147 1624 Vitiosae
1192 1560 1699 1643 pronuntiationi
1744 1558 2009 1627 fortasse
2054 1562 2253 1626 etiam
2300 1560 2713 1627 tribuendum
2758 1566 2859 1625 est

478 1689 672 1731 κνυσα
710 1664 853 1751 'pro
923 1688 1100 1728 κνισα
1161 1662 1281 1729 VH
1325 1663 1432 1729 95.
1506 1664 1687 1731 Alias
1751 1666 2117 1731 litterarum
2174 1666 2571 1734 confusiones
2634 1668 2858 1733 notavi

478 1773 627 1839 has:
693 1784 944 1835 Acum
990 1779 1065 1848 H,
1111 1778 1323 1847 0,'r;
1390 1782 1432 1835 B
1483 1778 1846 1837 cumTet
1896 1781 1974 1849 P;
2027 1781 2274 1837 rcum
2322 1782 2385 1851 13
2457 1784 2855 1853 AcumA,

475 1886 534 1941 e
578 1898 729 1942 cum
779 1886 844 1953 C,
875 1886 1003 1953 o,1
1057 1877 1232 1957 (hinc
1282 1886 1327 1941 C
1375 1884 1519 1942 ante
1570 1887 1618 1942 e
1664 1877 1899 1943 excidit
1946 1877 2034 1942 VI
2082 1877 2191 1956 88,
2242 1877 2362 1943 VH
2411 1879 2547 1961 41),
2598 1890 2652 1945 Θ
2702 1901 2855 1945 cum

481 1992 759 2061 O,C,‹1>,
801 1992 850 2047 Κ
893 1992 1596 2064 cum1C‚C‚11‚N,P;
1642 1996 1700 2047 Λ
1739 2004 1889 2048 cum
1936 1992 1994 2048 N
2039 1990 2237 2064 etT3
2281 1993 2340 2050 N
2381 2007 2531 2051 cum
2574 1994 2619 2051 C
2657 1993 2724 2052 et
2760 1996 2851 2064 T;

483 2098 538 2153 Ο
589 2109 739 2154 cum
787 2097 878 2167 Ω,
925 2096 985 2151 Τ
1033 2109 1184 2153 cum
1233 2097 1298 2165 C,
1347 2109 1619 2173 quarum
1656 2088 2100 2155 confusionum
2138 2111 2284 2177 pars
2324 2090 2599 2157 difficilis
2638 2098 2735 2157 est
2774 2091 2859 2156 ad

479 2193 929 2282 explicandum
945 2242 962 2273 ,
1027 2195 1151 2259 nisi
1212 2214 1530 2280 papyrum
1592 2215 1672 2260 ex
1719 2197 2071 2280 antiquiore
2114 2195 2276 2261 libro
2324 2200 2573 2263 cursivo
2618 2199 2855 2281 scripto

479 2308 544 2368 et
603 2300 776 2366 lectu
839 2298 1080 2365 difficili
1133 2298 1392 2365 fluxisse
1437 2305 1762 2385 putamus.
1812 2300 1967 2365 Inde
2011 2301 2274 2367 fortasse
2319 2302 2563 2368 factum
2609 2308 2687 2367 ut
2729 2301 2858 2368 loci

482 2406 746 2494 quidam
817 2426 1038 2471 omnes
1105 2405 1366 2471 sanandi
1433 2412 1695 2472 conatus
1758 2408 1981 2493 fugere
2040 2408 2396 2474 videantur.
2462 2406 2557 2474 De
2622 2409 2859 2495 papyri

477 2516 681 2579 nostri
725 2518 932 2578 aetate
978 2510 1142 2576 nihil
1188 2514 1345 2578 certi
1393 2512 1705 2577 affirmare
1752 2534 1945 2579 ausus
1985 2513 2189 2579 editor
2228 2516 2596 2579 universam
2638 2519 2859 2579 tamen

477 2617 792 2685 scribendi
851 2621 1166 2683 rationem
1225 2618 1515 2683 seculum
1578 2618 1928 2684 secundum
1977 2626 2090 2684 aut
2136 2623 2403 2685 tertium
2452 2641 2513 2705 p.
2564 2617 2714 2687 Chr.
2764 2622 2859 2683 in-

478 2725 684 2790 dicare
723 2730 929 2809 putat.
976 2723 1123 2809 Ipse
1162 2723 1437 2811 Kenyon
1476 2724 1605 2790 fere
1644 2731 1721 2787 ut
1759 2726 1829 2788 in
1870 2723 2010 2789 MS.
2051 2723 2362 2811 leguntur
2384 2747 2534 2792 cum
2558 2725 2860 2812 plurimis

474 2831 722 2896 lacunis
740 2879 756 2907 ,
828 2850 1101 2915 quarum
1165 2830 1278 2894 ubi
1339 2849 1576 2915 paucae
1636 2835 1894 2895 tantum
1954 2830 2208 2896 litterae
2276 2832 2578 2897 deficiunt
2623 2832 2859 2897 bonam

475 2942 726 3022 partem
788 2944 957 3002 recte
1021 2934 1306 3021 explevit
1326 2983 1342 3012 ‚
1391 2938 1526 3002 sine
1572 2939 2083 3021 interpunctione
2130 2936 2401 3023 aliisque
2446 2937 2707 3025 legendi
2753 2937 2859 3003 ad-

475 3041 803 3107 miniculis
865 3061 1059 3127 quam
1120 3040 1613 3129 diligentissime
1673 3044 1887 3129 potuit
1932 3042 2087 3107 haec
2134 3046 2415 3108 carmina
2463 3043 2663 3109 edidit
2680 3091 2697 3120 ,
2748 3042 2860 3107 sed

477 3148 700 3213 eodem
760 3146 890 3212 fere
953 3153 1238 3232 tempore
1298 3148 1492 3212 huius
1552 3147 1835 3235 plagulis
1883 3170 2039 3214 usus
2088 3148 2411 3215 Herodam
2462 3147 2860 3228 (Herondam

477 3252 782 3340 appellat)
842 3256 1184 3338 separatim
1245 3252 1538 3340 volgavit
1599 3252 1986 3320 Rutherford
2004 3303 2020 3332 ‚
2092 3258 2203 3339 qui
2264 3258 2513 3341 primus
2561 3274 2861 3341 personas

480 3358 806 3437 distinxit,
845 3366 1137 3424 accentus
1177 3361 1565 3445 spiritusque
1604 3367 1669 3423 et
1702 3362 2283 3446 interpunctionem
2308 3363 2606 3447 apposuit
2622 3409 2639 3437 ,
2664 3361 2861 3425 maio-

478 3486 620 3529 rum
688 3463 1065 3529 lacunarum
1127 3472 1375 3551 partem
1437 3465 1719 3551 aliquam
1781 3466 2065 3555 explevit
2082 3516 2098 3545 ,
2170 3467 2515 3532 dialectum
2572 3467 2859 3533 Ionicam
2944 3522 2951 3528 .

477 3573 766 3636 restituit
783 3618 800 3647 ,
862 3570 1056 3635 verba
1117 3577 1412 3657 corrupta
1473 3574 1721 3636 sanavit
1770 3578 1882 3637 aut
1930 3593 2147 3638 sanare
2194 3579 2455 3638 conatus
2502 3580 2598 3639 est
2644 3580 2709 3638 et
2752 3573 2861 3638 hic

475 3676 610 3743 illic
631 3725 648 3753 ‚
696 3682 771 3741 ut
817 3675 925 3752 fit,
977 3696 1129 3740 sana
1173 3676 1478 3742 mutando
1518 3679 1806 3763 corrupit
1832 3676 1903 3757 1).
1955 3676 2079 3743 Sed
2121 3681 2259 3743 viro
2284 3678 2467 3744 docto
2491 3680 2704 3765 sagaci
2726 3699 2861 3743 mo-

478 3782 654 3847 desto
671 3830 688 3859 ‚
737 3780 852 3846 ubi
896 3783 1098 3846 nimia
1145 3781 1544 3849 festinatione
1585 3786 1656 3847 in
1696 3782 2073 3848 difficillimo
2111 3782 2321 3849 labore
2357 3783 2617 3862 labitur,
2641 3786 2860 3871 gravis

477 3909 610 3953 esse
671 3885 821 3951 nolo
842 3935 859 3964 ,
922 3908 1072 3953 cum
1131 3892 1503 3973 praesertim
1551 3886 1885 3954 meliorem
1934 3911 1998 3955 se
2045 3909 2265 3975 parare
2314 3889 2659 3955 editionem
2702 3890 2862 3953 artis

479 4014 594 4078 ope
642 3994 938 4076 antiquae
984 3994 1378 4080 imaginibus
1421 3994 1811 4060 illustratam
1849 3997 1919 4059 in
1958 3994 2345 4081 praefatione
2386 4016 2501 4060 sua
2536 3994 2859 4092 professus

544 4154 593 4213 1)
637 4154 705 4202 Ea
751 4167 826 4201 ret
873 4151 1029 4200 fraudi
1077 4150 1197 4200 mihi
1245 4150 1338 4199 snit
1373 4150 1675 4200 festinantius
1708 4151 1935 4201 scribenti
1969 4150 2403 4200 animadversiones
2434 4150 2492 4199 sd
2528 4150 2771 4199 Herodem
2808 4148 2859 4199 in

489 4220 738 4270 .Berliner
782 4218 1135 4283 Philologische
1186 4216 1565 4265 Woohemohria
1616 4218 1704 4267 No.
1742 4218 1807 4267 39
1840 4222 1891 4267 et
1925 4216 2041 4277 4o'’,
2088 4219 2139 4269 in
2175 4218 2347 4283 quibu·
2381 4218 2504 4267 hund
2540 4233 2713 4283 pancas
2746 4222 2860 4269 nunt

479 4302 597 4352 qun
639 4286 840 4351 scriptas
883 4301 981 4334 csse
1028 4285 1220 4334 nollem.
1271 4283 1340 4333 Es
1373 4288 1562 4333 tantum
1596 4300 1717 4348 qnae
1751 4289 1861 4351 post
1898 4284 2099 4349 diligens
2136 4288 2294 4352 tentus
2330 4283 2629 4354 Kenyonisni
2664 4298 2857 4336 examen

481 4354 714 4421 hodieque
746 4352 1011 4421 probabilia
1045 4351 1164 4402 mihi
1201 4351 1428 4401 videntur
1463 4350 1514 4401 in
1550 4351 1639 4399 hac
1672 4352 1879 4405 editione
1916 4358 2146 4423 repetam.
