<?xml version="1.0" encoding="UTF-8"?>
<!DOCTYPE html PUBLIC "-//W3C//DTD XHTML 1.0 Transitional//EN"
    "http://www.w3.org/TR/xhtml1/DTD/xhtml1-transitional.dtd">
<html xmlns="http://www.w3.org/1999/xhtml" xml:lang="en" lang="en">
 <head>
  <title>
</title>
<meta http-equiv="Content-Type" content="text/html;charset=utf-8" />
  <meta name='ocr-system' content='tesseract 3.04.00' />
  <meta name='ocr-capabilities' content='ocr_page ocr_carea ocr_par ocr_line ocrx_word'/>
</head>
<body>
  <div class='ocr_page' id='page_1' title='image "./mnemosyne07servgoog_0029.png"; bbox 0 0 3192 5009; ppageno 0'>
   <div class='ocr_carea' id='block_1_1' title="bbox 1279 236 2611 303">
    <p class='ocr_par' dir='ltr' id='par_1_1' title="bbox 1279 236 2611 303">
     <span class='ocr_line' id='line_1_1' title="bbox 1279 236 2611 303; baseline 0.002 -2"><span class='ocrx_word' id='word_1_1' title='bbox 1279 252 1588 301; x_wconf 67' lang='lat' dir='ltr'>memus.</span> <span class='ocrx_word' id='word_1_2' title='bbox 2526 236 2611 303; x_wconf 84' lang='lat'>21</span> 
     </span>
    </p>
   </div>
   <div class='ocr_carea' id='block_1_2' title="bbox 229 417 2635 4232">
    <p class='ocr_par' dir='ltr' id='par_1_2' title="bbox 319 417 2615 504">
     <span class='ocr_line' id='line_1_2' title="bbox 319 417 2615 504; baseline 0 -19"><span class='ocrx_word' id='word_1_3' title='bbox 319 420 432 485; x_wconf 87' lang='lat' dir='ltr'>VI.</span> <span class='ocrx_word' id='word_1_4' title='bbox 493 418 650 485; x_wconf 84' lang='lat' dir='ltr'>Sine</span> <span class='ocrx_word' id='word_1_5' title='bbox 709 418 848 485; x_wconf 76' lang='lat' dir='ltr'>ulla</span> <span class='ocrx_word' id='word_1_6' title='bbox 906 422 1147 485; x_wconf 83' lang='lat' dir='ltr'>ratione</span> <span class='ocrx_word' id='word_1_7' title='bbox 1196 440 1418 485; x_wconf 85' lang='lat' dir='ltr'>versus</span> <span class='ocrx_word' id='word_1_8' title='bbox 1467 417 1601 485; x_wconf 93' lang='grc'>262</span> <span class='ocrx_word' id='word_1_9' title='bbox 1648 420 2061 504; x_wconf 81' lang='lat' dir='ltr'>praeponitur</span> <span class='ocrx_word' id='word_1_10' title='bbox 2103 422 2321 485; x_wconf 85' lang='lat' dir='ltr'>versui</span> <span class='ocrx_word' id='word_1_11' title='bbox 2367 419 2496 485; x_wconf 84' lang='lat'>261</span> <span class='ocrx_word' id='word_1_12' title='bbox 2544 423 2615 486; x_wconf 85' lang='lat' dir='ltr'>in</span> 
     </span>
    </p>

    <p class='ocr_par' dir='ltr' id='par_1_3' title="bbox 484 529 1260 615">
     <span class='ocr_line' id='line_1_3' title="bbox 484 529 1260 615; baseline -0.003 -22"><span class='ocrx_word' id='word_1_13' title='bbox 484 532 758 612; x_wconf 84' lang='lat' dir='ltr'>utroque</span> <span class='ocrx_word' id='word_1_14' title='bbox 804 529 1260 615; x_wconf 60' lang='lat' dir='ltr'>manuscripta</span> 
     </span>
    </p>

    <p class='ocr_par' dir='ltr' id='par_1_4' title="bbox 229 631 2628 2949">
     <span class='ocr_line' id='line_1_4' title="bbox 315 631 2618 720; baseline 0 -21"><span class='ocrx_word' id='word_1_15' title='bbox 315 634 544 720; x_wconf 81' lang='lat' dir='ltr'>Selegi</span> <span class='ocrx_word' id='word_1_16' title='bbox 586 634 743 699; x_wconf 81' lang='lat' dir='ltr'>haee</span> <span class='ocrx_word' id='word_1_17' title='bbox 794 631 1087 719; x_wconf 79' lang='lat' dir='ltr'>exempla</span> <span class='ocrx_word' id='word_1_18' title='bbox 1133 633 1306 719; x_wconf 91' lang='lat' dir='ltr'>quod</span> <span class='ocrx_word' id='word_1_19' title='bbox 1349 633 1506 699; x_wconf 85' lang='lat' dir='ltr'>loeis</span> <span class='ocrx_word' id='word_1_20' title='bbox 1544 632 1821 698; x_wconf 78' lang='lat' dir='ltr'>laudatis</span> <span class='ocrx_word' id='word_1_21' title='bbox 1860 631 2093 717; x_wconf 85' lang='lat' dir='ltr'>reliqui</span> <span class='ocrx_word' id='word_1_22' title='bbox 2130 653 2257 697; x_wconf 89' lang='lat' dir='ltr'>non</span> <span class='ocrx_word' id='word_1_23' title='bbox 2294 637 2447 697; x_wconf 88' lang='lat' dir='ltr'>sunt</span> <span class='ocrx_word' id='word_1_24' title='bbox 2486 654 2618 699; x_wconf 83' lang='lat' dir='ltr'>cor-</span> 
     </span>
     <span class='ocr_line' id='line_1_5' title="bbox 230 737 2614 827; baseline -0 -22"><span class='ocrx_word' id='word_1_25' title='bbox 230 744 444 827; x_wconf 80' lang='lat' dir='ltr'>rupti;</span> <span class='ocrx_word' id='word_1_26' title='bbox 501 743 660 805; x_wconf 84' lang='lat' dir='ltr'>satis</span> <span class='ocrx_word' id='word_1_27' title='bbox 703 741 914 826; x_wconf 81' lang='lat' dir='ltr'>igitur</span> <span class='ocrx_word' id='word_1_28' title='bbox 960 740 1115 805; x_wconf 83' lang='lat' dir='ltr'>haee</span> <span class='ocrx_word' id='word_1_29' title='bbox 1160 740 1428 827; x_wconf 85' lang='lat' dir='ltr'>probant</span> <span class='ocrx_word' id='word_1_30' title='bbox 1475 760 1553 804; x_wconf 83' lang='lat' dir='ltr'>ex</span> <span class='ocrx_word' id='word_1_31' title='bbox 1602 738 1824 804; x_wconf 86' lang='lat' dir='ltr'>eodem</span> <span class='ocrx_word' id='word_1_32' title='bbox 1870 738 2042 803; x_wconf 89' lang='lat' dir='ltr'>fonte</span> <span class='ocrx_word' id='word_1_33' title='bbox 2087 737 2346 803; x_wconf 81' lang='lat' dir='ltr'>fluxisse</span> <span class='ocrx_word' id='word_1_34' title='bbox 2393 740 2469 804; x_wconf 91' lang='lat' dir='ltr'>A.</span> <span class='ocrx_word' id='word_1_35' title='bbox 2518 738 2614 804; x_wconf 88' lang='lat' dir='ltr'>M.</span> 
     </span>
     <span class='ocr_line' id='line_1_6' title="bbox 231 844 2617 931; baseline -0.001 -19"><span class='ocrx_word' id='word_1_36' title='bbox 231 856 293 912; x_wconf 82' lang='lat' dir='ltr'>et</span> <span class='ocrx_word' id='word_1_37' title='bbox 351 868 486 911; x_wconf 86' lang='lat' dir='ltr'>non</span> <span class='ocrx_word' id='word_1_38' title='bbox 553 844 709 911; x_wconf 84' lang='lat' dir='ltr'>alios</span> <span class='ocrx_word' id='word_1_39' title='bbox 771 844 989 910; x_wconf 78' lang='lat' dir='ltr'>simul.</span> <span class='ocrx_word' id='word_1_40' title='bbox 1068 844 1360 911; x_wconf 90' lang='lat' dir='ltr'>Dubium</span> <span class='ocrx_word' id='word_1_41' title='bbox 1422 846 1574 911; x_wconf 90' lang='lat' dir='ltr'>adeo</span> <span class='ocrx_word' id='word_1_42' title='bbox 1638 866 1716 911; x_wconf 83' lang='lat' dir='ltr'>ex</span> <span class='ocrx_word' id='word_1_43' title='bbox 1777 846 1881 909; x_wconf 90' lang='lat' dir='ltr'>his</span> <span class='ocrx_word' id='word_1_44' title='bbox 1952 847 2153 931; x_wconf 79' lang='lat' dir='ltr'>possit</span> <span class='ocrx_word' id='word_1_45' title='bbox 2221 844 2425 911; x_wconf 83' lang='lat' dir='ltr'>videri</span> <span class='ocrx_word' id='word_1_46' title='bbox 2442 894 2459 923; x_wconf 88' lang='lat'>,</span> <span class='ocrx_word' id='word_1_47' title='bbox 2536 868 2617 910; x_wconf 81' lang='lat' dir='ltr'>an</span> 
     </span>
     <span class='ocr_line' id='line_1_7' title="bbox 229 951 2617 1039; baseline -0 -21"><span class='ocrx_word' id='word_1_48' title='bbox 229 953 390 1018; x_wconf 80' lang='lat' dir='ltr'>alter</span> <span class='ocrx_word' id='word_1_49' title='bbox 438 974 521 1018; x_wconf 83' lang='lat' dir='ltr'>ex</span> <span class='ocrx_word' id='word_1_50' title='bbox 571 951 769 1017; x_wconf 87' lang='lat' dir='ltr'>altero</span> <span class='ocrx_word' id='word_1_51' title='bbox 811 954 896 1016; x_wconf 90' lang='lat' dir='ltr'>sit</span> <span class='ocrx_word' id='word_1_52' title='bbox 936 952 1310 1039; x_wconf 82' lang='lat' dir='ltr'>descriptus.</span> <span class='ocrx_word' id='word_1_53' title='bbox 1360 951 1540 1032; x_wconf 80' lang='lat' dir='ltr'>Quod</span> <span class='ocrx_word' id='word_1_54' title='bbox 1577 958 1795 1017; x_wconf 85' lang='lat' dir='ltr'>tamen</span> <span class='ocrx_word' id='word_1_55' title='bbox 1834 972 1957 1029; x_wconf 75' lang='lat' dir='ltr'>non</span> <span class='ocrx_word' id='word_1_56' title='bbox 1997 952 2239 1016; x_wconf 81' lang='lat' dir='ltr'>factum</span> <span class='ocrx_word' id='word_1_57' title='bbox 2278 972 2414 1017; x_wconf 87' lang='lat' dir='ltr'>esse</span> <span class='ocrx_word' id='word_1_58' title='bbox 2452 952 2617 1017; x_wconf 80' lang='lat' dir='ltr'>infra</span> 
     </span>
     <span class='ocr_line' id='line_1_8' title="bbox 231 1055 2615 1145; baseline -0.001 -20"><span class='ocrx_word' id='word_1_59' title='bbox 231 1064 470 1145; x_wconf 80' lang='lat' dir='ltr'>scripta</span> <span class='ocrx_word' id='word_1_60' title='bbox 517 1058 896 1145; x_wconf 83' lang='lat' dir='ltr'>probabunt.</span> <span class='ocrx_word' id='word_1_61' title='bbox 945 1057 1116 1124; x_wconf 82' lang='lat' dir='ltr'>Satis</span> <span class='ocrx_word' id='word_1_62' title='bbox 1163 1061 1286 1124; x_wconf 85' lang='lat' dir='ltr'>erit</span> <span class='ocrx_word' id='word_1_63' title='bbox 1332 1080 1411 1124; x_wconf 85' lang='lat' dir='ltr'>ex</span> <span class='ocrx_word' id='word_1_64' title='bbox 1453 1058 1699 1123; x_wconf 90' lang='lat' dir='ltr'>duobus</span> <span class='ocrx_word' id='word_1_65' title='bbox 1739 1055 1920 1123; x_wconf 86' lang='lat' dir='ltr'>libris</span> <span class='ocrx_word' id='word_1_66' title='bbox 1960 1057 2339 1124; x_wconf 79' lang='lat' dir='ltr'>documenta</span> <span class='ocrx_word' id='word_1_67' title='bbox 2378 1057 2615 1122; x_wconf 81' lang='lat' dir='ltr'>afferre.</span> 
     </span>
     <span class='ocr_line' id='line_1_9' title="bbox 233 1162 2617 1250; baseline -0.001 -18"><span class='ocrx_word' id='word_1_68' title='bbox 233 1169 456 1232; x_wconf 85' lang='lat' dir='ltr'>Priore</span> <span class='ocrx_word' id='word_1_69' title='bbox 503 1165 642 1231; x_wconf 86' lang='lat' dir='ltr'>loco</span> <span class='ocrx_word' id='word_1_70' title='bbox 688 1168 872 1250; x_wconf 87' lang='lat' dir='ltr'>posui</span> <span class='ocrx_word' id='word_1_71' title='bbox 920 1164 1258 1231; x_wconf 77' lang='lat' dir='ltr'>lectionem</span> <span class='ocrx_word' id='word_1_72' title='bbox 1301 1166 1944 1231; x_wconf 83' lang='lat' dir='ltr'>Ashburnhamensis.</span> <span class='ocrx_word' id='word_1_73' title='bbox 1992 1162 2067 1228; x_wconf 83' lang='lat' dir='ltr'>V.</span> <span class='ocrx_word' id='word_1_74' title='bbox 2110 1162 2243 1229; x_wconf 90' lang='grc'>206</span> <span class='ocrx_word' id='word_1_75' title='bbox 2292 1164 2582 1229; x_wconf 88' lang='lat' dir='ltr'>furorum</span> <span class='ocrx_word' id='word_1_76' title='bbox 2601 1213 2617 1242; x_wconf 90' lang='lat'><strong><em>,</em></strong></span> 
     </span>
     <span class='ocr_line' id='line_1_10' title="bbox 232 1270 2617 1357; baseline -0.002 -18"><span class='ocrx_word' id='word_1_77' title='bbox 232 1276 462 1339; x_wconf 88' lang='lat' dir='ltr'>furoris</span> <span class='ocrx_word' id='word_1_78' title='bbox 481 1322 502 1349; x_wconf 92' lang='lat'><strong><em>,</em></strong></span> <span class='ocrx_word' id='word_1_79' title='bbox 571 1270 704 1336; x_wconf 86' lang='lat'>518</span> <span class='ocrx_word' id='word_1_80' title='bbox 747 1274 999 1337; x_wconf 84' lang='lat' dir='ltr'>inverso</span> <span class='ocrx_word' id='word_1_81' title='bbox 1018 1320 1036 1350; x_wconf 90' lang='lat'><strong><em>,</em></strong></span> <span class='ocrx_word' id='word_1_82' title='bbox 1098 1275 1353 1338; x_wconf 82' lang='lat' dir='ltr'>inversa</span> <span class='ocrx_word' id='word_1_83' title='bbox 1372 1321 1389 1350; x_wconf 94' lang='lat'><strong><em>,</em></strong></span> <span class='ocrx_word' id='word_1_84' title='bbox 1457 1270 1584 1336; x_wconf 90' lang='grc'>691</span> <span class='ocrx_word' id='word_1_85' title='bbox 1640 1271 1810 1357; x_wconf 91' lang='lat' dir='ltr'>quod</span> <span class='ocrx_word' id='word_1_86' title='bbox 1871 1273 2127 1336; x_wconf 85' lang='lat' dir='ltr'>mittere</span> <span class='ocrx_word' id='word_1_87' title='bbox 2146 1319 2163 1349; x_wconf 87' lang='lat'><strong><em>,</em></strong></span> <span class='ocrx_word' id='word_1_88' title='bbox 2229 1270 2580 1335; x_wconf 74' lang='lat' dir='ltr'><em>committere</em></span> <span class='ocrx_word' id='word_1_89' title='bbox 2599 1320 2617 1347; x_wconf 94' lang='lat'><strong><em>,</em></strong></span> 
     </span>
     <span class='ocr_line' id='line_1_11' title="bbox 236 1376 2617 1463; baseline -0.002 -17"><span class='ocrx_word' id='word_1_90' title='bbox 236 1378 358 1447; x_wconf 81' lang='lat'>771</span> <span class='ocrx_word' id='word_1_91' title='bbox 419 1385 780 1462; x_wconf 69' lang='lat' dir='ltr'>praestare,</span> <span class='ocrx_word' id='word_1_92' title='bbox 845 1379 1142 1463; x_wconf 84' lang='lat' dir='ltr'>praebere</span> <span class='ocrx_word' id='word_1_93' title='bbox 1162 1428 1178 1457; x_wconf 92' lang='lat'><em>,</em></span> <span class='ocrx_word' id='word_1_94' title='bbox 1246 1378 1375 1444; x_wconf 87' lang='lat'>811</span> <span class='ocrx_word' id='word_1_95' title='bbox 1429 1384 1663 1457; x_wconf 77' lang='lat' dir='ltr'>tectas,</span> <span class='ocrx_word' id='word_1_96' title='bbox 1728 1384 1919 1442; x_wconf 69' lang='lat' dir='ltr'>tactae</span> <span class='ocrx_word' id='word_1_97' title='bbox 1938 1426 1954 1455; x_wconf 91' lang='lat'>‚</span> <span class='ocrx_word' id='word_1_98' title='bbox 2005 1376 2111 1443; x_wconf 91' lang='lat' dir='ltr'>VI.</span> <span class='ocrx_word' id='word_1_99' title='bbox 2166 1376 2251 1441; x_wconf 85' lang='grc'>32</span> <span class='ocrx_word' id='word_1_100' title='bbox 2298 1383 2617 1455; x_wconf 82' lang='lat' dir='ltr'>metatur,</span> 
     </span>
     <span class='ocr_line' id='line_1_12' title="bbox 233 1482 2617 1571; baseline -0.001 -21"><span class='ocrx_word' id='word_1_101' title='bbox 233 1487 495 1561; x_wconf 66' lang='lat' dir='ltr'>metitur,</span> <span class='ocrx_word' id='word_1_102' title='bbox 559 1483 646 1549; x_wconf 87' lang='lat'>41</span> <span class='ocrx_word' id='word_1_103' title='bbox 715 1491 931 1550; x_wconf 85' lang='lat' dir='ltr'>teseua</span> <span class='ocrx_word' id='word_1_104' title='bbox 992 1485 1063 1566; x_wconf 90' lang='lat'>(1.</span> <span class='ocrx_word' id='word_1_105' title='bbox 1133 1492 1397 1571; x_wconf 73' lang='lat' dir='ltr'>tesqua),</span> <span class='ocrx_word' id='word_1_106' title='bbox 1465 1492 1665 1563; x_wconf 83' lang='lat' dir='ltr'>testa,</span> <span class='ocrx_word' id='word_1_107' title='bbox 1733 1482 1815 1549; x_wconf 88' lang='lat'>51</span> <span class='ocrx_word' id='word_1_108' title='bbox 1886 1489 1986 1562; x_wconf 88' lang='lat' dir='ltr'>et,</span> <span class='ocrx_word' id='word_1_109' title='bbox 2048 1506 2154 1562; x_wconf 82' lang='lat' dir='ltr'>en,</span> <span class='ocrx_word' id='word_1_110' title='bbox 2222 1483 2305 1549; x_wconf 87' lang='lat'>65</span> <span class='ocrx_word' id='word_1_111' title='bbox 2370 1483 2583 1549; x_wconf 86' lang='lat' dir='ltr'>medio</span> <span class='ocrx_word' id='word_1_112' title='bbox 2602 1532 2617 1561; x_wconf 87' lang='lat'><strong><em>,</em></strong></span> 
     </span>
     <span class='ocr_line' id='line_1_13' title="bbox 234 1589 2619 1677; baseline -0.001 -21"><span class='ocrx_word' id='word_1_113' title='bbox 234 1592 496 1669; x_wconf 67' lang='lat' dir='ltr'>mediae,</span> <span class='ocrx_word' id='word_1_114' title='bbox 567 1590 651 1657; x_wconf 89' lang='grc'>81</span> <span class='ocrx_word' id='word_1_115' title='bbox 702 1590 970 1677; x_wconf 82' lang='lat' dir='ltr'>pabula,</span> <span class='ocrx_word' id='word_1_116' title='bbox 1036 1591 1130 1655; x_wconf 89' lang='lat' dir='ltr'>M.</span> <span class='ocrx_word' id='word_1_117' title='bbox 1193 1592 1368 1657; x_wconf 88' lang='lat' dir='ltr'>idem</span> <span class='ocrx_word' id='word_1_118' title='bbox 1425 1594 1496 1656; x_wconf 89' lang='lat' dir='ltr'>in</span> <span class='ocrx_word' id='word_1_119' title='bbox 1556 1611 1813 1668; x_wconf 84' lang='lat' dir='ltr'>rasura,</span> <span class='ocrx_word' id='word_1_120' title='bbox 1868 1589 1993 1655; x_wconf 91' lang='grc'>101</span> <span class='ocrx_word' id='word_1_121' title='bbox 2044 1596 2339 1667; x_wconf 88' lang='lat' dir='ltr'>manent,</span> <span class='ocrx_word' id='word_1_122' title='bbox 2388 1589 2619 1667; x_wconf 79' lang='lat' dir='ltr'>iacent,</span> 
     </span>
     <span class='ocr_line' id='line_1_14' title="bbox 241 1692 2619 1783; baseline -0.002 -19"><span class='ocrx_word' id='word_1_123' title='bbox 241 1699 366 1764; x_wconf 89' lang='grc'>118</span> <span class='ocrx_word' id='word_1_124' title='bbox 418 1701 682 1775; x_wconf 47' lang='lat' dir='ltr'>(mariz,</span> <span class='ocrx_word' id='word_1_125' title='bbox 731 1698 1046 1777; x_wconf 70' lang='lat' dir='ltr'><em>claustris,</em></span> <span class='ocrx_word' id='word_1_126' title='bbox 1102 1697 1228 1763; x_wconf 79' lang='grc'>128</span> <span class='ocrx_word' id='word_1_127' title='bbox 1277 1700 1392 1776; x_wconf 86' lang='lat' dir='ltr'>ad,</span> <span class='ocrx_word' id='word_1_128' title='bbox 1440 1701 1545 1776; x_wconf 83' lang='lat' dir='ltr'>in,</span> <span class='ocrx_word' id='word_1_129' title='bbox 1602 1697 1729 1762; x_wconf 87' lang='lat'>144</span> <span class='ocrx_word' id='word_1_130' title='bbox 1775 1696 2078 1783; x_wconf 83' lang='lat' dir='ltr'>implere,</span> <span class='ocrx_word' id='word_1_131' title='bbox 2129 1696 2197 1760; x_wconf 79' lang='lat' dir='ltr'>in</span> <span class='ocrx_word' id='word_1_132' title='bbox 2232 1696 2445 1779; x_wconf 76' lang='lat' dir='ltr'>plebe,</span> <span class='ocrx_word' id='word_1_133' title='bbox 2493 1692 2619 1761; x_wconf 82' lang='lat'>15¹7</span> 
     </span>
     <span class='ocr_line' id='line_1_15' title="bbox 236 1800 2621 1891; baseline -0.002 -22"><span class='ocrx_word' id='word_1_134' title='bbox 236 1828 398 1883; x_wconf 89' lang='lat' dir='ltr'>non,</span> <span class='ocrx_word' id='word_1_135' title='bbox 463 1826 608 1881; x_wconf 71' lang='lat' dir='ltr'>nos,</span> <span class='ocrx_word' id='word_1_136' title='bbox 679 1802 805 1869; x_wconf 85' lang='lat'>189</span> <span class='ocrx_word' id='word_1_137' title='bbox 843 1804 1106 1887; x_wconf 74' lang='lat' dir='ltr'>premit,</span> <span class='ocrx_word' id='word_1_138' title='bbox 1167 1808 1368 1889; x_wconf 87' lang='lat' dir='ltr'>petit,</span> <span class='ocrx_word' id='word_1_139' title='bbox 1419 1803 1552 1869; x_wconf 87' lang='grc'>200</span> <span class='ocrx_word' id='word_1_140' title='bbox 1600 1810 1801 1881; x_wconf 85' lang='lat' dir='ltr'>torta,</span> <span class='ocrx_word' id='word_1_141' title='bbox 1853 1808 2103 1891; x_wconf 83' lang='lat' dir='ltr'>portat,</span> <span class='ocrx_word' id='word_1_142' title='bbox 2153 1800 2283 1868; x_wconf 83' lang='grc'>207</span> <span class='ocrx_word' id='word_1_143' title='bbox 2333 1802 2509 1868; x_wconf 84' lang='lat' dir='ltr'>adest</span> <span class='ocrx_word' id='word_1_144' title='bbox 2554 1804 2621 1866; x_wconf 92' lang='lat' dir='ltr'>in</span> 
     </span>
     <span class='ocr_line' id='line_1_16' title="bbox 241 1908 2621 1996; baseline -0.001 -20"><span class='ocrx_word' id='word_1_145' title='bbox 241 1914 340 1989; x_wconf 71' lang='lat' dir='ltr'>A„</span> <span class='ocrx_word' id='word_1_146' title='bbox 389 1932 522 1975; x_wconf 91' lang='lat' dir='ltr'>om.</span> <span class='ocrx_word' id='word_1_147' title='bbox 574 1909 692 1987; x_wconf 90' lang='grc' dir='ltr'>Μ.,</span> <span class='ocrx_word' id='word_1_148' title='bbox 742 1909 874 1975; x_wconf 89' lang='grc'>206</span> <span class='ocrx_word' id='word_1_149' title='bbox 919 1909 1128 1991; x_wconf 65' lang='grc' dir='ltr'>εἰὶμίι,</span> <span class='ocrx_word' id='word_1_150' title='bbox 1174 1908 1372 1988; x_wconf 83' lang='lat' dir='ltr'>ilicit,</span> <span class='ocrx_word' id='word_1_151' title='bbox 1413 1913 1689 1975; x_wconf 84' lang='lat' dir='ltr'>varietas</span> <span class='ocrx_word' id='word_1_152' title='bbox 1728 1931 1762 1974; x_wconf 93' lang='lat' dir='ltr'>e</span> <span class='ocrx_word' id='word_1_153' title='bbox 1801 1909 2059 1995; x_wconf 79' lang='lat' dir='ltr'>capitali</span> <span class='ocrx_word' id='word_1_154' title='bbox 2099 1912 2414 1996; x_wconf 83' lang='lat' dir='ltr'>scriptura</span> <span class='ocrx_word' id='word_1_155' title='bbox 2437 1916 2587 1974; x_wconf 85' lang='lat' dir='ltr'>nata</span> <span class='ocrx_word' id='word_1_156' title='bbox 2606 1957 2621 1986; x_wconf 85' lang='lat'><em>,</em></span> 
     </span>
     <span class='ocr_line' id='line_1_17' title="bbox 237 2004 2623 2103; baseline -0.001 -21"><span class='ocrx_word' id='word_1_157' title='bbox 237 2016 370 2082; x_wconf 88' lang='grc'>208</span> <span class='ocrx_word' id='word_1_158' title='bbox 411 2014 680 2103; x_wconf 80' lang='lat' dir='ltr'>getulus</span> <span class='ocrx_word' id='word_1_159' title='bbox 699 2064 716 2093; x_wconf 89' lang='lat'><strong><em>,</em></strong></span> <span class='ocrx_word' id='word_1_160' title='bbox 755 2018 846 2079; x_wconf 86' lang='lat' dir='ltr'>sie</span> <span class='ocrx_word' id='word_1_161' title='bbox 890 2015 1142 2102; x_wconf 82' lang='lat' dir='ltr'>lybicus</span> <span class='ocrx_word' id='word_1_162' title='bbox 1182 2015 1505 2096; x_wconf 82' lang='lat' dir='ltr'>(notabilis</span> <span class='ocrx_word' id='word_1_163' title='bbox 1542 2018 1845 2081; x_wconf 83' lang='lat' dir='ltr'>correctio</span> <span class='ocrx_word' id='word_1_164' title='bbox 1885 2015 1965 2080; x_wconf 82' lang='lat' dir='ltr'>ad</span> <span class='ocrx_word' id='word_1_165' title='bbox 2001 2015 2315 2080; x_wconf 90' lang='lat' dir='ltr'>tuendum</span> <span class='ocrx_word' id='word_1_166' title='bbox 2362 2004 2623 2080; x_wconf 78' lang='lat' dir='ltr'>versum</span> 
     </span>
     <span class='ocr_line' id='line_1_18' title="bbox 237 2119 2620 2209; baseline -0 -22"><span class='ocrx_word' id='word_1_167' title='bbox 237 2126 683 2209; x_wconf 78' lang='lat' dir='ltr'>superiorem),</span> <span class='ocrx_word' id='word_1_168' title='bbox 755 2120 886 2187; x_wconf 87' lang='grc'>264</span> <span class='ocrx_word' id='word_1_169' title='bbox 957 2123 1252 2201; x_wconf 65' lang='lat' dir='ltr'>clau-sm,</span> <span class='ocrx_word' id='word_1_170' title='bbox 1325 2128 1531 2189; x_wconf 85' lang='lat' dir='ltr'>eastra</span> <span class='ocrx_word' id='word_1_171' title='bbox 1599 2123 1678 2188; x_wconf 85' lang='lat' dir='ltr'>ef.</span> <span class='ocrx_word' id='word_1_172' title='bbox 1750 2121 1899 2199; x_wconf 87' lang='lat'>118,</span> <span class='ocrx_word' id='word_1_173' title='bbox 1952 2119 2083 2188; x_wconf 81' lang='lat'>376</span> <span class='ocrx_word' id='word_1_174' title='bbox 2148 2124 2371 2187; x_wconf 86' lang='lat' dir='ltr'>titares</span> <span class='ocrx_word' id='word_1_175' title='bbox 2438 2142 2583 2186; x_wconf 85' lang='lat' dir='ltr'>suas</span> <span class='ocrx_word' id='word_1_176' title='bbox 2603 2169 2620 2198; x_wconf 91' lang='lat'><strong><em>,</em></strong></span> 
     </span>
     <span class='ocr_line' id='line_1_19' title="bbox 239 2227 2626 2316; baseline -0.001 -21"><span class='ocrx_word' id='word_1_177' title='bbox 239 2233 554 2295; x_wconf 61' lang='lat' dir='ltr'>litoream</span> <span class='ocrx_word' id='word_1_178' title='bbox 573 2277 590 2306; x_wconf 90' lang='lat'>‚</span> <span class='ocrx_word' id='word_1_179' title='bbox 657 2227 789 2293; x_wconf 85' lang='grc'>393</span> <span class='ocrx_word' id='word_1_180' title='bbox 853 2228 1071 2307; x_wconf 86' lang='lat' dir='ltr'>silide‚</span> <span class='ocrx_word' id='word_1_181' title='bbox 1131 2230 1346 2293; x_wconf 71' lang='lat' dir='ltr'>sidere.</span> <span class='ocrx_word' id='word_1_182' title='bbox 1411 2230 1689 2295; x_wconf 82' lang='lat' dir='ltr'><strong>Nomina</strong></span> <span class='ocrx_word' id='word_1_183' title='bbox 1735 2230 2181 2316; x_wconf 78' lang='lat' dir='ltr'>geographica,</span> <span class='ocrx_word' id='word_1_184' title='bbox 2228 2232 2297 2293; x_wconf 89' lang='lat' dir='ltr'>in</span> <span class='ocrx_word' id='word_1_185' title='bbox 2341 2230 2445 2293; x_wconf 90' lang='grc'><strong>1118</strong></span> <span class='ocrx_word' id='word_1_186' title='bbox 2489 2249 2626 2294; x_wconf 85' lang='lat' dir='ltr'>ver-</span> 
     </span>
     <span class='ocr_line' id='line_1_20' title="bbox 239 2333 2626 2420; baseline -0.001 -19"><span class='ocrx_word' id='word_1_187' title='bbox 239 2336 414 2401; x_wconf 83' lang='lat' dir='ltr'>sibus</span> <span class='ocrx_word' id='word_1_188' title='bbox 461 2333 766 2400; x_wconf 85' lang='lat' dir='ltr'>mendose</span> <span class='ocrx_word' id='word_1_189' title='bbox 811 2338 1045 2420; x_wconf 81' lang='lat' dir='ltr'>scripta</span> <span class='ocrx_word' id='word_1_190' title='bbox 1091 2338 1162 2399; x_wconf 91' lang='lat' dir='ltr'>in</span> <span class='ocrx_word' id='word_1_191' title='bbox 1205 2335 1308 2413; x_wconf 69' lang='lat' dir='ltr'>A„</span> <span class='ocrx_word' id='word_1_192' title='bbox 1361 2338 1515 2399; x_wconf 82' lang='lat' dir='ltr'>satis</span> <span class='ocrx_word' id='word_1_193' title='bbox 1555 2340 1727 2400; x_wconf 82' lang='lat' dir='ltr'>reeta</span> <span class='ocrx_word' id='word_1_194' title='bbox 1762 2335 1959 2399; x_wconf 82' lang='lat' dir='ltr'>habet</span> <span class='ocrx_word' id='word_1_195' title='bbox 1996 2334 2090 2399; x_wconf 95' lang='lat' dir='ltr'>M.</span> <span class='ocrx_word' id='word_1_196' title='bbox 2136 2372 2221 2382; x_wconf 92' lang='grc'>-</span> <span class='ocrx_word' id='word_1_197' title='bbox 2264 2333 2392 2400; x_wconf 89' lang='grc'><strong>401</strong></span> <span class='ocrx_word' id='word_1_198' title='bbox 2435 2340 2626 2399; x_wconf 85' lang='lat' dir='ltr'>terre-</span> 
     </span>
     <span class='ocr_line' id='line_1_21' title="bbox 241 2438 2626 2528; baseline 0 -21"><span class='ocrx_word' id='word_1_199' title='bbox 241 2462 528 2527; x_wconf 84' lang='lat' dir='ltr'>numque</span> <span class='ocrx_word' id='word_1_200' title='bbox 569 2461 788 2505; x_wconf 84' lang='lat' dir='ltr'>navas.</span> <span class='ocrx_word' id='word_1_201' title='bbox 837 2438 1180 2507; x_wconf 81' lang='lat' dir='ltr'>Manifesto</span> <span class='ocrx_word' id='word_1_202' title='bbox 1231 2448 1605 2527; x_wconf 82' lang='lat' dir='ltr'>corruptum</span> <span class='ocrx_word' id='word_1_203' title='bbox 1650 2462 1729 2507; x_wconf 82' lang='lat' dir='ltr'>ex</span> <span class='ocrx_word' id='word_1_204' title='bbox 1773 2445 2029 2528; x_wconf 82' lang='lat' dir='ltr'>ignaras</span> <span class='ocrx_word' id='word_1_205' title='bbox 2048 2491 2064 2520; x_wconf 91' lang='lat'><strong><em>,</em></strong></span> <span class='ocrx_word' id='word_1_206' title='bbox 2116 2448 2181 2507; x_wconf 85' lang='lat' dir='ltr'>et</span> <span class='ocrx_word' id='word_1_207' title='bbox 2226 2444 2317 2506; x_wconf 85' lang='lat' dir='ltr'>sic</span> <span class='ocrx_word' id='word_1_208' title='bbox 2363 2441 2626 2507; x_wconf 84' lang='lat' dir='ltr'>fortasse</span> 
     </span>
     <span class='ocr_line' id='line_1_22' title="bbox 241 2546 2624 2634; baseline 0 -22"><span class='ocrx_word' id='word_1_209' title='bbox 241 2546 594 2634; x_wconf 87' lang='lat' dir='ltr'>legendum</span> <span class='ocrx_word' id='word_1_210' title='bbox 629 2552 986 2626; x_wconf 88' lang='lat' dir='ltr'>(terrenum</span> <span class='ocrx_word' id='word_1_211' title='bbox 1017 2551 1272 2634; x_wconf 82' lang='lat' dir='ltr'>ignaras</span> <span class='ocrx_word' id='word_1_212' title='bbox 1310 2550 1646 2614; x_wconf 86' lang='lat' dir='ltr'>hominem</span> <span class='ocrx_word' id='word_1_213' title='bbox 1681 2551 1947 2633; x_wconf 85' lang='lat' dir='ltr'>proiecit</span> <span class='ocrx_word' id='word_1_214' title='bbox 1983 2551 2055 2612; x_wconf 86' lang='grc'>111</span> <span class='ocrx_word' id='word_1_215' title='bbox 2096 2548 2317 2625; x_wconf 83' lang='lat' dir='ltr'>undas,</span> <span class='ocrx_word' id='word_1_216' title='bbox 2360 2548 2438 2613; x_wconf 84' lang='lat' dir='ltr'>ef.</span> <span class='ocrx_word' id='word_1_217' title='bbox 2467 2547 2624 2613; x_wconf 89' lang='lat' dir='ltr'>Hor.</span> 
     </span>
     <span class='ocr_line' id='line_1_23' title="bbox 243 2650 2628 2742; baseline -0.001 -21"><span class='ocrx_word' id='word_1_218' title='bbox 243 2654 312 2721; x_wconf 87' lang='lat' dir='ltr'>G.</span> <span class='ocrx_word' id='word_1_219' title='bbox 363 2653 475 2719; x_wconf 89' lang='lat' dir='ltr'>IV.</span> <span class='ocrx_word' id='word_1_220' title='bbox 531 2653 638 2718; x_wconf 85' lang='lat'>11.</span> <span class='ocrx_word' id='word_1_221' title='bbox 665 2650 782 2732; x_wconf 89' lang='grc'>27)</span> <span class='ocrx_word' id='word_1_222' title='bbox 829 2653 959 2718; x_wconf 89' lang='lat' dir='ltr'>M.:</span> <span class='ocrx_word' id='word_1_223' title='bbox 1011 2660 1337 2720; x_wconf 87' lang='lat' dir='ltr'>terrenum</span> <span class='ocrx_word' id='word_1_224' title='bbox 1382 2658 1660 2742; x_wconf 81' lang='lat' dir='ltr'>ignotas.</span> <span class='ocrx_word' id='word_1_225' title='bbox 1705 2692 1790 2703; x_wconf 86' lang='lat'>—-</span> <span class='ocrx_word' id='word_1_226' title='bbox 1836 2652 2446 2740; x_wconf 81' lang='lat' dir='ltr'>582·compressas,</span> <span class='ocrx_word' id='word_1_227' title='bbox 2497 2677 2628 2717; x_wconf 79' lang='lat' dir='ltr'>eon-</span> 
     </span>
     <span class='ocr_line' id='line_1_24' title="bbox 241 2757 2623 2847; baseline 0 -24"><span class='ocrx_word' id='word_1_228' title='bbox 241 2782 514 2842; x_wconf 70' lang='lat' dir='ltr'>spersos,</span> <span class='ocrx_word' id='word_1_229' title='bbox 585 2757 716 2825; x_wconf 84' lang='lat'>585</span> <span class='ocrx_word' id='word_1_230' title='bbox 764 2758 1036 2826; x_wconf 85' lang='lat' dir='ltr'>avellere</span> <span class='ocrx_word' id='word_1_231' title='bbox 1054 2809 1069 2838; x_wconf 85' lang='lat'><em>,</em></span> <span class='ocrx_word' id='word_1_232' title='bbox 1137 2766 1420 2826; x_wconf 84' lang='lat' dir='ltr'>avertere</span> <span class='ocrx_word' id='word_1_233' title='bbox 1484 2766 1798 2842; x_wconf 84' lang='lat' dir='ltr'>(averrere</span> <span class='ocrx_word' id='word_1_234' title='bbox 1844 2758 1901 2824; x_wconf 83' lang='lat' dir='ltr'><strong>V</strong></span> <span class='ocrx_word' id='word_1_235' title='bbox 1924 2759 1983 2825; x_wconf 91' lang='lat' dir='ltr'><strong>U</strong></span> <span class='ocrx_word' id='word_1_236' title='bbox 2001 2810 2017 2838; x_wconf 90' lang='lat'>‚</span> <span class='ocrx_word' id='word_1_237' title='bbox 2084 2761 2160 2826; x_wconf 85' lang='lat' dir='ltr'>ef.</span> <span class='ocrx_word' id='word_1_238' title='bbox 2203 2760 2402 2826; x_wconf 81' lang='lat' dir='ltr'><strong>Prisc.</strong></span> <span class='ocrx_word' id='word_1_239' title='bbox 2451 2760 2516 2825; x_wconf 91' lang='lat' dir='ltr'>X</span> <span class='ocrx_word' id='word_1_240' title='bbox 2561 2783 2623 2847; x_wconf 91' lang='lat' dir='ltr'>p.</span> 
     </span>
     <span class='ocr_line' id='line_1_25' title="bbox 247 2862 1475 2949; baseline 0.002 -20"><span class='ocrx_word' id='word_1_241' title='bbox 247 2864 378 2930; x_wconf 85' lang='lat'>532</span> <span class='ocrx_word' id='word_1_242' title='bbox 403 2864 519 2945; x_wconf 81' lang='lat' dir='ltr'>K),</span> <span class='ocrx_word' id='word_1_243' title='bbox 573 2862 703 2931; x_wconf 78' lang='lat'>‘746</span> <span class='ocrx_word' id='word_1_244' title='bbox 752 2886 1048 2945; x_wconf 82' lang='lat' dir='ltr'>excussa,</span> <span class='ocrx_word' id='word_1_245' title='bbox 1099 2890 1376 2931; x_wconf 69' lang='lat' dir='ltr'>concussa</span> <span class='ocrx_word' id='word_1_246' title='bbox 1401 2864 1475 2949; x_wconf 84' lang='lat'>¹).</span> 
     </span>
    </p>

    <p class='ocr_par' dir='ltr' id='par_1_5' title="bbox 239 2972 2633 3802">
     <span class='ocr_line' id='line_1_26' title="bbox 333 2972 2628 3061; baseline 0 -24"><span class='ocrx_word' id='word_1_247' title='bbox 333 2972 512 3053; x_wconf 78' lang='lat' dir='ltr'>Quae</span> <span class='ocrx_word' id='word_1_248' title='bbox 576 2972 758 3038; x_wconf 77' lang='lat' dir='ltr'>facile</span> <span class='ocrx_word' id='word_1_249' title='bbox 820 2979 1076 3058; x_wconf 77' lang='lat' dir='ltr'>possent</span> <span class='ocrx_word' id='word_1_250' title='bbox 1140 2996 1218 3039; x_wconf 86' lang='lat' dir='ltr'>ex</span> <span class='ocrx_word' id='word_1_251' title='bbox 1266 2977 1491 3059; x_wconf 84' lang='lat' dir='ltr'>quovis</span> <span class='ocrx_word' id='word_1_252' title='bbox 1539 2974 1904 3039; x_wconf 79' lang='lat' dir='ltr'>Pharsaliae</span> <span class='ocrx_word' id='word_1_253' title='bbox 1948 2973 2113 3039; x_wconf 87' lang='lat' dir='ltr'>libro</span> <span class='ocrx_word' id='word_1_254' title='bbox 2162 2976 2404 3061; x_wconf 82' lang='lat' dir='ltr'>augeri.</span> <span class='ocrx_word' id='word_1_255' title='bbox 2454 2973 2628 3061; x_wconf 83' lang='lat' dir='ltr'>Ergo</span> 
     </span>
     <span class='ocr_line' id='line_1_27' title="bbox 239 3078 2628 3165; baseline 0.001 -22"><span class='ocrx_word' id='word_1_256' title='bbox 239 3084 294 3143; x_wconf 85' lang='lat' dir='ltr'>si</span> <span class='ocrx_word' id='word_1_257' title='bbox 347 3078 700 3143; x_wconf 85' lang='lat' dir='ltr'>manifesto</span> <span class='ocrx_word' id='word_1_258' title='bbox 761 3082 1020 3165; x_wconf 81' lang='lat' dir='ltr'>cognati</span> <span class='ocrx_word' id='word_1_259' title='bbox 1083 3086 1235 3145; x_wconf 90' lang='lat' dir='ltr'>sunt</span> <span class='ocrx_word' id='word_1_260' title='bbox 1297 3082 1374 3145; x_wconf 88' lang='lat' dir='ltr'>A.</span> <span class='ocrx_word' id='word_1_261' title='bbox 1400 3080 1518 3158; x_wconf 89' lang='grc' dir='ltr'>Μ.,</span> <span class='ocrx_word' id='word_1_262' title='bbox 1583 3102 1788 3165; x_wconf 90' lang='lat' dir='ltr'>neque</span> <span class='ocrx_word' id='word_1_263' title='bbox 1834 3088 2051 3145; x_wconf 83' lang='lat' dir='ltr'>tamen</span> <span class='ocrx_word' id='word_1_264' title='bbox 2097 3079 2259 3146; x_wconf 82' lang='lat' dir='ltr'>alter</span> <span class='ocrx_word' id='word_1_265' title='bbox 2304 3101 2382 3145; x_wconf 83' lang='lat' dir='ltr'>ex</span> <span class='ocrx_word' id='word_1_266' title='bbox 2427 3078 2628 3145; x_wconf 80' lang='lat' dir='ltr'>altero</span> 
     </span>
     <span class='ocr_line' id='line_1_28' title="bbox 239 3184 2628 3272; baseline 0 -23"><span class='ocrx_word' id='word_1_267' title='bbox 239 3184 600 3269; x_wconf 80' lang='lat' dir='ltr'>descriptus</span> <span class='ocrx_word' id='word_1_268' title='bbox 619 3232 637 3261; x_wconf 86' lang='lat'><em>‚</em></span> <span class='ocrx_word' id='word_1_269' title='bbox 684 3191 882 3249; x_wconf 85' lang='lat' dir='ltr'>restat</span> <span class='ocrx_word' id='word_1_270' title='bbox 898 3234 915 3263; x_wconf 91' lang='lat'><strong><em>,</em></strong></span> <span class='ocrx_word' id='word_1_271' title='bbox 967 3192 1042 3249; x_wconf 92' lang='lat' dir='ltr'>ut</span> <span class='ocrx_word' id='word_1_272' title='bbox 1081 3186 1412 3251; x_wconf 80' lang='lat' dir='ltr'>credamus</span> <span class='ocrx_word' id='word_1_273' title='bbox 1450 3189 1612 3251; x_wconf 83' lang='lat' dir='ltr'>vitia</span> <span class='ocrx_word' id='word_1_274' title='bbox 1647 3185 1762 3250; x_wconf 81' lang='lat' dir='ltr'>illa</span> <span class='ocrx_word' id='word_1_275' title='bbox 1800 3189 2167 3251; x_wconf 86' lang='lat' dir='ltr'>eommunia</span> <span class='ocrx_word' id='word_1_276' title='bbox 2189 3188 2260 3250; x_wconf 89' lang='lat' dir='ltr'>in</span> <span class='ocrx_word' id='word_1_277' title='bbox 2282 3186 2628 3272; x_wconf 81' lang='lat' dir='ltr'>archetypo</span> 
     </span>
     <span class='ocr_line' id='line_1_29' title="bbox 242 3290 2632 3379; baseline 0 -23"><span class='ocrx_word' id='word_1_278' title='bbox 242 3290 456 3356; x_wconf 84' lang='lat' dir='ltr'>codice</span> <span class='ocrx_word' id='word_1_279' title='bbox 505 3290 702 3354; x_wconf 83' lang='lat' dir='ltr'>fuisse</span> <span class='ocrx_word' id='word_1_280' title='bbox 751 3294 818 3355; x_wconf 88' lang='lat' dir='ltr'>et</span> <span class='ocrx_word' id='word_1_281' title='bbox 865 3311 980 3377; x_wconf 89' lang='lat' dir='ltr'>per</span> <span class='ocrx_word' id='word_1_282' title='bbox 1029 3291 1272 3377; x_wconf 86' lang='lat' dir='ltr'>aliquot</span> <span class='ocrx_word' id='word_1_283' title='bbox 1315 3293 1683 3379; x_wconf 81' lang='lat' dir='ltr'>apographa</span> <span class='ocrx_word' id='word_1_284' title='bbox 1730 3291 1810 3356; x_wconf 86' lang='lat' dir='ltr'>ad</span> <span class='ocrx_word' id='word_1_285' title='bbox 1854 3293 1931 3357; x_wconf 91' lang='lat' dir='ltr'>A.</span> <span class='ocrx_word' id='word_1_286' title='bbox 1982 3298 2046 3356; x_wconf 88' lang='lat' dir='ltr'>et</span> <span class='ocrx_word' id='word_1_287' title='bbox 2089 3291 2183 3356; x_wconf 93' lang='lat' dir='ltr'>M.</span> <span class='ocrx_word' id='word_1_288' title='bbox 2234 3313 2368 3358; x_wconf 88' lang='lat' dir='ltr'>esse</span> <span class='ocrx_word' id='word_1_289' title='bbox 2407 3312 2632 3378; x_wconf 80' lang='lat' dir='ltr'>propa-</span> 
     </span>
     <span class='ocr_line' id='line_1_30' title="bbox 241 3395 2630 3484; baseline 0 -23"><span class='ocrx_word' id='word_1_290' title='bbox 241 3404 414 3484; x_wconf 82' lang='lat' dir='ltr'>gata.</span> <span class='ocrx_word' id='word_1_291' title='bbox 467 3395 730 3475; x_wconf 83' lang='lat' dir='ltr'>Quando</span> <span class='ocrx_word' id='word_1_292' title='bbox 779 3402 998 3463; x_wconf 85' lang='lat' dir='ltr'>autem</span> <span class='ocrx_word' id='word_1_293' title='bbox 1045 3399 1372 3484; x_wconf 82' lang='lat' dir='ltr'>exemplar</span> <span class='ocrx_word' id='word_1_294' title='bbox 1410 3398 1575 3464; x_wconf 90' lang='lat' dir='ltr'>illud</span> <span class='ocrx_word' id='word_1_295' title='bbox 1593 3448 1611 3475; x_wconf 89' lang='lat'>‚</span> <span class='ocrx_word' id='word_1_296' title='bbox 1650 3399 1818 3464; x_wconf 91' lang='lat' dir='ltr'>unde</span> <span class='ocrx_word' id='word_1_297' title='bbox 1857 3399 2011 3463; x_wconf 84' lang='lat' dir='ltr'>haee</span> <span class='ocrx_word' id='word_1_298' title='bbox 2054 3397 2300 3463; x_wconf 82' lang='lat' dir='ltr'>familia</span> <span class='ocrx_word' id='word_1_299' title='bbox 2337 3398 2630 3463; x_wconf 79' lang='lat' dir='ltr'>codicum</span> 
     </span>
     <span class='ocr_line' id='line_1_31' title="bbox 244 3503 2629 3591; baseline 0 -23"><span class='ocrx_word' id='word_1_300' title='bbox 244 3504 498 3568; x_wconf 80' lang='lat' dir='ltr'>exstitit</span> <span class='ocrx_word' id='word_1_301' title='bbox 514 3549 532 3579; x_wconf 91' lang='lat'><em>,</em></span> <span class='ocrx_word' id='word_1_302' title='bbox 593 3506 908 3589; x_wconf 85' lang='lat' dir='ltr'>seriptum</span> <span class='ocrx_word' id='word_1_303' title='bbox 964 3507 1083 3583; x_wconf 88' lang='lat' dir='ltr'>sit,</span> <span class='ocrx_word' id='word_1_304' title='bbox 1152 3506 1426 3571; x_wconf 83' lang='lat' dir='ltr'>divinari</span> <span class='ocrx_word' id='word_1_305' title='bbox 1486 3511 1699 3591; x_wconf 87' lang='lat' dir='ltr'>potest</span> <span class='ocrx_word' id='word_1_306' title='bbox 1744 3526 1823 3569; x_wconf 83' lang='lat' dir='ltr'>ex</span> <span class='ocrx_word' id='word_1_307' title='bbox 1872 3503 2158 3591; x_wconf 78' lang='lat' dir='ltr'>catalogo</span> <span class='ocrx_word' id='word_1_308' title='bbox 2206 3504 2595 3571; x_wconf 82' lang='lat' dir='ltr'>Pontificum</span> <span class='ocrx_word' id='word_1_309' title='bbox 2612 3552 2629 3581; x_wconf 88' lang='lat'>‚</span> 
     </span>
     <span class='ocr_line' id='line_1_32' title="bbox 243 3610 2633 3699; baseline 0 -25"><span class='ocrx_word' id='word_1_310' title='bbox 243 3610 320 3674; x_wconf 89' lang='lat' dir='ltr'>de</span> <span class='ocrx_word' id='word_1_311' title='bbox 379 3630 512 3695; x_wconf 87' lang='lat' dir='ltr'>quo</span> <span class='ocrx_word' id='word_1_312' title='bbox 577 3629 770 3694; x_wconf 82' lang='lat' dir='ltr'>supra</span> <span class='ocrx_word' id='word_1_313' title='bbox 834 3611 1083 3675; x_wconf 83' lang='lat' dir='ltr'>dietum</span> <span class='ocrx_word' id='word_1_314' title='bbox 1101 3660 1118 3689; x_wconf 90' lang='lat'><strong><em>,</em></strong></span> <span class='ocrx_word' id='word_1_315' title='bbox 1166 3615 1277 3697; x_wconf 90' lang='lat' dir='ltr'>qui</span> <span class='ocrx_word' id='word_1_316' title='bbox 1295 3661 1311 3690; x_wconf 90' lang='lat'><strong><em>,</em></strong></span> <span class='ocrx_word' id='word_1_317' title='bbox 1363 3632 1442 3677; x_wconf 83' lang='lat' dir='ltr'>ex</span> <span class='ocrx_word' id='word_1_318' title='bbox 1491 3612 1837 3699; x_wconf 82' lang='lat' dir='ltr'>archetypo</span> <span class='ocrx_word' id='word_1_319' title='bbox 1887 3614 2022 3677; x_wconf 87' lang='lat' dir='ltr'>sine</span> <span class='ocrx_word' id='word_1_320' title='bbox 2070 3612 2262 3677; x_wconf 91' lang='lat' dir='ltr'>dubio</span> <span class='ocrx_word' id='word_1_321' title='bbox 2308 3613 2633 3677; x_wconf 88' lang='lat' dir='ltr'>transmis—</span> 
     </span>
     <span class='ocr_line' id='line_1_33' title="bbox 244 3714 2095 3802; baseline 0 -21"><span class='ocrx_word' id='word_1_322' title='bbox 244 3738 352 3781; x_wconf 84' lang='lat' dir='ltr'>sus</span> <span class='ocrx_word' id='word_1_323' title='bbox 369 3765 388 3793; x_wconf 90' lang='lat'><em>,</em></span> <span class='ocrx_word' id='word_1_324' title='bbox 439 3714 808 3780; x_wconf 73' lang='lat' dir='ltr'>extenditur</span> <span class='ocrx_word' id='word_1_325' title='bbox 851 3738 1055 3802; x_wconf 89' lang='lat' dir='ltr'>usque</span> <span class='ocrx_word' id='word_1_326' title='bbox 1103 3718 1180 3783; x_wconf 89' lang='lat' dir='ltr'>ad</span> <span class='ocrx_word' id='word_1_327' title='bbox 1225 3718 1419 3783; x_wconf 89' lang='lat' dir='ltr'>finem</span> <span class='ocrx_word' id='word_1_328' title='bbox 1469 3716 1707 3783; x_wconf 84' lang='lat' dir='ltr'>saeculi</span> <span class='ocrx_word' id='word_1_329' title='bbox 1754 3720 1949 3782; x_wconf 86' lang='lat' dir='ltr'>tertii.</span> <span class='ocrx_word' id='word_1_330' title='bbox 2085 3778 2095 3789; x_wconf 82' lang='lat'><strong>,</strong></span> 
     </span>
    </p>

    <p class='ocr_par' dir='ltr' id='par_1_6' title="bbox 243 3821 2635 4232">
     <span class='ocr_line' id='line_1_34' title="bbox 331 3821 2633 3903; baseline 0 -17"><span class='ocrx_word' id='word_1_331' title='bbox 331 3821 510 3901; x_wconf 83' lang='lat' dir='ltr'>Quae</span> <span class='ocrx_word' id='word_1_332' title='bbox 571 3825 641 3885; x_wconf 88' lang='lat' dir='ltr'>in</span> <span class='ocrx_word' id='word_1_333' title='bbox 702 3823 779 3886; x_wconf 90' lang='lat' dir='ltr'>A.</span> <span class='ocrx_word' id='word_1_334' title='bbox 845 3831 996 3890; x_wconf 88' lang='lat' dir='ltr'>sunt</span> <span class='ocrx_word' id='word_1_335' title='bbox 1059 3825 1297 3890; x_wconf 82' lang='lat' dir='ltr'>scholia</span> <span class='ocrx_word' id='word_1_336' title='bbox 1315 3874 1330 3903; x_wconf 88' lang='lat'><strong><em>,</em></strong></span> <span class='ocrx_word' id='word_1_337' title='bbox 1399 3824 1749 3890; x_wconf 86' lang='lat' dir='ltr'>admodum</span> <span class='ocrx_word' id='word_1_338' title='bbox 1814 3823 2007 3890; x_wconf 82' lang='lat' dir='ltr'>exilia</span> <span class='ocrx_word' id='word_1_339' title='bbox 2069 3830 2218 3889; x_wconf 88' lang='lat' dir='ltr'>sunt</span> <span class='ocrx_word' id='word_1_340' title='bbox 2282 3830 2347 3889; x_wconf 88' lang='lat' dir='ltr'>et</span> <span class='ocrx_word' id='word_1_341' title='bbox 2390 3823 2633 3889; x_wconf 84' lang='lat' dir='ltr'>leviora</span> 
     </span>
     <span class='ocr_line' id='line_1_35' title="bbox 243 3926 2633 4019; baseline -0 -24"><span class='ocrx_word' id='word_1_342' title='bbox 243 3950 442 4015; x_wconf 82' lang='lat' dir='ltr'>quam</span> <span class='ocrx_word' id='word_1_343' title='bbox 499 3931 570 3993; x_wconf 88' lang='lat' dir='ltr'>in</span> <span class='ocrx_word' id='word_1_344' title='bbox 633 3926 751 4006; x_wconf 68' lang='lat' dir='ltr'>M„</span> <span class='ocrx_word' id='word_1_345' title='bbox 813 3930 1016 3995; x_wconf 86' lang='lat' dir='ltr'>veluti</span> <span class='ocrx_word' id='word_1_346' title='bbox 1075 3930 1127 3995; x_wconf 91' lang='grc' dir='ltr'>Ι.</span> <span class='ocrx_word' id='word_1_347' title='bbox 1179 3929 1344 3997; x_wconf 84' lang='lat'>689:</span> <span class='ocrx_word' id='word_1_348' title='bbox 1412 3932 2049 4019; x_wconf 85' lang='lat' dir='ltr'>Pyrenen—mons.</span> <span class='ocrx_word' id='word_1_349' title='bbox 2099 3930 2180 3995; x_wconf 90' lang='grc' dir='ltr'>Π.</span> <span class='ocrx_word' id='word_1_350' title='bbox 2234 3928 2364 3997; x_wconf 85' lang='lat'>338</span> <span class='ocrx_word' id='word_1_351' title='bbox 2433 3929 2633 4008; x_wconf 87' lang='lat' dir='ltr'>„dum</span> 
     </span>
     <span class='ocr_line' id='line_1_36' title="bbox 245 4034 2627 4124; baseline 0.001 -25"><span class='ocrx_word' id='word_1_352' title='bbox 245 4038 511 4123; x_wconf 75' lang='lat' dir='ltr'>sanguis</span> <span class='ocrx_word' id='word_1_353' title='bbox 549 4035 824 4114; x_wconf 82' lang='lat' dir='ltr'>inerat&#39;’‚</span> <span class='ocrx_word' id='word_1_354' title='bbox 865 4058 1056 4123; x_wconf 86' lang='lat' dir='ltr'>supra</span> <span class='ocrx_word' id='word_1_355' title='bbox 1095 4042 1440 4123; x_wconf 87' lang='lat' dir='ltr'>seriptum:</span> <span class='ocrx_word' id='word_1_356' title='bbox 1485 4040 2099 4124; x_wconf 79' lang='lat' dir='ltr'>antipentim0meris</span> <span class='ocrx_word' id='word_1_357' title='bbox 2124 4040 2287 4119; x_wconf 87' lang='lat' dir='ltr'>(sie).</span> <span class='ocrx_word' id='word_1_358' title='bbox 2329 4036 2467 4101; x_wconf 84' lang='lat' dir='ltr'><strong>VII.</strong></span> <span class='ocrx_word' id='word_1_359' title='bbox 2498 4034 2627 4101; x_wconf 87' lang='lat'>569</span> 
     </span>
     <span class='ocr_line' id='line_1_37' title="bbox 253 4143 2635 4232; baseline 0.001 -23"><span class='ocrx_word' id='word_1_360' title='bbox 253 4144 586 4221; x_wconf 79' lang='lat' dir='ltr'>„Bistonas</span> <span class='ocrx_word' id='word_1_361' title='bbox 612 4182 698 4191; x_wconf 90' lang='lat'>—-</span> <span class='ocrx_word' id='word_1_362' title='bbox 724 4144 1042 4231; x_wconf 90' lang='lat' dir='ltr'>populus&#39;&#39;</span> <span class='ocrx_word' id='word_1_363' title='bbox 1093 4152 1160 4211; x_wconf 88' lang='lat' dir='ltr'>et</span> <span class='ocrx_word' id='word_1_364' title='bbox 1205 4145 1460 4211; x_wconf 79' lang='lat' dir='ltr'>similia.</span> <span class='ocrx_word' id='word_1_365' title='bbox 1510 4146 1856 4231; x_wconf 87' lang='lat' dir='ltr'>Proprium</span> <span class='ocrx_word' id='word_1_366' title='bbox 1904 4145 2147 4232; x_wconf 85' lang='lat' dir='ltr'>aliquid</span> <span class='ocrx_word' id='word_1_367' title='bbox 2164 4194 2181 4223; x_wconf 94' lang='lat'><strong><em>,</em></strong></span> <span class='ocrx_word' id='word_1_368' title='bbox 2228 4146 2439 4231; x_wconf 83' lang='lat' dir='ltr'>inquit</span> <span class='ocrx_word' id='word_1_369' title='bbox 2476 4143 2635 4211; x_wconf 82' lang='lat' dir='ltr'>Kre-</span> 
     </span>
    </p>
   </div>
   <div class='ocr_carea' id='block_1_3' title="bbox 273 4290 624 4301">
    <p class='ocr_par' dir='ltr' id='par_1_7' title="bbox 273 4290 624 4301">
     <span class='ocr_line' id='line_1_38' title="bbox 273 4290 624 4301; baseline 0 0"><span class='ocrx_word' id='word_1_370' title='bbox 273 4290 624 4301; x_wconf 95' lang='lat' dir='ltr'> </span> 
     </span>
    </p>
   </div>
   <div class='ocr_carea' id='block_1_4' title="bbox 317 4377 1639 4445">
    <p class='ocr_par' dir='ltr' id='par_1_8' title="bbox 317 4377 1639 4445">
     <span class='ocr_line' id='line_1_39' title="bbox 317 4377 1639 4445; baseline -0.003 -11"><span class='ocrx_word' id='word_1_371' title='bbox 317 4384 368 4445; x_wconf 84' lang='lat'>1)</span> <span class='ocrx_word' id='word_1_372' title='bbox 401 4382 666 4433; x_wconf 72' lang='lat' dir='ltr'>Meliorem</span> <span class='ocrx_word' id='word_1_373' title='bbox 701 4378 966 4429; x_wconf 75' lang='lat' dir='ltr'>lectionem</span> <span class='ocrx_word' id='word_1_374' title='bbox 1006 4378 1186 4435; x_wconf 65' lang='lat' dir='ltr'>litteris</span> <span class='ocrx_word' id='word_1_375' title='bbox 1221 4378 1424 4429; x_wconf 73' lang='lat' dir='ltr'>cursivis</span> <span class='ocrx_word' id='word_1_376' title='bbox 1457 4377 1639 4433; x_wconf 69' lang='lat' dir='ltr'>notavi.</span> 
     </span>
    </p>
   </div>
  </div>
 </body>
</html>
