3192 5009
1021 232 1105 279 1111
1150 232 1301 279 runs
1346 230 1799 279 ossum-mm.
2471 210 2601 277 251

268 398 621 487 probandum
638 446 655 477 ‚
703 400 905 463 etiam
948 404 1091 483 post
1136 418 1193 462 a.
1240 396 1325 461 58
1368 397 1447 463 de
1484 396 1657 466 caelo
1700 402 2028 462 servatum
2065 416 2202 461 esse
2241 416 2393 460 cum
2429 393 2608 482 leges

268 506 557 571 ferrentur.
604 503 783 569 Alios
830 503 1004 569 locos
1048 506 1181 569 iam
1229 524 1423 589 supra
1470 525 1549 569 ex
1595 504 1715 569 hac
1762 506 2131 588 quaestione
2177 504 2455 580 removi,
2497 504 2610 588 qui

268 621 423 677 antea
461 612 805 677 immisceri
854 608 1175 687 solebant,
1226 616 1301 675 ut
1346 608 1573 675 Dionis
1620 608 1758 691 (39.
1789 607 1893 673 19.
1923 607 2192 689 3),·vid.
2243 630 2415 693 supr.
2457 628 2605 695 pag.
2639 652 2645 659 -

268 716 337 781 95
390 717 495 781 sub
556 716 648 793 5⁰,
698 722 764 781 et
810 713 1131 783 Ciceronis
1178 717 1335 793 (Att.
1385 715 1446 780 4.
1475 715 1537 781 9.
1571 717 1657 796 1),
1707 716 1835 780 vid.
1888 738 2061 801 supr.
2111 735 2260 802 pag.
2311 712 2466 779 241.
2520 752 2605 764 --

268 823 419 903 Quod
474 842 663 907 supra
712 822 961 887 ostendi
980 872 996 901 ,
1052 824 1215 888 hanc
1267 822 1483 909 legem
1539 823 1618 887 ab
1665 822 2084 907 optimatibus
2129 842 2609 907 nonnumquam

268 930 570 1015 diligenter
628 929 823 993 verbio
883 950 1019 995 esse
1080 928 1448 1016 neglectam
1506 936 1683 1016 (pag.
1741 927 1869 993 100
1893 933 2035 1013 sq.),
2097 928 2165 993 id
2227 910 2396 993 certe
2444 927 2608 992 nihil

264 1038 500 1121 pertinet
544 1034 623 1100 ad
669 1039 1107 1121 quaestionem
1155 1056 1315 1121 quae
1363 1041 1461 1101 est
1510 1035 1587 1101 de
1634 1038 1774 1100 iure
1821 1035 2016 1099 huius
2059 1033 2258 1121 legis;
2299 1034 2368 1098 id
2407 1040 2610 1099 osten-

268 1142 345 1206 dit
384 1141 816 1206 tantummodo
836 1190 852 1219 ,
898 1140 1114 1228 legem
1158 1140 1389 1206 multis
1435 1140 1854 1226 displicuisse.

334 1246 442 1312 Sed
496 1247 598 1312 161
663 1268 859 1332 quam
922 1248 1042 1313 sub
1088 1248 1161 1311 4⁰
1208 1250 1395 1333 posui
1442 1247 1644 1312 semel
1687 1250 1886 1311 etiam
1933 1246 2098 1311 facto
2145 1244 2440 1333 neglecta
2489 1250 2604 1312 est.

261 1352 319 1416 Id
374 1353 731 1419 huiusmodi
804 1354 947 1418 fuit.
1025 1355 1101 1418 A.
1154 1352 1239 1417 54
1303 1354 1430 1419 Sen
1479 1351 1678 1419 Ctum
1741 1353 1985 1417 factum
2047 1358 2180 1430 est,
2229 1358 2306 1417 ut
2351 1356 2612 1438 propter

262 1459 545 1524 ambitum
606 1480 835 1525 eorum
896 1462 1009 1545 qui
1070 1466 1215 1523 tum
1281 1458 1691 1525 consulatum
1748 1465 2038 1544 peterent
2088 1461 2402 1536 „tacitum
2448 1457 2611 1522 iudi-

260 1565 448 1628 cium'’
496 1565 671 1630 fieret
722 1568 830 1642 „in
878 1565 1166 1653 sing-ulos
1214 1565 1649 1643 candidatos”,
1698 1572 1844 1630 ante
1892 1568 2154 1630 comitia
2183 1563 2230 1645 ¹)
2249 1587 2264 1643 ;
2314 1564 2410 1629 M.
2460 1566 2612 1629 Por-

259 1672 377 1733 cius
418 1668 567 1735 Cato
612 1678 867 1757 praetor
910 1672 1031 1737 hoc
1078 1674 1589 1757 excogitaverat,
1642 1678 1707 1737 et
1753 1680 2048 1736 senatum
2091 1676 2498 1757 permoverat
2533 1677 2610 1735 ut

258 1776 363 1839 hoc
414 1776 597 1841 modo
660 1775 1025 1842 candidatos
1090 1797 1375 1843 coercere
1425 1783 1777 1842 conaretur.
1830 1777 2058 1842 Paullo
2101 1784 2324 1863 postea
2368 1780 2609 1843 iterum

260 1880 365 1947 Sen
398 1879 591 1947 Ctum
636 1883 881 1947 factum
929 1889 1059 1961 est,
1108 1890 1183 1947 ut
1230 1904 1304 1949 ea
1350 1904 1450 1949 res
1499 1883 1579 1948 ad
1626 1882 1943 1969 populum
1988 1884 2262 1949 ferretur
2307 1904 2345 1948 a
2391 1904 2610 1948 consu-

264 1986 407 2053 libus
464 1994 529 2053 et
586 1990 685 2052 Iex
744 1991 819 2053 de
878 1989 1062 2052 tacito
1124 1990 1352 2053 iudicio
1412 1990 1612 2055 fieret.
1660 1990 1736 2054 In
1783 1991 1902 2055 hoc
1950 1989 2076 2055 Sen
2123 1988 2246 2057 Cto
2292 1992 2606 2076 scriptum

263 2102 405 2159 erat:
466 2098 563 2173 „si
622 2098 737 2181 qui
795 2098 1253 2161 intercessisset
1299 2096 1457 2183 (legi
1504 2095 1579 2161 de
1629 2099 1825 2161 tacito
1873 2096 2158 2177 iudicio),
2204 2117 2306 2161 res
2351 2099 2610 2182 integra

262 2200 604 2267 referretur”
668 2201 827 2282 (vid.
876 2202 1019 2267 adn.
1077 2203 1161 2284 1).
1226 2200 1450 2288 Itaque
1496 2209 1642 2267 tum
1687 2209 1944 2268 senatus
1991 2205 2129 2287 ipse
2173 2202 2443 2267 Decreto
2489 2225 2606 2269 suo

262 2306 511 2392 neglexit
564 2306 735 2372 illud
796 2314 989 2394 caput
1048 2308 1214 2395 legis
1275 2307 1533 2375 Clodiae
1582 2309 1750 2394 quod
1797 2309 2056 2374 vetabat
2101 2309 2408 2374 intercedi
2455 2330 2607 2375 cum

258 2410 339 2475 lex
392 2414 695 2491 ferretur;
762 2413 1027 2479 fortasse
1072 2416 1227 2481 haec
1274 2414 1559 2480 clausula
1606 2413 1822 2480 addita
1869 2420 1966 2480 est
2011 2414 2088 2479 de
2134 2418 2450 2479 sententia
2496 2414 2606 2479 ali-

259 2522 405 2583 cuius
468 2522 579 2605 qui
640 2523 734 2585 rei
780 2520 993 2605 palam
1042 2520 1259 2586 favens
1307 2520 1476 2586 clam
1524 2524 1583 2585 ei
1629 2520 2090 2585 adversaretur.
2143 2518 2452 2587 Consules
2497 2542 2604 2586 au-

260 2633 393 2702 tem,
454 2627 605 2691 huic
668 2624 793 2691 Sen
850 2624 971 2692 Cto
1017 2627 1341 2704 obsecuti,
1390 2626 1606 2714 legem
1651 2625 2234 2713 promulgaverunt
2281 2626 2359 2691 de
2407 2629 2603 2692 tacito

258 2730 455 2797 iudicio
470 2782 489 2810 ,
558 2732 671 2797 sed
738 2735 895 2819 ipsis
964 2754 1064 2797 res
1132 2754 1361 2818 parum
1429 2732 1740 2819 placebat.
1811 2733 2036 2818 Itaque
2106 2754 2257 2797 cum
2325 2736 2606 2798 venisset

258 2835 363 2901 dies
424 2860 546 2923 quo
612 2837 717 2903 161
780 2838 1129 2916 ferebatur,
1210 2844 1275 2904 et
1344 2838 1765 2904 intercederet
1842 2838 2179 2903 Terent-ius
2249 2838 2398 2902 trib.
2470 2837 2560 2924 pl.
2583 2886 2600 2917 ‚

258 2942 501 3009 consules
569 2966 698 3009 non
760 2944 1181 3031 neglexerunt
1244 2967 1388 3011 eam
1448 2947 1966 3010 intercessionem
1985 2992 2002 3021 ,
2069 2963 2462 3029 quamquam
2523 2966 2602 3009 ex

257 3044 369 3133 lege
429 3048 649 3116 Clodia
720 3050 789 3115 id
857 3051 1061 3116 facere
1134 3054 1223 3117 eis
1290 3051 1524 3117 licebat
1542 3100 1557 3128 ,
1629 3050 1738 3116 sed
1806 3049 2098 3137 neglecta
2164 3048 2310 3136 lege
2382 3048 2606 3115 Clodia

256 3172 366 3217 eam
427 3162 803 3241 acceperunt
822 3198 855 3233 ,-
909 3162 974 3222 et
1043 3178 1182 3222 rem
1252 3156 1333 3221 ad
1401 3162 1696 3221 senatum
1759 3156 2182 3233 rettulerunt,
2247 3162 2324 3219 ut
2381 3155 2604 3220 scribit

256 3254 473 3326 Cicero:
540 3262 739 3343 „(le.z·)
786 3270 992 3345 coepta
1020 3264 1202 3349 ferri
1248 3263 1481 3340 leviter,
1530 3264 2062 3326 intercessum
2107 3285 2256 3325 non
2303 3260 2606 3325 invitis

260 3367 607 3447 (comum)
620 3396 651 3443 ,·
716 3390 811 3431 ree
872 3370 957 3431 ad
1010 3368 1347 3433 senatum”.
1420 3367 1695 3433 Senatus
1757 3374 1902 3433 tum
1947 3370 2085 3453 ipse
2133 3388 2386 3454 quoque
2430 3367 2603 3432 haud

256 3469 461 3537 invitus
520 3476 743 3539 omisit
804 3496 943 3539 rem
988 3477 1331 3559 inceptam.
1383 3513 1466 3523 -
1516 3474 1854 3539 Praeterea
1898 3475 2052 3539 haec
2097 3473 2202 3539 161
2247 3495 2601 3560 numquam

260 3572 407 3640 factis
446 3577 737 3665 neglecta
785 3586 901 3644 est.
953 3579 1204 3645 Multae
1249 3580 1425 3667 leges
1473 3581 1734 3666 quidem
1779 3579 1950 3645 latae
1999 3586 2149 3645 sunt
2194 3584 2362 3646 inter
2408 3600 2604 3646 annos

262 3676 327 3743 58
384 3690 443 3746 et
510 3683 617 3761 42,
686 3705 845 3770 quas
906 3686 1353 3751 intercedendo
1416 3692 1530 3751 aut
1594 3686 2028 3751 obnuntiando
2091 3686 2286 3751 multi
2330 3686 2606 3753 libenter

262 3784 590 3870 impedituri
656 3791 927 3857 fuissent
988 3796 1043 3857 si
1104 3791 1395 3858 licuisset
1444 3798 1569 3871 (ex.
1619 3814 1718 3879 gr.
1770 3812 1824 3856 a.
1881 3790 1966 3859 57
2018 3793 2094 3857 de
2139 3791 2463 3859 Ciceronis
2511 3813 2604 3857 re-

261 3886 403 3969 ditu,
463 3915 517 3959 a.
568 3895 655 3959 55
716 3894 823 3961 161
884 3896 1232 3976 Trebonia,
1286 3918 1343 3963 a.
1396 3896 1481 3962 52
1530 3897 1710 3984 leges
1758 3897 2134 3985 Pompeiae,
2187 3919 2243 3963 a.
2293 3898 2378 3962 44
2423 3896 2602 3985 leges

262 3994 529 4064 Antoniae
548 4050 564 4078 ‚
614 4000 825 4082 aliae),
874 4003 985 4068 sed
1030 4026 1153 4069 non
1201 4002 1406 4069 licuit.
1459 4005 1742 4089 Apparet
1786 4007 2012 4090 igitur,
2054 4010 2200 4089 post
2238 4025 2295 4069 a.
2332 4003 2418 4069 58
2460 4009 2603 4070 tum

265 4158 425 4171 ——

314 4262 359 4327 1)
387 4266 487 4317 vid.
524 4270 766 4318 Dramann
803 4270 833 4317 8
868 4284 974 4333 pag.
1016 4270 1045 4317 5
1080 4284 1149 4331 sq.
1184 4270 1234 4316 et
1273 4270 1301 4314 5
1336 4282 1444 4332 pag.
1484 4266 1606 4325 172;
1645 4265 1743 4315 cio.
1785 4266 1883 4316 Att.
1915 4267 1962 4315 4.
1985 4263 2111 4316 128
2145 4266 2270 4315 Boot
2299 4269 2374 4327 (=
2402 4268 2450 4316 4.
2475 4264 2602 4315 16AE

264 4342 425 4407 0rell.);
462 4348 585 4401 Plus.
622 4350 727 4399 Cet.
770 4350 887 4398 min.
920 4350 1003 4398 44.
