3192 5009
588 162 721 229 236
1387 182 1471 227 nn
1517 182 1669 228 1111111
1716 181 2169 229 onnunrmmr.

586 370 737 414 eum
782 350 1030 413 venisse
1077 352 1152 411 ut
1198 350 1526 414 nuntiaret
1565 350 1726 433 quod
1765 371 1900 413 vere
1935 355 2201 412 senserat
2238 348 2375 427 (cfr.
2402 369 2548 435 pag.
2579 346 2660 412 81
2692 346 2825 413 adn.
2856 347 2946 427 1),·

584 462 730 541 11661
790 475 845 519 6.
898 454 982 520 58
1047 451 1267 520 Cicero
1330 455 1411 519 ad
1472 455 1846 519 inimicorum
1909 456 2422 520 obnuntiationes
2481 453 2646 520 solas
2709 453 2947 518 adhibet

583 561 932 627 formulam
1006 562 1126 639 „de
1197 560 1369 626 caelo
1440 561 1736 627 servare'’
1805 565 1876 626 in
1950 563 2364 627 orationibus.
2441 560 2567 627 Sed
2635 561 2716 625 ad
2781 560 2946 625 illam

584 671 1012 755 suspicionem
1098 668 1597 734 confirmandam
1617 718 1633 746 ,
1718 666 1937 735 Cicero
2006 671 2213 753 specie
2283 669 2560 754 quadam
2627 668 2949 734 verborum

578 777 803 852 laudat
845 781 959 842 aut
997 782 1165 842 certe
1206 781 1468 842 excusat
1506 775 1847 842 consilium
1883 774 2139 841 Serrani
2175 782 2241 841 et
2277 777 2507 862 Appii,
2550 782 2615 841 et
2653 775 2720 840 id
2757 772 2948 839 multo

581 859 817 950 melius
880 884 1078 948 fuisse
1136 883 1294 947 dicit
1357 904 1552 969 quam
1614 887 1755 950 vim
1813 883 2300 949 immoderatam
2354 904 2550 969 quam
2595 882 2950 948 adhibuerat

584 988 879 1068 Clodius;
930 990 1086 1054 dicit
1132 992 1307 1055 enim
1350 1010 1504 1054 eum
1551 993 1663 1075 qui
1707 991 2168 1055 intercessurus
2213 990 2422 1055 fuerat
2463 991 2805 1067 „laesurum
2842 988 2952 1073 qui-

583 1100 712 1161 dem
756 1096 971 1182 fuisse
1015 1095 1476 1177 rempublicam''
1524 1100 1703 1183 (quia
1752 1096 1896 1162 odio
1947 1094 2268 1162 Ciceronis
2317 1097 2546 1162 ductus
2592 1119 2718 1162 non
2767 1114 2954 1161 serva-

583 1204 692 1269 bat
751 1200 967 1287 legem
1031 1198 1372 1281 Clodiam),
1438 1202 1547 1267 sed
1610 1208 1826 1269 tamen
1890 1224 2040 1269 eum
2101 1203 2234 1267 iure
2293 1203 2361 1267 id
2407 1204 2602 1269 fuisse
2649 1204 2953 1268 facturum

584 1309 746 1391 (scil.
812 1311 963 1394 quia
1009 1308 1371 1393 praestabat
1416 1306 1633 1395 1636111
1683 1307 1973 1375 Clodiam
2019 1331 2144 1373 non
2193 1312 2497 1389 servari);
2548 1316 2613 1375 et
2661 1330 2810 1374 eum
2856 1310 2956 1393 qui

585 1417 1083 1482 obnuntiaturus
1121 1414 1328 1479 fuerat
1364 1414 1627 1502 plagam
1668 1417 1929 1502 quidem
1971 1416 2322 1482 allaturum
2358 1417 2555 1482 fuisse
2586 1415 2956 1502 reipublicae

585 1526 762 1609 (quia
810 1519 1099 1588 Ciceroni
1145 1528 1364 1586 contra
1407 1521 1624 1609 legem
1673 1523 1996 1604 nocebat),
2047 1522 2158 1588 sed
2203 1530 2417 1589 tamen
2470 1513 2753 1605 „plaqdm
2799 1546 2958 1607 quam

581 1652 813 1711 qemere
846 1635 1052 1710 posset
1099 1628 1501 1710 respubbica’z
1553 1629 1691 1694 scil.
1740 1633 1891 1716 quia
1935 1631 2267 1695 mortifera
2312 1630 2531 1694 futura
2575 1651 2701 1695 non
2748 1630 2960 1693 fuisset

585 1741 651 1801 et
698 1756 846 1800 cum
896 1734 1109 1799 dolore
1158 1734 1420 1819 quidem
1468 1736 1619 1799 ferri
1638 1785 1653 1814 ,
1705 1736 1815 1800 sed
1863 1742 2079 1801 tamen
2126 1736 2313 1813 ferri,
2364 1742 2578 1822 posset
2605 1733 2678 1814 ³).
2722 1774 2806 1784 —
2848 1733 2961 1799 Sed

585 1846 641 1909 si
703 1844 1102 1928 quaerimus,
1167 1840 1486 1906 undenam
1534 1839 1754 1908 Cicero
1800 1843 1955 1908 11666
2002 1844 2216 1907 61111116
2265 1845 2422 1907 66116
2467 1845 2754 1927 potuerit
2773 1890 2789 1920 ‚
2837 1840 2962 1907 Ser-

584 1970 817 2016 ranum
846 1948 1062 2035 fuisse
1106 1950 1600 2013 intercessurum
1649 1955 1714 2014 61
1758 1951 2046 2035 Appium
2077 1949 2292 2035 fuisse
2339 1950 2869 2021 obnuntiaturum
2912 1951 2961 2011 si

587 2076 747 2142 opus
803 2054 1067 2130 fuisset,
1134 2075 1284 2118 cum
1343 2058 1721 2141 praesertim
1785 2052 2004 2121 Cicero
2066 2058 2207 2141 ipse
2256 2061 2401 2119 111111
2447 2054 2643 2141 161136
2689 2056 2770 2121 ab
2817 2054 2961 2119 urbe

586 2163 834 2229 abesset
853 2210 870 2239 ,
936 2159 1118 2225 facile
1183 2167 1444 2247 apparet
1505 2162 1621 2226 has
1669 2182 1888 2226 omnes
1934 2182 2069 2226 esse
2116 2181 2329 2226 meras
2377 2160 2731 2225 calumnias
2750 2210 2767 2239 ,
2817 2164 2963 2227 eius-

584 2268 765 2334 modi
810 2267 1043 2353 quibus
1094 2269 1330 2331 oratori
1384 2268 1647 2353 quidem
1694 2270 1795 2331 1111
1840 2268 2029 2333 116661
2070 2267 2429 2353 quibusque
2468 2264 2688 2333 Cicero
2727 2265 2964 2332 abunde

584 2377 687 2440 uti
757 2371 956 2438 661661
1024 2376 1093 2436 111
1163 2375 1587 2451 orationibus,
1663 2374 1773 2439 sed
1835 2395 1995 2459 quae
2063 2374 2244 2439 nobis
2306 2372 2569 2438 inutiles
2636 2376 2767 2437 sint
2826 2393 2964 2437 cum

588 2501 969 2568 quaeramus
1015 2480 1172 2565 quid
1218 2501 1366 2545 vere
1414 2481 1658 2546 factum
1707 2483 1812 2545 sit.

677 2586 801 2651 Sed
863 2591 1080 2651 16111611
1124 2588 1226 2651 1116
1272 2586 1614 2652 calumniis
1662 2608 1740 2653 ne
1793 2585 2013 2653 Cicero
2062 2587 2322 2672 quidem
2371 2589 2473 2651 uti
2517 2589 2871 2672 potuisset,
2917 2587 2966 2648 si

584 2716 900 2778 numquam
940 2691 1228 2758 licuisset
1271 2697 1551 2779 praetori
1597 2695 1854 2759 tribuno
1904 2692 1991 2780 pl.
2041 2693 2254 2781 1636111
2301 2693 2531 2758 ferenti
2582 2693 2962 2759 obnuntiare.

583 2802 754 2867 Nam
798 2801 918 2865 hoc
964 2799 1176 2864 solum
1224 2797 1444 2865 Cicero
1495 2800 1764 2866 Serrano
1814 2806 1879 2866 61
1927 2802 2135 2887 Appio
2174 2803 2498 2885 imputare
2537 2805 2829 2879 conatur,
2874 2818 2965 2863 eos

582 2908 800 2994 legem
862 2904 1154 2973 Clodiam
1214 2928 1339 2971 non
1400 2928 1684 2972 servasse
1703 2956 1719 2985 ,
1787 2929 1914 2971 non
1977 2928 2161 2985 vern,
2211 2928 2314 2972 eos
2363 2913 2646 2972 evertere
2691 2905 2960 2972 voluisse

585 3019 687 3080 ius
750 3013 1083 3099 publicum
1147 3019 1211 3077 e't
1273 3014 1610 3079 tribunum
1669 3017 1736 3077 in
1784 3014 2071 3078 ordinem
2120 3034 2364 3100 cogere.
2413 3015 2697 3099 Apparet
2743 3016 2958 3101 igitur,

585 3126 732 3187 ante
779 3141 1018 3185 annum
1066 3118 1151 3184 58
1201 3126 1265 3185 et
1308 3119 1525 3207 legem
1574 3119 1866 3187 Clodiam
1912 3121 2149 3199 latam,
2200 3124 2515 3207 praetori,
2565 3124 2607 3185 i.
2637 3143 2692 3186 6.
2739 3122 2962 3206 1116316-

588 3231 790 3295 1161111
848 3229 1117 3313 patricio
1138 3273 1154 3303 ‚
1218 3234 1606 3312 potestatem
1666 3228 1861 3293 fuisse
1921 3228 1996 3293 de
2063 3227 2235 3293 caelo
2284 3228 2573 3294 servandi
2621 3235 2687 3293 et
2738 3230 2957 3294 obnun-

587 3335 823 3412 tiandi,
874 3355 1024 3398 cum
1069 3334 1364 3398 tribunus
1414 3333 1657 3420 aliquid
1706 3334 1785 3399 ad
1831 3334 2085 3421 plebem
2130 3335 2342 3400 ferret.

680 3442 903 3527 Itaque
969 3440 1117 3505 hinc
1180 3433 1556 3505 deducimur
1620 3440 1697 3506 ad
1758 3444 2197 3527 quaestionem
2256 3442 2331 3507 de
2392 3445 2532 3507 iure
2592 3443 2766 3528 quod
2808 3445 2961 3506 inter

588 3571 783 3617 annos
859 3546 987 3613 154
1057 3553 1123 3611 et
1193 3545 1278 3611 58
1340 3549 1407 3610 in
1471 3548 1590 3612 hac
1654 3554 1832 3633 parte
1895 3547 2124 3613 valuit.
2189 3547 2343 3613 Fuit
2404 3549 2472 3613 id
2519 3555 2778 3635 tempus
2822 3566 2959 3612 cum

588 3657 831 3724 valeret
875 3654 981 3719 lex
1029 3653 1211 3719 Aelia
1256 3653 1472 3731 Fufia,
1524 3675 1720 3739 quam
1768 3652 2032 3721 Clodius
2079 3655 2419 3742 abrogavit
2466 3655 2622 3736 (vid.
2672 3676 2806 3741 cap.
2851 3652 2954 3731 V);

667 3900 709 3959 l)
743 3898 839 3947 Cic.
877 3900 997 3947 8661.
1034 3897 1222 3949 86.''18:
1273 3913 1413 3946 ,116111
1448 3897 1488 3946 61
1527 3897 1856 3948 obnuntiasset
1892 3897 2106 3947 Fabricio
2141 3898 2183 3946 is
2221 3901 2434 3963 praetor,
2473 3898 2557 3962 qui
2589 3914 2638 3947 66
2673 3910 2874 3947 servasse
2905 3892 2957 3939 de

589 3981 720 4030 caclo
753 3979 963 4040 dixerat,
998 3980 1251 4045 accepisset
1287 3979 1553 4045 respublica
1589 3980 1809 4046 plagam,
1849 3982 1929 4029 sed
1969 3996 2072 4029 cam
2109 3996 2250 4045 quam
2286 3984 2526 4046 acceptam
2563 3997 2754 4045 gemere
2786 3978 2960 4043 11666611

590 4064 630 4112 si
669 4063 1008 4112 intercessisset
1040 4062 1221 4127 collega
1255 4062 1501 4124 Fabricio,
1539 4064 1752 4112 laesisset
1783 4062 2154 4129 rempublicam,
2184 4064 2263 4112 sed
2294 4064 2398 4113 iure
2427 4062 2685 4112 1666166613·
2729 4066 2791 4112 Dc
2817 4055 2958 4108 verbis

596 4146 816 4211 ,plagam
850 4161 991 4208 quam
1025 4161 1212 4209 gemere
1247 4150 1405 4211 posset
1442 4145 1740 4211 respublica”
1777 4147 1879 4196 sine
1912 4162 2053 4195 661166
2085 4144 2305 4195 dubitare
2340 4146 2461 4194 mibi
2493 4146 2718 4195 videntur
2748 4158 2851 4193 cum
2882 4137 2956 4186 alii

593 4233 699 4278 tum
734 4227 893 4290 Lange
927 4226 1031 4290 (xl.
1068 4227 1205 4276 Scbr.
1243 4229 1269 4276 1
1306 4243 1411 4292 pag.
1450 4227 1546 4279 317
1584 4244 1631 4276 n.
1671 4229 1744 4289 2);
1798 4228 1913 4277 haec
1952 4227 2093 4277 verba
2126 4227 2252 4276 idem
2289 4227 2557 4291 significant
2590 4228 2715 4292 quod
2754 4223 2954 4290 ‚plagam

594 4325 715 4375 quae
747 4307 997 4358 mortifera
1029 4324 1126 4358 non
1160 4306 1331 4368 66661”,
1367 4325 1458 4372 qua
1493 4310 1705 4360 formula
1740 4310 1908 4359 Cicero
1944 4310 2098 4359 utitur
2132 4309 2295 4360 vatin.
2338 4311 2384 4359 8.
2404 4309 2485 4360 20.
