3192 5009
1166 287 1604 349 rnt'rrmonus.
2441 280 2576 350 291

230 473 363 532 tura
398 466 603 546 σχεδὸν
648 465 817 532 οὐδὲν
862 466 1027 530 dixit
1074 464 1462 532 Plutarchus
1484 515 1501 544 ,
1550 469 1705 553 quia
1749 471 1999 553 praeter
2045 488 2187 532 ossa
2225 470 2426 534 crines
2461 467 2580 532 diu

230 579 359 659 post
396 578 655 639 mortem
703 593 1074 658 permanere
1124 571 1420 639 assolent.

312 679 377 744 P.
419 677 539 744 578
558 678 631 744 F.
695 680 856 744 Post
916 677 1215 743 lacunam
1277 678 1476 744 ποτὲ
1526 681 2146 758 συμφιλοσοφοῦντες
2197 663 2580 758 διετρίβομεν

228 785 341 861 ἐγὼ
400 787 496 850 καὶ
561 784 831 851 Πλάτων
894 784 998 848 καὶ
1062 783 1407 849 Ἐλλοπίων
1473 784 1500 848 ὃ
1567 785 1946 862 Πεπαρήθιος
2009 788 2220 869 prima
2266 785 2496 850 vocula
2543 806 2578 851 e

228 889 393 954 τότε
432 875 771 977 depravata
814 891 1093 956 videtur.
1144 887 1240 956 Of.
1290 892 1488 955 etiam
1527 911 1591 975 p.
1635 887 1768 956 5¹79
1795 891 1872 955 A.
1923 889 2060 971 Quo
2098 897 2349 977 recepto
2387 893 2580 980 scrip-

224 999 423 1062 serim:
466 1000 831 1078 γράμματα
877 997 941 1061 δὲ
990 996 1206 1060 πολλοὶ
1250 994 1399 1076 παρ’
1444 993 1840 1072 Ἀγησιλάου
1879 995 2138 1075 κομίζων
2178 995 2580 1077 ’Λγητορίδης

224 1104 251 1167 ὅ
292 1106 671 1182 Σπαρτιάτης
718 1099 857 1179 ἧκεν
904 1103 987 1172 εἷς
1042 1100 1312 1181 Μέμφιν
1357 1103 1433 1171 ὡς
1488 1100 1786 1183 Χόνουφιν
1836 1102 1939 1167 τὸν
1986 1103 2326 1182 προφήτην,
2377 1102 2579 1184 (παρ’

222 1202 399 1290 ᾧπερ)
442 1208 631 1275 τότε
679 1210 1293 1288 συμφιλοσοφοῦντες
1344 1195 1729 1284 διετρίβομεν
1778 1208 1908 1272 κτέ.
1957 1207 2128 1273 Nam
2165 1207 2582 1274 Bernardaki-

223 1335 391 1378 anum
442 1314 973 1401 supplementum
1040 1313 1189 1392 παρ’
1258 1305 1303 1394 ᾧ
1348 1312 1648 1378 lacunam
1696 1320 1838 1378 octo
1885 1314 2256 1380 litterarum
2302 1335 2430 1379 non
2475 1335 2580 1380 ex-

226 1420 356 1506 plot.
418 1420 551 1487 Sub
617 1421 750 1487 litt.
816 1420 871 1486 B
930 1422 1214 1506 corrigo:
1282 1421 1550 1494 δεόμενοι
1615 1421 1944 1492 Πλάτωνος
2015 1422 2090 1492 ὦς
2155 1424 2578 1500 γεωμετρικοῦ

223 1533 380 1592 λῦσαι
419 1529 703 1609 χρησμὸν
752 1527 963 1598 αὐτοῖς
1013 1522 1242 1590 ἄτοπον
1294 1525 1408 1589 ὑπὸ
1458 1529 1563 1589 τοῦ
1613 1527 1742 1590 θεοῦ
1785 1525 2318 1605 προβεβλημένον.
2359 1525 2429 1602 ἦν
2470 1527 2577 1593 δ’ὁ

224 1634 463 1711 χρησμός
526 1639 671 1720 (pro
720 1629 785 1706 ἦν
834 1633 913 1696 δὲ
959 1631 1291 1712 χρησμός),
1342 1635 1591 1705 Δηλίοις
1643 1669 1728 1680 —-
1778 1635 2034 1696 παῦλαν
2074 1637 2192 1696 τῶν
2239 1669 2325 1680 -
2373 1639 2578 1697 κακῶν

224 1739 431 1804 ἔσεσθαι
479 1740 607 1804 κτὲ.

298 1845 363 1910 Ρ.
406 1843 533 1912 579
560 1844 641 1910 D.
715 1841 1091 1922 βουλόμενος
1143 1843 1286 1920 ὑμῖν
1331 1843 1621 1924 γνωρίσαι
1669 1843 1774 1909 τὸν
1823 1842 2007 1922 ξένον,
2059 1843 2250 1924 ἄνδρα
2296 1853 2575 1922 γενναῖον

226 1951 317 2024 μὲν
368 1954 544 2016 αὐτὸν
607 1951 753 2016 ὄντα
802 1951 973 2028 μετὰ
1024 1951 1315 2028 γενναίας
1367 1950 1430 2014 δὲ
1476 1949 1579 2014 καὶ
1631 1958 1830 2023 καλῆς
1877 1950 2232 2030 ἀφιγμένον
2277 1957 2387 2024 τῆς
2437 1975 2578 2029 προ-

230 2057 469 2134 αιρέσεως
517 2059 559 2098 ¹*
582 2059 621 2097 ¹*
670 2055 738 2132 ἐξ
782 2059 1069 2127 Ἰταλίας
1119 2062 1235 2120 τῶν
1285 2056 1714 2134 Πυθαγορικῶν
1760 2055 2092 2142 Xylander
2139 2056 2396 2143 supplet
2444 2057 2577 2122 ἔστι

229 2159 279 2224 δέ
320 2186 435 2240 τις,
481 2161 905 2228 Bernardakis
951 2161 1094 2240 πρὶς
1144 2163 1311 2236 ήμᾶς
1360 2160 1467 2226 vel
1516 2165 1683 2239 ήμῒν,
1733 2183 1853 2248 ego
1901 2161 2130 2228 malim
2181 2162 2570 2242 πεμψάντων

228 2275 446 2354 propter
502 2269 721 2336 locum
768 2291 830 2355 p.
886 2266 1016 2333 583
1043 2264 1115 2345 O,
1164 2268 1277 2332 ubi
1321 2269 1460 2352 ipse
1506 2268 1738 2353 hospes
1785 2265 1902 2332 ille
1951 2268 2136 2332 dicit:
2191 2269 2564 2343 ἀπεστάλην

228 2373 325 2448 ἐγὼ
365 2373 477 2446 νέος
527 2376 632 2440 καὶ
683 2369 766 2446 εἷς
810 2375 925 2439 ὑπὸ
967 2379 1209 2438 πολλῶν
1254 2373 1357 2436 καὶ
1400 2371 1846 2452 πρεσβυτέρων.
1887 2360 2143 2438 Lacuna
2181 2379 2278 2440 est
2321 2381 2572 2462 septem

228 2475 545 2546 litterarum
588 2484 660 2545 in
704 2479 781 2558 Ε,
830 2478 1129 2544 undecim
1176 2481 1246 2542 in
1292 2477 1346 2542 Β
1392 2483 1555 2544 teste
1603 2479 1864 2544 editore.

298 2585 358 2649 P.
402 2586 529 2653 582
554 2588 633 2652 A.
706 2586 812 2651 καὶ
878 2585 1219 2664 κυβερνήτῃ
1278 2585 1703 2662 πελάγους
1766 2583 2051 2662 φθόγγος
2116 2583 2351 2665 ὄρνιθος.
2417 2583 2563 2672 Ipse

230 2687 667 2779 olimproposui
705 2693 1149 2769 πελαγίου,
1189 2690 1806 2756 Bemardakisnunc
1847 2693 2298 2768 πελαγίας.
2331 2690 2572 2758 Utrum

232 2800 403 2864 verius
444 2803 527 2866 sit
545 2849 563 2878 ,
612 2819 873 2886 prorsus
918 2800 1240 2862 incertum
1286 2801 1403 2862 est.

297 2903 360 2968 P.
402 2903 524 2972 587
550 2903 686 2974 OD.
750 2906 891 2969 τίνα
952 2904 1093 2982 πρὸς
1159 2903 1298 2975 τοὺς
1367 2899 1589 2978 ἄνδρας
1655 2900 2150 2980 ἐξαπέστειλας,
2216 2903 2266 2968 εἲ
2316 2905 2444 2982 γὰρ
2495 2906 2562 2970 οὐ

232 3009 356 3075 τθλυ
407 3014 956 3092 προείληφας,
1024 3008 1382 3086 διωξόμεθα.
1444 3006 1674 3074 Verius
1735 3009 2008 3075 arbitror
2055 3010 2566 3090 προείληφε,

232 3133 295 3177 sc.
346 3118 395 3180 ei
436 3141 599 3202 quem
644 3117 882 3181 misisti.
941 3115 1207 3202 Saepius
1255 3113 1642 3180 Plutarchus
1688 3119 1765 3178 ut
1809 3113 2104 3180 Zosimus
2152 3114 2389 3201 aliique
2438 3140 2574 3194 προ-

235 3224 541 3298 λαμβάνειν
584 3226 769 3310 ponit
812 3243 927 3309 pro
973 3222 1229 3304 φθάνειν
1279 3223 1414 3285 sive
1462 3219 1850 3299 προφθάνειν.

303 3326 364 3390 Ρ.
407 3328 529 3394 589
552 3329 629 3394 Ε.
702 3322 767 3402 ἦς
832 3329 1209 3401 ἀπήλλακτο
1276 3327 1608 3406 Σωκράτης
1675 3325 1703 3389 ὃ
1766 3326 1996 3405 ἑταῖρος
2068 3329 2253 3402 ήμῶν.
2321 3325 2572 3396 Nomen

237 3435 546 3516 proprium,
596 3434 767 3520 quod
811 3433 1169 3521 elegantius
1216 3433 1497 3510 abesset,
1546 3433 1819 3516 scriptor
1865 3431 2131 3497 fortasse
2172 3432 2452 3513 addidit,
2496 3441 2572 3499 ut

240 3531 506 3620 duplicem
542 3540 865 3606 vocalium
904 3560 1286 3605 concursum
1334 3540 1627 3602 evitaret.
1677 3537 1939 3602 Poterat
1986 3543 2203 3603 tamen
2251 3533 2316 3610 ἧς
2367 3541 2572 3614 ἀπήλ-

240 3642 390 3722 λαχθ’
428 3646 454 3709 ὃ
498 3647 729 3725 ἑταῖρος
781 3647 969 3722 ήμῶν.

308 3746 367 3811 Ρ.
410 3749 531 3817 593
553 3752 632 3817 A.
696 3751 865 3833 Quid
923 3752 1202 3817 moverit
1250 3749 1562 3814 editorem
1615 3748 1695 3813 ed
1741 3747 2147 3814 scribendum
2195 3751 2569 3825 ἐπιμέλεται

241 3866 327 3930 pro
378 3857 655 3924 codicum
719 3857 990 3923 lectione
1061 3856 1457 3932 ἐπιμελεῖται
1526 3875 1633 3919 me
1700 3853 1880 3918 latet.
1954 3851 2346 3952 Titulorung
2389 3857 2566 3922 enim

244 3957 568 4030 testimoniis
611 3969 889 4042 constat,
938 3968 1080 4049 post
1119 3960 1176 4025 V
1215 3983 1269 4026 a.
1315 3960 1464 4028 Chr.
1507 3959 1796 4024 seculum
1837 3959 2000 4025 hanc
2040 3959 2316 4025 formam
2355 3963 2568 4048 magis

246 4068 521 4154 magisque
562 4069 911 4136 invaluisse
930 4117 946 4146 ,
995 4089 1269 4154 vereque
1317 4068 1539 4132 scribit
1583 4064 2014 4132 Meisterhans
2059 4087 2122 4151 p.
2177 4065 2307 4131 139
2359 4068 2456 4132 ed.
2507 4065 2572 4134 II

252 4165 359 4238 „die
396 4171 571 4240 Form
616 4177 1033 4252 ἐπιμελοῦμαι
1084 4177 1173 4240 ist
1218 4195 1347 4240 von
1390 4173 1520 4238 380
1563 4195 1626 4238 v.
1655 4171 1724 4238 G.
1765 4192 1846 4237 an
1886 4173 2010 4238 fast
2049 4175 2260 4259 einzig
2283 4173 2567 4241 iiblich''.

316 4271 377 4337 P·
418 4277 535 4346 595
558 4283 633 4346 A.
684 4290 806 4352 τοῖς
859 4280 1001 4345 ὑπὸ
1050 4280 1149 4345 πό
1168 4294 1199 4342 λ
1228 4303 1243 4342 ι
1268 4304 1297 4343 ν
1344 4287 1637 4359 φρουροῖς.
1688 4277 2111 4344 Bernardakis
2157 4287 2567 4346 annotantem

258 4373 400 4446 „sm-t.
462 4387 569 4451 ὑπὸ
633 4389 742 4462 τὴν
803 4385 1173 4466 ὥκρόπολιν”
1234 4388 1523 4471 suspicor
1584 4384 1917 4450 Plutarchi
1978 4405 2176 4450 usum
2223 4389 2532 4471 respicere
2549 4407 2565 4468 3
