3192 5009
409 928 555 1021 AD
616 926 1273 1019 APOLLODORI
1328 928 2118 1021 BIBLIOTHEGAE
2173 928 2600 1019 PARTIS

858 1063 1369 1158 INEDITAE
1427 1066 2104 1158 FRAGMENTA.

1357 1273 1605 1315 summu·

1012 1426 1099 1493 H.
1149 1426 1327 1493 VAN
1371 1428 1626 1495 11:me
1635 1427 1946 1495 ERDE'N.

1292 1729 1666 1773 '‘Q‘—

382 1988 687 2075 Epitoma
746 1985 1050 2053 Vaticana
1069 2036 1086 2064 ,
1147 2008 1181 2052 e
1244 1986 1455 2052 oodioe
1514 1985 1657 2052 Vat.
1724 1986 1876 2066 950,
1941 2010 2133 2075 quem
2201 1988 2451 2055 saeculo
2515 1989 2667 2055 XIV

288 2098 552 2161 exeunti
598 2096 883 2181 assignat
899 2142 915 2170 ‚
974 2114 1011 2159 a
1047 2091 1360 2158 Richardo
1401 2092 1717 2181 Wagnero
1757 2116 1958 2181 nuper
1997 2094 2168 2160 edita
2206 2094 2458 2181 Lipsiae
2498 2095 2667 2183 apud

286 2200 649 2266 Hirzelium
666 2249 684 2278 ,
746 2202 983 2287 partim
1044 2198 1377 2285 suppletur
1429 2203 1667 2285 partim
1715 2200 2035 2266 emendari
2081 2207 2292 2288 potest
2337 2223 2455 2288 ope
2501 2203 2670 2289 frag-

287 2313 659 2373 mentorum
733 2304 1234 2371 Sabaeitioorum
1254 2355 1271 2384 ‚
1340 2326 1499 2392 quae
1559 2327 1593 2371 e
1660 2307 1869 2373 codiee
1932 2306 2522 2395 Hierosolymitano
2597 2307 2664 2373 S.

288 2413 491 2479 Sabae
553 2411 705 2490 366,
778 2433 937 2477 saec.
999 2414 1259 2477 ineunte
1322 2418 1435 2477 aut
1492 2414 1706 2479 medio
1769 2412 1928 2478 XIII
1993 2417 2263 2499 scripto,
2325 2417 2393 2479 in
2438 2413 2665 2479 Museo

289 2520 596 2586 Rhenano
642 2517 867 2591 XLVI.
921 2517 1045 2583 161
1073 2540 1207 2605 sqq.
1263 2518 1533 2604 protulit
1585 2519 2033 2607 Papadopulos
2095 2520 2469 2587 Kerameus.
2518 2520 2666 2586 Huc

290 2629 569 2712 pertinet
606 2624 774 2711 quod
810 2627 1167 2690 coniectura
1214 2645 1616 2711 reppereram
1663 2647 1811 2713 pag.
1862 2622 1946 2691 37
1996 2626 2162 2713 apud
2207 2626 2435 2715 Wagn.
2481 2625 2664 2692 111.2

291 2731 694 2798 scribendum
758 2752 891 2797 esse
954 2734 987 2805 ἦ
1050 2730 1113 2795 δὲ
1178 2733 1411 2809 Φαίδρα
1472 2731 1731 2796 δείσασα
1795 2734 1884 2808 μῆ
1947 2734 2031 2814 τῷ
2108 2734 2294 2809 πατρὶ
2385 2732 2666 2815 διαβάλῃ

290 2842 533 2927 (ipsum
591 2836 1037 2925 Hyppolytus)
1108 2859 1376 2901 κατασ
1392 2838 1483 2917 χΙ
1498 2862 1720 2902 σασα
1783 2840 1900 2909 τὰς
1968 2844 2075 2903 τοῦ
2138 2840 2425 2916 θαλάμου
2487 2840 2664 2920 θύρας

292 2945 397 3008 καὶ
460 2948 579 3015 τὰς
642 2946 901 3015 ἐσθῆτας
967 2941 1354 3021 σπαράξασα
1404 2946 1844 3023 κατεψεύσατο
1894 2945 2266 3010 Ἱππολύτου
2313 2946 2363 3022 β
2379 2946 2402 3009 Ι
2419 2970 2506 3009 αν
2554 2967 2667 3033 pro

290 3049 582 3114 absurdis
626 3047 1006 3114 lectionibus
1050 3054 1470 3127 κατασχοῦσα
1522 3049 1717 3135 (quod
1757 3050 2036 3137 Wagner
2073 3073 2136 3136 p.
2185 3050 2310 3115 141
2355 3053 2664 3115 κλείσασα

264 3158 743 3241 ‘interpretatur
789 3153 951 3234 soil.)
998 3158 1062 3219 et
1106 3154 1273 3235 βίᾳ.
1322 3154 1422 3219 Ad
1467 3158 1928 3235 κατασχίσασα
1976 3157 2054 3221 cf.
2102 3156 2286 3222 Dem.
2336 3180 2399 3243 p.
2443 3155 2595 3234 540,
2624 3157 2665 3222 2

291 3268 357 3327 et
392 3260 556 3326 Xen.
594 3261 793 3325 Anab.
838 3258 956 3324 VII
999 3260 1057 3337 1,
1087 3260 1189 3325 16.
1240 3258 1364 3326 Sed
1410 3263 1559 3347 quia
1597 3283 2032 3348 quaecumque
2067 3262 2316 3328 collatis
2355 3264 2668 3351 fragmen-

290 3370 377 3432 tis
438 3367 725 3452 utrisque
788 3367 999 3451 quivis
1062 3369 1334 3451 reperiat
1413 3368 1518 3433 hio
1594 3388 2092 3434 commemorare
2168 3368 2332 3434 nihil
2401 3372 2664 3448 attinet,

293 3495 485 3562 agam
523 3471 967 3538 tantummodo
1010 3471 1085 3537 de
1123 3472 1279 3538 locis
1319 3477 1635 3560 corruptis
1677 3475 1906 3561 quibus
1945 3474 2192 3540 nullam
2231 3496 2418 3560 opem
2455 3476 2669 3541 ferunt

290 3578 509 3645 altera.

384 3685 652 3751 Initium
715 3686 946 3750 faciam
1007 3686 1085 3750 ab
1150 3686 1646 3773 orthographiae
1700 3690 1864 3753 vitio
1911 3709 2060 3775 pag.
2112 3688 2198 3753 54
2246 3688 2476 3778 Wagn.
2525 3689 2555 3754 Ι
2603 3688 2664 3754 3.

297 3790 530 3866 Θησεὺς
605 3790 669 3856 δὲ
739 3792 923 3856 αὐτὸν
992 3790 1287 3868 μετέωρον
1360 3793 1662 3868 α’ράμενος
1737 3792 2070 3874 ἥρραξεν
2145 3796 2228 3867 εἷς
2293 3803 2434 3873 γῆν,
2499 3796 2667 3882 quod

292 3903 614 3986 praeterea
676 3903 935 3984 apparet
996 3918 1144 3983 pag.
1197 3896 1304 3975 57,
1353 3897 1449 3962 ΠΙ
1498 3896 1537 3963 3
1587 3899 2120 3979 κατηρραὶχθη
2179 3904 2246 3965 τὸ
2297 3898 2507 3981 ἅρμα,
2555 3902 2668 3967 ubi

290 4006 367 4070 fr.
416 4003 561 4069 Sab.
610 4024 672 4089 p.
728 4002 855 4067 184
917 4003 1108 4068 habet
1170 4004 1520 4083 κατεάχθη.
1579 4002 1864 4070 Verbum
1911 4008 2190 4085 αρροὶττω
2240 4006 2494 4072 nullum
2542 4008 2668 4072 fuit

289 4114 505 4196 itaque
575 4098 790 4186 ἤραξεν
859 4114 923 4174 et
994 4109 1359 4189 κατηροὶχθη
1432 4111 1882 4198 corrigendum
1949 4134 2084 4178 esse
2153 4115 2260 4177 vix
2330 4116 2668 4199 quisquam

290 4214 661 4281 monendus.
760 4212 1039 4279 Facilius
1129 4213 1434 4280 lectorem
1517 4215 1736 4281 fallere
1823 4222 2033 4303 potest
2119 4238 2291 4283 error
2378 4220 2667 4304 utrisque

289 4323 665 4409 flag-mentis
733 4323 1095 4387 communis
1162 4340 1310 4407 pag.
1376 4320 1482 4399 55,
1549 4320 1580 4386 Ι
1643 4321 1684 4387 8
1732 4322 1831 4387 W.
1901 4321 1999 4389 cf.
2064 4324 2140 4388 fr.
2206 4322 2349 4389 Sab.
2413 4345 2476 4410 p.
2538 4324 2666 4389 184

288 4431 359 4495 in
425 4426 639 4494 fabula
710 4427 787 4493 de
846 4426 1247 4516 labyrintho:
1324 4428 1821 4507 ὁμολογήσαντος
1888 4430 1949 4494 δὲ
2012 4429 2120 4496 σὺν
2183 4426 2370 4511 ὅρκοις
2420 4432 2714 4507 Θησέως,
