3192 5009
573 205 703 272 348
1412 225 1704 274 onasum
1747 225 2103 273 smmum.

1721 421 1804 486 ΙΙ.

659 603 1046 689 Priusquam
1083 605 1185 669 his
1224 605 1636 689 theosophiae
1675 604 2138 670 Alexandrinae
2173 604 2408 668 fetibus
2424 623 2547 688 pro
2571 599 2762 666 virili
2787 607 2968 685 parte

568 710 883 775 medicam
922 709 1229 775 adhibebo
1270 731 1534 774 manum
1551 759 1567 788 ,
1616 713 1838 796 paucis
1884 709 2158 796 (largam
2206 711 2380 774 enim
2423 709 2778 773 materiem
2828 711 2972 791 post

478 853 486 860 ·
569 818 1112 880 accuratissimam
1151 814 1539 880 Volkmanni
1570 815 2083 882 dissertationem
2121 816 2457 880 exhaurire
2497 813 2665 878 nihil
2701 813 2970 889 attinet)

568 941 880 1007 exponam
943 919 1019 987 de
1066 922 1298 986 horum
1344 923 1705 985 carminum
1750 923 1996 986 ratione
2042 924 2310 986 metrica
2353 927 2420 984 et
2462 918 2847 1004 prosodiaca
2897 937 2968 980 ac

568 1028 646 1092 de
690 1029 989 1092 universa
1035 1025 1520 1112 Sibyllistarum
1567 1025 1920 1092 elocutione
1939 1074 1954 1103 ,
2004 1033 2194 1113 prout
2239 1025 2428 1091 hodie
2489 1030 2844 1090 contextus
2901 1025 2968 1086 in

568 1128 827 1198 Rzachii
890 1133 1168 1198 editione
1227 1135 1465 1218 partim
1524 1131 1840 1197 librorum
1885 1154 2002 1218 ope
2049 1135 2288 1218 partim
2335 1130 2682 1197 divinando
2735 1131 2964 1194 consti-

568 1244 751 1303 tutus
796 1244 912 1309 est.
961 1237 1143 1317 Quod
1188 1239 1421 1302 faciens
1468 1239 1585 1304 sub
1634 1260 1840 1303 unum
1885 1259 2116 1324 ponam
2169 1243 2582 1324 conspectum
2599 1287 2616 1314 ,
2669 1255 2843 1322 quae
2889 1235 2966 1298 de

569 1347 763 1408 variis
834 1345 1038 1428 poetis
1104 1345 1575 1428 sapientissimo
1645 1343 1906 1408 consilio
1977 1343 2362 1430 singillatim
2432 1343 2592 1408 olim
2657 1342 2970 1426 exposuit

569 1449 931 1514 Volkmann
952 1497 967 1526 ,
1018 1453 1129 1534 qui
1174 1449 1251 1514 de
1300 1448 1706 1534 singulorum
1755 1449 2252 1536 proprietatibus
2300 1469 2551 1534 semper
2597 1445 2964 1514 identidem

570 1559 693 1622 erit
737 1553 1180 1620 consulendus.

663 1659 897 1725 Versus
964 1662 1170 1746 igitur
1238 1681 1457 1726 omnes
1524 1669 1676 1726 sunt
1735 1662 2092 1726 hexametri
2153 1667 2401 1746 praeter
2461 1679 2675 1724 unum
2723 1657 2760 1722 I
2814 1653 2964 1730 146,

571 1766 684 1830 ubi
752 1765 1022 1852 griphus
1040 1813 1055 1842 ,
1129 1786 1321 1849 quem
1393 1765 1470 1830 de
1536 1768 1794 1830 nomine
1853 1786 2028 1830 sacro
2091 1763 2486 1829 Immanuele
2547 1761 2730 1829 Deus
2793 1760 2968 1826 Noae

571 1873 888 1957 proponit,
934 1869 1156 1935 finitur
1199 1875 1602 1955 pentametro

1978 1991 2159 2069 γνοὺς
2209 1991 2270 2054 δὲ
2321 1992 2414 2062 τίς
2465 1991 2596 2065 εἶμι

1025 2097 1130 2161 οὐκ
1178 2096 1453 2173 ἀμύητος
1504 2094 1612 2175 ἔσῃ
1662 2106 1772 2170 τῆς
1821 2098 1967 2177 παρ’
2015 2096 2146 2174 ἐμοὶ
2195 2097 2438 2177 σοφίης.

665 2203 1074 2279 Hexametri,
1136 2204 1204 2265 in
1268 2204 1532 2287 quibus,
1597 2209 1673 2267 ut
1733 2205 1800 2266 in
1847 2205 2076 2268 seriore
2121 2205 2300 2289 poesi
2345 2201 2482 2267 fieri
2529 2199 2700 2264 solet
2717 2248 2735 2276 ,
2781 2205 2970 2263 muta

574 2329 724 2373 cum
782 2305 1029 2393 liquida
1090 2328 1203 2391 pro
1264 2307 1447 2372 libito
1509 2309 1637 2372 fere
1684 2315 1797 2373 aut
1841 2309 1996 2373 facit
2041 2315 2155 2372 aut
2200 2329 2328 2372 non
2373 2308 2527 2372 facit
2572 2308 2964 2390 positionem

573 2419 638 2478 et
700 2413 1012 2477 adiectivo
1075 2413 1262 2484 καλός
1327 2420 1391 2477 et
1436 2412 1559 2485 ἴσος
1609 2391 1898 2478 vocalem
1943 2413 2134 2479 modo
2183 2412 2546 2532 producunt
2593 2411 2792 2476 modo
2843 2429 2967 2474 cor-

572 2521 850 2603 ripiunt,
897 2516 1277 2602 plerumque
1323 2525 1469 2602 apte
1519 2517 1882 2582 decurrunt.

664 2621 944 2687 Eaedem
1005 2643 1165 2708 quae
1213 2643 1250 2687 a
1298 2624 1622 2688 veteribus
1669 2625 1862 2707 epicis
1913 2624 2327 2688 observantur
2373 2641 2672 2686 caesurae
2693 2670 2710 2698 ,
2761 2627 2829 2686 et
2875 2639 2968 2682 ra-

573 2731 825 2793 rissime
873 2731 1147 2813 reperies
1194 2749 1457 2792 versum
1493 2731 1563 2792 in
1603 2729 1758 2793 duas
1797 2735 2007 2813 partes
2049 2727 2342 2811 aequales
2381 2727 2666 2805 divisum
2691 2777 2708 2803 ,
2751 2725 2966 2812 quales

573 2833 875 2900 versiculi
944 2841 1227 2898 extrema
1288 2839 1495 2898 aetate
1556 2834 1728 2898 haud
1787 2836 1882 2897 ita
1942 2837 2068 2897 rari
2133 2840 2306 2897 sunt.
2372 2830 2468 2899 Of.
2537 2832 2762 2895 Studia
2825 2851 2966 2897 mea

575 2939 789 3002 critica
857 2939 925 3001 in
994 2939 1449 3020 Epiqrammata
1500 2941 1732 3002 Graeca
1791 2959 1890 3025 ap.
1954 2937 2116 3002 Brill
2133 2987 2150 3014 ,
2210 2937 2440 3002 Leidae
2491 2935 2690 3014 1890,
2740 2959 2806 3022 p.
2859 2934 2962 3000 23.

576 3044 798 3109 Unum
846 3043 1043 3108 talem
1091 3047 1337 3128 reperio
1383 3043 1416 3107 I
1466 3042 1550 3109 57

1028 3145 1285 3222 αὕξεσθε
1337 3149 1722 3226 πληθύνεσθ’,
1775 3147 2094 3231 ἐργάζεσθ’
2142 3149 2245 3214 ἐπὶ
2295 3150 2483 3227 γαίης

577 3275 771 3342 quam
831 3257 1216 3340 scripturam
1270 3255 1509 3319 frustra
1570 3260 1959 3340 temptatam
2003 3277 2041 3319 a
2090 3254 2493 3320 Volkmanno
2541 3261 2784 3319 certam
2836 3273 2968 3319 esse

573 3363 642 3426 in
690 3362 1099 3425 annotatione
1146 3360 1439 3445 probavit
1485 3355 1713 3425 Rzacl'i.

667 3464 864 3530 Nulla
900 3471 1120 3530 autem
1158 3485 1415 3530 caesura
1432 3513 1447 3541 ,
1490 3472 1565 3530 ut
1607 3467 1865 3530 omnino
1909 3464 2080 3550 apud
2123 3469 2388 3532 seriores
2406 3514 2422 3542 ,
2451 3485 2648 3550 aeque
2673 3466 2970 3552 frequens

577 3579 674 3637 est
720 3574 966 3651 (iuncta
1016 3591 1200 3656 saepe
1250 3591 1400 3635 cum
1446 3573 1927 3655 semiquinariai
1967 3577 2157 3656 atque
2197 3570 2486 3637 bucolica
2525 3591 2688 3655 quae
2714 3571 2966 3638 dicitur.

577 3676 652 3741 In
712 3675 861 3740 libri
922 3680 1119 3760 primi
1180 3698 1308 3741 vss.
1376 3675 1509 3741 400
1574 3681 1783 3741 exstat
1830 3675 1965 3741 210
2011 3678 2296 3755 vicibus,
2343 3680 2412 3741 in
2459 3697 2584 3741 vss.
2637 3674 2776 3742 829
2823 3676 2968 3743 libri

576 3785 753 3847 tertii
799 3779 953 3905 448,
1004 3783 1097 3844 ita
1141 3788 1215 3845 ut
1260 3785 1329 3846 in
1377 3789 1650 3867 utroque
1697 3781 1842 3866 plus
1890 3802 2087 3866 quam
2135 3783 2400 3848 dimidia
2443 3783 2968 3905 hexametrorum

579 4013 680 4058 ars
743 3991 935 4056 salvis
984 3993 1463 4076 exceptionibus
1510 3992 1929 4078 quibusdam,
1982 3993 2058 4058 de
2107 3994 2338 4079 quibus
2385 4000 2530 4079 post
2577 3993 2742 4058 alios
2793 3993 2966 4059 docte

580 4101 718 4184 egit
762 4117 887 4161 van
932 4097 1247 4162 Leeuwen
1294 4096 1537 4162 Mnem.
1580 4097 1815 4175 XVIII,
1864 4097 1995 4164 265
2024 4121 2180 4184 sqq„
2230 4100 2358 4165 fere
2403 4093 2683 4184 respuit,
2737 4099 2968 4165 ultima
3051 4161 3066 4176 ,

585 4204 797 4288 quarti
837 4201 1079 4287 dactyli
1118 4200 1365 4288 syllaba
1404 4202 1650 4268 duobus
1691 4203 1942 4272 ultimis
1980 4204 2248 4288 pedibus
2289 4203 2605 4278 adhaeret,
2647 4211 2725 4268 ut
2762 4203 2799 4268 I
2842 4201 2966 4268 142

854 4309 919 4372 a}
969 4316 1129 4388 τρεῖς
1178 4309 1243 4371 αἱ
1292 4314 1529 4388 πρῶται
1578 4309 1680 4374 δύο
1729 4310 2159 4387 γράμματ’
2211 4307 2454 4389 ἔχουσιν
2501 4309 2761 4382 ἑκάστη.
