3192 5009
1410 289 1651 339 emano.
2583 275 2709 342 119

342 454 471 521 Hic
516 456 875 522 adnotavit:
929 456 1141 534 „malo
1188 478 1395 523 carere
1443 458 1740 522 omnibus
1757 506 1772 535 ,
1823 477 1984 542 quae
2027 460 2192 523 mihi
2239 459 2425 525 debet
2444 508 2458 535 ,
2518 482 2711 546 quam

338 564 559 628 virum
606 568 743 628 tam
787 563 946 629 bene
992 564 1069 628 de
1115 585 1220 630 me
1257 566 1563 629 meritum
1605 562 1910 629 offendere
1928 612 1944 641 ‚
1973 570 2086 628 aut
2107 564 2352 629 nullam
2375 570 2712 651 pecuniam

338 671 508 735 tanti
552 668 711 736 facio
731 718 749 748 ,
796 674 872 734 ut
918 671 996 736 ob
1044 690 1186 735 eam
1232 672 1488 757 gravari
1532 668 1796 734 Milonis
1843 690 2100 735 causam
2147 669 2408 736 velim.''

434 887 509 952 V.
560 888 665 966 11,
696 885 755 954 ’7.
810 889 900 952 Pu
944 888 1119 953 velim
1168 887 1392 952 Pibiaaem
1439 889 1583 953 meis
1627 889 1817 952 verbis
1860 890 2155 953 consoler-e
2203 928 2285 938 —
2335 888 2708 967 συμπαθῶς.

334 994 541 1060 Locus
604 994 906 1060 obscurus
925 1043 941 1072 ‚
1007 996 1311 1080 quoniam
1371 998 1742 1082 ignoramus
1799 996 2214 1079 quamobrem
2259 995 2427 1061 Pilia
2443 1046 2460 1074 ,
2509 997 2712 1062 Attici

333 1122 499 1165 uxor
545 1100 969 1166 consolatione
1015 1106 1259 1188 egeret,
1310 1105 1374 1166 et
1418 1101 1496 1165 ad
1543 1120 1736 1186 quem
1783 1100 2024 1166 dederit
2065 1101 2400 1187 epistolam
2448 1128 2708 1177 cumra-

336 1203 461 1278 θῶς
523 1209 844 1292 scriptam.
916 1207 1060 1272 Non
1122 1205 1465 1273 debueram
1525 1210 1592 1270 in
1644 1227 1713 1271 re
1757 1208 1998 1271 incerta
2043 1207 2185 1271 meis
2229 1208 2421 1271 verbio
2467 1215 2711 1274 senten-

331 1316 496 1378 tiam
558 1312 863 1378 subiicere
925 1313 1241 1379 diversam
1302 1314 1382 1378 ab
1442 1334 1547 1389 ea,
1613 1334 1806 1397 quam
1851 1313 2081 1379 habere
2128 1313 2367 1392 solent,
2416 1322 2491 1380 ut
2534 1314 2705 1381 XVI.

340 1419 445 1497 11,
488 1418 550 1485 8.
600 1419 777 1486 Fam.
828 1419 902 1485 V.
958 1419 1061 1497 11,
1103 1419 1165 1485 2.
1214 1419 1353 1484 XV.
1404 1418 1481 1497 8,
1530 1440 1645 1485 nec
1693 1416 2039 1497 συμπαθῶς
2088 1418 2446 1486 sollicitare.

424 1639 497 1704 V.
571 1639 675 1718 12,
721 1640 779 1704 1.
844 1639 1048 1725 itaque
1108 1644 1239 1703 erat
1298 1638 1367 1701 in
1429 1638 1626 1701 animo
1687 1638 1852 1701 nihil
1878 1638 2226 1724 festinare,
2275 1662 2380 1704 nec
2423 1664 2510 1705 me
2551 1642 2706 1705 Delo

334 1769 591 1824 movere,
643 1746 765 1809 nisi
810 1745 1008 1809 omnia
1053 1745 1212 1821 ἄκρα
1264 1744 1490 1827 Γυρέων
1516 1768 1688 1827 pura
1729 1745 2021 1809 vidissem.
2069 1744 2144 1809 In
2182 1746 2354 1811 Med.
2397 1753 2494 1812 est
2524 1750 2710 1829 ἀκρα-

332 1876 555 1932 τηρεων
614 1852 791 1929 iura,
838 1851 1004 1916 unde
1052 1851 1128 1917 de
1174 1852 1347 1916 Bosii
1393 1853 1752 1917 coniectura
1796 1851 2040 1915 factum
2088 1852 2445 1930 ἀκροτηρίων
2500 1852 2665 1932 οὔριαι
2686 1903 2702 1932 ,

334 1960 503 2046 quod
564 1957 849 2044 plerique
907 1958 1178 2022 editores
1240 1958 1661 2022 retinuerunt.
1731 1955 1854 2021 Sed
1901 1956 2061 2020 Lud.
2113 1956 2476 2023 Dindorfius
2523 1964 2704 2024 acute

326 2066 497 2131 vidit
566 2062 937 2131 Ciceronem
1005 2065 1311 2149 respicere
1384 2062 1749 2129 Archilochi
1813 2084 2072 2128 versum
2133 2086 2170 2129 a
2228 2063 2572 2131 Plutarcho
2642 2072 2706 2131 et

329 2171 666 2237 Heraclide
712 2172 975 2236 Pontico
1022 2175 1349 2235 servatum
1367 2218 1383 2247 ‚
1432 2172 1501 2234 in
1548 2169 1778 2256 fragm.
1825 2167 1910 2234 56
1953 2170 2250 2255 Bergkii‚
2293 2175 2358 2237 et
2381 2174 2704 2257 scripsisse

328 2279 491 2356 ἄκραι
530 2275 755 2355 Γυρέων
786 2299 953 2359 pura
992 2296 1058 2341 o:
1100 2278 1430 2341 cacumina
1453 2270 1782 2361 Gyrarum
1805 2270 2231 2361 pura.Gyrae
2254 2282 2473 2342 autem
2499 2277 2706 2364 appel-

328 2383 547 2451 lantur
582 2385 1088 2472 promontorium
1124 2381 1371 2447 insulae
1409 2381 1567 2447 Teni
1583 2430 1600 2459 ,
1650 2381 1820 2468 quod
1858 2403 1894 2446 a
1932 2380 2090 2447 Delo
2133 2383 2651 2469 conspiciebatur.

421 2587 495 2652 V.
566 2584 670 2663 16,
698 2585 760 2650 2.
810 2584 963 2656 ὠνὰς
1012 2585 1265 2649 omnium
1324 2585 1617 2650 venditas.
1675 2585 1790 2650 *Ad
1855 2586 2008 2652 haec
2065 2587 2259 2651 verba
2321 2587 2707 2654 subobscura

325 2697 509 2762 iuvat
579 2692 926 2758 adscribere
945 2741 962 2770 ‚
1036 2713 1196 2777 quae
1269 2689 1632 2759 Gronovius
1698 2694 1767 2755 in
1836 2692 2089 2757 dictatis
2156 2691 2344 2758 MSS.
2415 2697 2702 2758 monuit:

329 2850 366 2879 ,,
375 2798 543 2867 Cum
603 2801 895 2863 civitates
957 2798 1263 2884 spoliatae
1310 2804 1377 2864 et
1421 2798 1499 2863 ad
1547 2800 1918 2885 pauperiem
1966 2798 2253 2863 redactae
2299 2801 2556 2863 iniustis
2604 2822 2706 2865 ex-

328 2906 683 2973 actionibus
729 2907 1145 2990 pecuniarum
1188 2925 1300 2989 per
1344 2906 1762 2989 magistratus
1810 2924 2050 2968 annuos
2099 2902 2419 2969 Romanos
2466 2910 2530 2969 et
2584 2905 2706 2969 foe-

324 3032 477 3079 nore
525 3030 771 3075 mersae
818 3031 855 3074 a
901 3010 1406 3096 negotiatoribus
1426 3056 1441 3085 ,
1488 3030 1603 3074 nec
1649 3010 1748 3073 his
1790 3008 2068 3095 amplius
2108 3009 2186 3075 ad
2228 3009 2398 3076 diem
2421 3011 2664 3077 solvere
2684 3060 2700 3089 ‚

326 3138 443 3183 nec
490 3115 845 3202 publicanis
893 3116 1062 3201 quod
1109 3116 1455 3181 debebatur
1500 3114 1736 3202 populo
1784 3115 1858 3179 R.
1907 3115 2177 3202 pendere
2223 3121 2481 3201 possent
2498 3166 2514 3195 ‚
2575 3139 2705 3183 om-

323 3226 510 3289 nium
556 3224 705 3293 ὠναίς
756 3242 823 3287 o:
874 3221 1060 3299 τέλη,
1112 3220 1371 3296 δημόσια
1393 3268 1409 3297 ,
1474 3220 1818 3307 vectigalia
1864 3227 1928 3286 et
1975 3222 2251 3300 reditus,
2301 3224 2702 3289 subhastatae

324 3328 406 3396 ad
462 3336 729 3395 sectores
793 3327 1049 3393 ivisse.''
1124 3366 1209 3377 -
1273 3328 1444 3393 Nam
1504 3330 1658 3399 ὠνὰς
1707 3327 1897 3392 vendi
1944 3328 2146 3393 dicere
2192 3335 2542 3414 potuerunt
2561 3378 2578 3407 ,
2627 3336 2704 3395 ut

328 3438 582 3501 vendere
626 3437 896 3499 decumas
944 3434 1250 3499 dicebant.
1298 3433 1440 3498 Vid.
1491 3434 1565 3499 de
1612 3456 1746 3519 pec.
1793 3440 1921 3499 vet.
1962 3433 2068 3498 IV.
2114 3432 2175 3499 5.

421 3655 493 3721 V.
544 3654 652 3734 20,
681 3656 741 3720 4.
792 3654 1042 3719 nobilem
1086 3656 1183 3718 sui
1223 3656 1480 3736 ρεπεν-ὼ.
1550 3653 1881 3741 Tyrrellus
1943 3658 2172 3721 merito
2225 3657 2444 3721 reiecit
2489 3677 2700 3721 meam

324 3764 917 3850 interpretationem
935 3810 951 3839 ‚
1026 3761 1135 3827 sed
1198 3782 1389 3847 quam
1455 3764 1845 3848 excogitavit
1905 3763 2040 3847 ipse
2059 3810 2074 3839 ,
2139 3767 2214 3826 ut
2276 3764 2361 3825 sit
2421 3760 2701 3827 nobilem

326 3872 559 3935 asinini
603 3870 853 3956 generis
872 3917 889 3946 ‚
939 3868 1201 3952 probare
1247 3888 1509 3954 nequeO.
1559 3864 2112 3952 Acquiescendum
2150 3873 2308 3953 puto
2349 3870 2418 3931 in
2454 3867 2528 3931 P.
2566 3868 2703 3933 Ma-

324 3978 495 4041 nutii
542 3974 993 4060 explicatione:
1043 3973 1325 4039 nobilem
1370 3978 1539 4039 inter
1586 3976 1982 4039 centuriones
2001 4023 2017 4051 ,
2066 3994 2263 4059 quam
2311 3978 2565 4039 secutus
2605 3980 2701 4039 est

334 4081 705 4148 Wielandus
749 4088 1036 4146 vertens:
1085 4083 1268 4146 einen
1314 4082 1458 4146 sehr
1504 4081 2066 4166 ausgezeichneten
2110 4078 2378 4145 Officier.

418 4286 493 4351 V.
546 4285 654 4364 20,
684 4284 745 4349 5.
795 4284 1003 4370 quibus
1051 4286 1308 4368 captivis
1353 4284 1611 4367 exceptis
1652 4284 1943 4370 reliquam
1969 4285 2260 4367 praedam
2298 4282 2700 4347 concessimus.

329 4392 587 4477 captivis
632 4392 861 4463 adiecit
908 4390 1197 4458 Wesenb.
1249 4390 1371 4457 Sed
1420 4394 1680 4457 omissio
1729 4394 1867 4457 eius
1913 4392 2192 4456 nominis
2237 4388 2485 4455 facilius
2521 4389 2702 4455 intel-
