3192 5009
573 194 701 263 176
1200 256 1205 259 .
1527 215 1973 265 Ams'rornms.

565 380 814 456 ὃμοίωςε
884 380 1079 443 minue
1148 403 1322 465 quam
1382 388 1562 445 antea
1633 382 1860 463 leqibue
1929 382 2326 465 obtemperare
2389 390 2706 466 coepeaemt
2788 381 2978 447 cives.

567 487 816 573 Nempe
852 489 971 553 hoc
1011 493 1297 573 tempore
1336 526 1421 536 —-
1464 488 1541 553 de
1569 486 1857 555 Cimonis
1880 494 2087 554 aetate
2109 487 2398 575 loquitur
2420 488 2858 576 philosophus
2889 526 2978 537 —

568 594 926 672 συνέβαινεν
989 595 1261 659 ἀνίεσθαι
1322 597 1570 672 μᾶλλον
1626 594 1735 667 την
1785 596 2104 658 πολιτείαν
2155 596 2256 659 διὰ
2303 596 2443 668 τούς
2492 595 2826 676 προθύμως
2883 594 2986 668 δη-

566 706 1054 778 μαγωγοῦντας.

661 918 814 1004 Cap.
863 916 971 985 2¹7.
1035 918 1130 985 De
1188 917 1432 984 Pericle
1484 919 1721 984 dicitur
1767 919 1937 998 μετὰ
1985 918 2045 985 δὲ
2094 925 2301 985 ταῦτα
2351 920 2494 1000 πρὸς
2545 920 2615 986 τὸ
2662 921 2986 998 δημαγω-

568 1034 706 1104 γεῖν
756 1026 1027 1097 ἐλθόντος
1078 1026 1475 1106 Περικλέους,
1528 1026 1634 1091 καὶ
1685 1028 1920 1105 πρώτου
1966 1027 2478 1106 εὐδοκιμήσαντος
2528 1024 2628 1093 ὅτε
2684 1028 2982 1107 κατηγό-

568 1156 710 1213 ρησε
776 1134 893 1204 τὰς
956 1132 1205 1204 εὐθύνας
1276 1134 1545 1208 Κίμωνος
1611 1137 2101 1212 στρατηγοῦντος
2150 1135 2274 1206 νεὸς
2325 1134 2419 1212 ὤν,
2469 1134 2984 1212 δημοτικωτέραν

570 1238 660 1331 ἔτι
709 1238 936 1316 συνέβη
984 1238 1270 1316 γενέσθαι
1321 1242 1428 1314 την
1480 1240 1820 1304 πολιτείαν.
1873 1278 1958 1287 —-
2005 1239 2131 1305 Pro
2181 1240 2412 1321 πρώτου
2461 1249 2574 1306 aut
2627 1240 2982 1306 lenissima

567 1348 953 1411 correctione
995 1345 1343 1433 legendum
1390 1350 1488 1410 est
1534 1370 1632 1423 πρ
1654 1351 1872 1423 οτοῦ,
1916 1352 2030 1411 aut
2069 1349 2387 1434 (graviore
2426 1348 2537 1413 sed
2575 1353 2801 1413 tamen
2845 1348 2979 1411 nisi

568 1450 757 1517 fallor
818 1451 1269 1538 probabiliore)
1334 1452 1745 1531 πρότερον.
1820 1452 2059 1516 Deinde
2127 1454 2212 1517 ad
2281 1476 2463 1537 remp.
2536 1455 2976 1517 moderandam

568 1559 815 1622 accessit
876 1556 1170 1635 Pericles,
1219 1559 1323 1643 qui
1369 1558 1493 1621 iam
1528 1558 1772 1641 pridem
1817 1558 2052 1623 iuvenis
2097 1559 2470 1623 indae-uerat
2515 1584 2645 1623 cum
2701 1557 2978 1623 Cimonis

570 1665 866 1729 extitisset
912 1673 1237 1729 accusator.

662 1770 739 1835 In
806 1771 1029 1837 eodem
1097 1774 1305 1856 capite
1375 1793 1503 1836 non
1560 1776 1729 1836 recte
1794 1772 2062 1836 dicitur:
2131 1772 2159 1835 ὅ
2227 1772 2371 1853 πρὸς
2439 1772 2972 1847 Πελοποννησίους

575 1876 787 1949 ἐνέστη
860 1878 1170 1953 πόλεμος,
1242 1876 1350 1942 sed
1423 1878 1712 1952 συνέστη
1776 1884 1873 1942 est
1932 1877 2299 1965 legendum.
2366 1877 2507 1943 Non
2557 1878 2634 1943 de
2680 1882 2973 1943 instante

574 1984 683 2049 sed
732 1983 808 2048 de
855 1988 993 2047 orto
1038 1982 1207 2047 bello
1254 1982 1389 2048 illic
1436 1986 1672 2070 agitur.

663 2090 913 2155 Ibidem
958 2087 1234 2154 Pericles
1253 2137 1269 2166 ,
1318 2110 1467 2153 cum
1513 2087 1770 2156 Cimoni
1816 2090 2042 2175 opibus
2087 2091 2334 2156 cederet
2353 2140 2369 2169 ,
2413 2112 2492 2156 ne
2533 2091 2748 2157 favore
2791 2088 2970 2175 apud

571 2196 902 2283 popellum
963 2194 1279 2259 excideret
1339 2194 1461 2259 hoc
1509 2202 1910 2260 commentus
1959 2217 2097 2261 esse
2146 2196 2383 2262 dicitur
2431 2234 2516 2244 —-
2569 2197 2718 2261 vide
2768 2217 2968 2283 quam

574 2301 1029 2369 contumeliose
1092 2300 1167 2365 de
1238 2303 1369 2364 viro
1430 2300 1750 2386 praeclaro
1813 2300 2120 2386 loquatur
2180 2302 2598 2388 philosophus
2650 2323 2774 2368 -—:
2832 2304 2966 2367 ἐπεὶ

574 2418 697 2479 τοῖς
764 2407 929 2478 ἰδίοις
992 2409 1229 2479 ἡττᾶτο
1298 2405 1519 2469 διδόναι
1581 2416 1706 2477 τοῖς
1755 2416 2007 2479 πολλοῖς
2056 2408 2138 2471 τὰ
2189 2409 2485 2486 αὐτῶν,
2535 2409 2966 2473 κατεσκεύασε

575 2516 951 2594 μισθοφορὰν
1017 2520 1141 2581 τοῖς
1202 2511 1552 2585 δικασταῖς.
1603 2513 1815 2578 Immo
1864 2516 1947 2577 τὰ
1999 2512 2286 2580 αὐτοῦ1
2337 2514 2656 2595 Quoniam
2703 2515 2780 2579 de
2831 2516 2964 2579 suis

574 2623 755 2688 bonis
816 2618 1025 2683 multa
1087 2624 1163 2681 ut
1225 2614 1456 2684 Cimon
1517 2617 1880 2704 plebeculae
1943 2619 2170 2707 largiri
2217 2642 2342 2685 non
2391 2626 2672 2707 poterat,
2726 2642 2806 2686 ex
2853 2640 2967 2707 pu·

575 2728 739 2794 blico
784 2728 1023 2791 aerario
1072 2724 1388 2811 benignus
1438 2725 1581 2788 fuit.

667 2930 822 3017 Cap.
874 2928 958 2995 29
1010 2935 1306 3015 apertum
1346 2931 1582 2994 vitium
1635 2932 1702 2994 in
1750 2931 1959 2995 verbis
2005 2930 2176 3007 μετὰ
2223 2932 2332 3005 την
2383 2931 2443 2995 έν
2493 2932 2755 3015 Σικελίᾳ
2804 2953 2964 3008 γενο-

575 3040 759 3118 μένην
830 3037 1237 3116 διαΦορὰν
1310 3035 1726 3121 deprehendit
1797 3037 2022 3113 editor,
2093 3059 2222 3102 non
2293 3036 2559 3102 sustulit
2630 3039 2963 3117 διαφθορὰν

574 3143 956 3211 coniciendO.
1022 3141 1223 3207 Unice
1281 3162 1513 3207 verum
1579 3148 1676 3206 est
1739 3166 1774 3205 σ
1795 3142 2116 3223 υμφορὰν,
2181 3143 2428 3207 cladem.
2492 3142 2564 3208 Si
2624 3165 2788 3229 opus
2834 3148 2962 3218 est,

580 3251 658 3315 cf.
710 3273 771 3335 p.
825 3247 912 3313 90
959 3246 1001 3312 l.
1054 3246 1137 3338 5.,

674 3356 1002 3443 Cognatus
1062 3374 1234 3419 error
1294 3359 1472 3419 extat
1531 3355 1602 3417 in
1661 3355 1889 3438 capitis
1957 3352 2046 3419 36·
2105 3358 2320 3419 exitu:
2369 3356 2644 3441 triginta
2691 3358 2819 3421 viri
2865 3351 2961 3419 ὅτε

582 3467 644 3533 δὲ
694 3465 795 3528 καὶ
846 3460 1067 3535 δόξειεν
1118 3462 1323 3532 αὐτοῖς
1375 3459 1667 3540 ἐκφέρειν
1715 3461 1852 3529 τοὺς
1901 3462 2014 3535 μὲν
2066 3460 2389 3541 ἕξήλειφον
2440 3469 2557 3525 τῶν
2597 3459 2960 3539 γεγραμμέ-

584 3597 712 3648 νων,
778 3570 917 3639 τοὺς
978 3567 1031 3630 δ’
1080 3567 1539 3645 ὥντενέγραφον
1584 3573 1700 3629 τῶν
1749 3564 1978 3643 ἔξωθεν.
2028 3566 2239 3632 Immo
2287 3569 2674 3646 συμφέρειν.
2723 3568 2959 3633 Album

582 3681 828 3745 civium
871 3672 1223 3739 identidem
1270 3672 1628 3749 mutabant,
1679 3675 1894 3757 prouti
1941 3694 1974 3738 e
2025 3694 2090 3739 re
2140 3694 2254 3738 sua
2303 3694 2438 3739 esse
2485 3674 2830 3739 crederent.

678 3897 831 3984 Cap.
898 3896 986 3962 29
1050 3896 1322 3978 scriptor
1383 3893 1540 3958 dicit
1602 3913 1764 3957 anno
1812 3892 1942 3957 411
1994 3894 2477 3981 quadringentis
2529 3896 2680 3960 viris
2727 3893 2962 3960 multos

584 4009 755 4072 cives
802 4004 1034 4068 favisse
1080 4000 1184 4065 δια
1232 4002 1300 4063 τὸ
1349 3996 1608 4077 νομίζειν
1654 3998 1936 4075 βασιλέα
1987 4047 2183 4063 .....
2213 4024 2241 4062 ν
2289 4000 2528 4072 ἑαυτοῖς
2569 4000 2964 4077 συμπολεμή-

586 4136 712 4177 σειν
779 4110 885 4174 έαν
949 4106 1025 4172 δι’
1091 4107 1315 4183 ὀλίγων
1379 4108 1748 4181 ποιήσωνται
1813 4108 1922 4181 την
1972 4108 2312 4171 πολιτείαν.
2359 4104 2437 4171 In
2480 4105 2710 4171 lacuna
2755 4106 2964 4172 latitat

585 4215 1020 4301 comparativus
1089 4212 1352 4298 aliquis:
1425 4212 1669 4289 θᾶττον,
1721 4214 1990 4289 μᾶλλον,
2039 4212 2491 4291 προθυμότερον,
2543 4212 2963 4292 εὐμενέστερον

586 4322 693 4391 vel
740 4318 952 4387 simile
1000 4317 1186 4403 quid:
1236 4339 1359 4382 non
1407 4318 1642 4382 sufficit
1690 4317 1856 4403 quod
1903 4316 2232 4403 supplevit
2277 4318 2484 4383 editor
2529 4316 2816 4393 ἄσμενον.
