3192 5009
552 304 638 371 98
1270 314 1658 370 ΗΡΩιΔοτ
1709 313 2184 369 ΜιΜιΛΜΒυι

550 489 862 555 Mnemos.
918 488 1090 555 1882
1134 511 1195 575 p.
1247 486 1399 553 359.
1464 488 1770 553 Eiusdem
1831 487 2030 553 studii
2086 486 2490 553 luculentum
2552 484 2930 571 exemplum

550 597 651 660 his
713 595 935 661 diebus
994 598 1212 661 inveni
1268 597 1335 658 in
1384 594 1780 660 scholiorum
1828 593 1906 659 ad
1951 593 2220 659 Iliadem
2272 591 2746 660 Genevensium
2795 590 2932 657 edi-

548 703 719 767 tione
762 704 1053 789 egregia,
1112 722 1307 787 quam
1353 722 1554 785 nuper
1599 700 1840 786 publici
1885 702 2046 765 iuris
2092 700 2244 766 fecit
2289 722 2353 765 v.
2402 699 2464 763 d.
2516 698 2776 777 Nicole;
2827 698 2928 762 ibi

550 808 629 873 ad
674 817 723 872 Φ
752 805 881 873 319
927 807 1274 873 afferuntur
1319 806 1537 872 Alcaei
1582 806 1887 872 versiculi
1934 806 2061 871 duo
2111 807 2375 871 antehac
2419 808 2667 893 ignoti:

911 913 1165 989 οἷδημαν
1215 913 1473 992 χέραδος
1524 913 1612 987 μὴ
1663 914 1920 989 βεβαὼς
1969 914 2304 990 ἐργάσιμον
2357 913 2514 976 λίθον

911 1028 1089 1091 κινεῖς
1140 1021 1242 1083 καὶ
1292 1020 1445 1091 κενὶς
1498 1016 1571 1091 ὣς
1623 1022 1740 1083 τὰν
1787 1021 2079 1097 κεφαλὰν
2127 1020 2451 1100 ἑργοιλὲοιν
2501 1017 2654 1099 ἔχοι.

554 1126 833 1192 Adnotat
894 1127 1128 1192 editor:
1195 1147 1317 1203 „on
1377 1131 1531 1211 peut
1576 1129 1967 1211 conjecturer
2015 1127 2064 1189 εὶ
2115 1125 2182 1199 δὴ
2238 1130 2366 1200 μὰν
2413 1147 2576 1211 pour
2623 1124 2928 1199 οἵδημιν,

556 1234 929 1312 ,,ἐργοὶσιμος
992 1254 1153 1318 pour
1214 1231 1571 1310 ἐργάσιμον,
1638 1230 1805 1311 ἔχεις
1868 1254 2031 1317 pour
2077 1230 2248 1312 ἔχοι,
2297 1236 2467 1303 κελὶς
2514 1252 2678 1317 pour
2725 1228 2880 1297 κενὶς
2907 1248 2926 1303 ;

559 1340 764 1416 „mle
805 1341 998 1404 serait
1032 1338 1095 1403 le
1135 1338 1474 1402 diminutis
1502 1336 1833 1423 populaire
1876 1338 1952 1403 de
1994 1338 2190 1409 κέλιος
2236 1359 2320 1402 811
2361 1338 2578 1413 sedatos,
2602 1335 2664 1401 le
2689 1338 2928 1421 pivert,

556 1445 864 1523 „l'oiseau
926 1447 1036 1530 qui
1093 1445 1309 1530 frappe
1371 1464 1521 1509 avec
1583 1442 1648 1507 la
1704 1444 1833 1509 tete
1851 1492 1867 1521 ,
1915 1464 2160 1509 comme
2204 1443 2266 1509 le
2314 1446 2480 1531 sujet
2524 1446 2802 1507 inconnu
2847 1438 2930 1503 de

558 1560 775 1631 »κινεῖς
842 1558 906 1617 et
966 1551 1025 1616 d’
1064 1548 1233 1630 ἔχεις
1295 1555 1392 1615 est
1437 1550 1709 1635 suppose
1756 1550 1818 1616 le
1861 1550 2036 1615 faire.
2087 1550 2348 1636 Aliquid
2395 1550 2683 1615 obscoeni
2726 1546 2930 1612 latere

560 1656 1039 1737 „crediderim”.
1088 1694 1173 1705 —-
1230 1656 1361 1742 Elgo
1408 1659 1685 1741 priorem
1731 1676 1994 1721 versum
2040 1655 2184 1721 aliis
2233 1655 2700 1722 restituendum
2739 1650 2934 1717 relin—

557 1787 681 1852 quo
710 1763 779 1847 ¹),
829 1765 937 1829 sed
976 1765 1345 1829 obscoenam
1379 1762 1565 1827 illam
1605 1761 1930 1828 volucrem
1969 1762 2284 1849 quomodo
2324 1781 2659 1848 procurare
2684 1760 2932 1845 possim

556 1875 716 1950 scio;
780 1877 1089 1958 cognatus
1152 1876 1248 1934 est
1307 1869 1412 1934 hic
1474 1872 1656 1955 picus
1717 1870 1989 1933 earduebi
2046 1872 2194 1948 isti,
2260 1890 2454 1955 quam
2501 1870 2800 1934 novimus
2848 1886 2933 1929 ex

556 1976 880 2063 Euripidis
927 1976 1275 2042 benissimo
1322 1975 1637 2041 versiculo
1677 1974 1960 2056 (Hercul.
2016 1974 2253 2055 1115):

916 2084 1219 2147 οὶκανθεῶν
1265 2084 1358 2153 τίς
1408 2081 1613 2147 εἴπαθ’
1663 2083 1712 2146 01
1765 2084 2151 2147 καταστένοι.

557 2188 826 2254 Alcaeus
874 2190 1129 2274 scripsit

916 2297 1023 2358 καί
1072 2318 1201 2358 κεν
1249 2293 1432 2365 ἴσως
1482 2294 1597 2358 τᾶν
1649 2296 1940 2373 κεφαλὰν
1989 2292 2310 2371 ἀργαλέαν
2360 2290 2639 2374 ἔχοι(ε’ῖ).

651 2398 896 2466 Similis
945 2421 1120 2465 error
1165 2403 1318 2485 quin
1376 2399 1558 2465 ludat
1619 2402 1791 2465 viros
1855 2400 2067 2466 doctos
2085 2450 2100 2478 ,
2165 2404 2275 2487 qui
2336 2400 2660 2466 Herodam
2723 2397 2798 2462 de
2863 2418 2934 2461 re

562 2510 972 2594 spurcissima
1030 2508 1200 2571 hunc
1260 2509 1540 2570 mimum
1608 2506 1828 2573 fecisse
1899 2510 2320 2593 suspicantur,
2391 2506 2607 2572 nullus
2680 2502 2930 2568 dubito.

560 2614 961 2699 Argumenta
1003 2613 1281 2678 breviter
1323 2612 1632 2677 indicabo.

648 2718 933 2799 Quorum
1006 2720 1298 2783 omnium
1364 2718 1627 2783 fortasse
1687 2722 2145 2805 gravissimum
2205 2720 2325 2784 hoc
2387 2726 2500 2783 est.
2568 2715 2692 2783 Vix
2737 2721 2802 2781 et
2849 2735 2934 2779 ne

560 2828 671 2891 vix
716 2825 974 2911 quidem
1020 2824 1315 2890 credibile
1362 2824 1636 2903 videtur,
1682 2828 2055 2909 scriptorem
2074 2875 2089 2902 ‚
2141 2829 2252 2911 qui
2298 2824 2585 2911 dialogos
2629 2824 2698 2889 in
2745 2840 2934 2886 scena

558 2931 832 3019 agendos
908 2944 1345 3016 componeret,
1424 2934 1762 2997 materiem
1836 2939 1971 2996 tam
2049 2931 2297 2997 foedam
2376 2931 2732 2996 electurum
2801 2928 2930 2991 sibi

558 3038 770 3103 fuisse.
833 3037 1005 3101 Novi
1066 3056 1214 3100 sane
1266 3037 1712 3121 Aristophanis
1759 3040 2145 3123 nequitiam,
2196 3040 2348 3103 novi
2394 3036 2670 3101 aliorum
2719 3046 2936 3119 poeta-

558 3165 705 3207 rum
741 3142 1075 3207 lasciviam
1116 3142 1574 3219 fescenninam;
1619 3142 1726 3208 sed
1772 3142 1948 3208 aliud
1995 3151 2093 3208 est
2137 3147 2274 3208 ioco
2315 3143 2507 3209 salaci
2545 3145 2612 3207 in
2654 3142 2932 3205 transitu

560 3249 892 3313 cachinnos
938 3246 1305 3333 plebeculae
1354 3250 1515 3313 ciere
1536 3297 1549 3322 ,
1607 3248 1783 3313 aliud
1830 3248 1904 3313 de
1953 3256 2332 3336 argumento
2381 3270 2506 3335 quo
2554 3248 2766 3334 magis
2809 3247 2936 3309 im-

557 3354 788 3441 pudico
850 3374 922 3417 eo
969 3355 1183 3416 minus
1230 3353 1460 3418 festivo
1506 3352 1732 3439 longos
1779 3374 2096 3419 sermones
2147 3376 2348 3421 serere
2366 3375 2382 3432 ;
2435 3374 2636 3440 neque
2684 3370 2932 3417 amores

560 3481 705 3525 suos
744 3460 1054 3545 prurienti
1089 3461 1366 3524 carmine
1407 3458 1720 3524 celebrare
1742 3459 1914 3525 idem
1940 3468 2037 3525 est
2061 3468 2249 3546 atque
2275 3462 2564 3527 homines
2587 3459 2933 3545 depingere

558 3570 625 3631 in
671 3568 807 3650 ipso
854 3585 1043 3630 coeno
1081 3564 1465 3629 volutantes.
1514 3564 1803 3631 Herodes
1839 3573 2049 3631 noster
2089 3569 2144 3631 si
2183 3567 2372 3632 deca
2403 3588 2491 3644 re,
2518 3586 2713 3652 quam
2737 3581 2932 3647 supra

558 3674 775 3749 innui,
822 3671 989 3735 hunc
1037 3672 1316 3734 mimum
1362 3674 1769 3755 conscripsit,
1819 3671 1988 3737 haud
2029 3675 2156 3737 scio
2198 3693 2275 3737 an
2317 3678 2554 3738 ceteros
2594 3674 2930 3755 scriptores

559 3786 805 3844 veteres
848 3780 1059 3843 vincat
1107 3784 1366 3842 cunctos
1414 3778 1846 3862 impudentia,
1899 3786 1964 3843 et
2009 3782 2148 3844 iure
2195 3781 2399 3866 igitur
2443 3782 2714 3843 miretur
2761 3778 2932 3862 quis-

560 3888 734 3971 piam
797 3884 964 3969 quod
1008 3882 1237 3947 indolis
1284 3889 1419 3948 tam
1463 3904 1796 3970 perversae
1839 3886 1910 3950 in
1957 3888 2181 3951 ceteris
2228 3888 2365 3950 eius
2409 3886 2804 3950 mimiambis
2851 3904 2930 3951 ne

559 3992 963 4057 levissimum
1010 3990 1271 4074 quidem
1317 3990 1821 4077 deprehendatur
1865 3994 2234 4077 vestigium.

632 4221 680 4281 1)
712 4221 891 4269 Graeca
924 4224 1055 4269 certe
1086 4222 1265 4269 amnt:

1090 4294 1300 4417 {521stss
1332 4299 1391 4351 ἂν
1424 4299 1642 4365 χέραδος
1675 4302 1743 4365 μὴ
1781 4303 1980 4367 βεβαὼς
2015 4300 2282 4369 &pyke-mov
2317 4304 2448 4358 λίθον

1122 4386 1137 4415 Ι
1192 4386 1209 4415 C
1230 4384 1241 4397 ⁸

559 4452 639 4500 ned
674 4455 836 4517 aptam
870 4450 1153 4501 sententiam
1190 4450 1303 4500 haec
1336 4467 1429 4503 non
1462 4452 1708 4519 praebent.
