3192 5009
1053 272 1138 325 1111
1182 272 1801 324 1111116111111011111115
1846 267 2147 321 nomms.
2670 250 2799 321 451

958 510 995 594 ς
1031 507 1074 571 4
1122 527 1206 575 nn
1251 525 1767 575 mausumnoim
1813 524 2252 574 sicimorum.

508 704 866 771 Redeuntes
929 705 1008 770 ad
1068 708 1591 793 inaugurationes
1656 704 2052 772 sacerdotum
2069 752 2087 783 ,
2148 706 2282 769 iam
2335 704 2629 772 dubitare
2674 728 2800 771 non

419 833 758 898 possumus
840 814 994 897 quin
1066 812 1183 877 hae
1252 833 1504 899 quoque
1573 812 1812 876 fuerint
1883 810 2396 877 confirmationes
2468 812 2799 879 sacerdotii

417 938 620 1004 nuper
681 920 940 1003 accepti.
1003 917 1226 1004 Itaque
1243 967 1260 997 ,
1325 920 1580 983 etiamsi
1647 917 2003 983 sacerdotes
2063 917 2181 981 hac
2228 919 2368 1004 ipsa
2420 920 2799 984 caerimonia

413 1023 837 1091 sacerdotium
888 1026 1074 1111 facto
1141 1027 1304 1090 inire
1376 1024 1758 1091 videbantur
1822 1030 1887 1090 et
1946 1026 2107 1089 inire
2170 1029 2341 1089 recte
2389 1022 2759 1091 dicebantur
2780 1074 2798 1105 ,

413 1136 630 1195 tamen
676 1130 874 1196 factae
921 1152 1056 1196 esse
1102 1130 1332 1197 debent
1378 1138 1725 1217 postquam
1770 1129 1905 1193 iure
1952 1133 2085 1195 iam
2129 1132 2374 1195 initum
2421 1138 2557 1198 erat
2605 1152 2801 1198 sacer-

414 1224 666 1302 dotium
684 1285 699 1314 ,
747 1258 951 1322 neque
999 1236 1357 1302 referendae
1404 1243 1554 1301 sunt
1600 1235 1680 1301 ad
1727 1238 2133 1301 creationem.
2200 1235 2327 1301 Res
2373 1240 2641 1303 minime
2689 1237 2799 1303 du-

414 1343 520 1408 bia
536 1393 551 1421 ,
595 1364 754 1428 quae
792 1346 1087 1430 inprimis
1127 1343 1538 1409 confirmatur
1580 1341 2004 1407 similitudine
2042 1341 2543 1408 confirmationis
2567 1364 2799 1430 regum

415 1456 479 1515 et
539 1453 1042 1536 magistratuum
1101 1457 1300 1536 (supr.
1364 1469 1512 1536 pag.
1585 1446 1715 1513 443
1741 1455 1895 1534 sq.),
1962 1451 2159 1513 etiam
2220 1449 2527 1534 probatur
2585 1451 2798 1516 verbis

415 1563 750 1621 auctorum
796 1564 862 1621 et
906 1556 1093 1621 rebus
1132 1556 1406 1621 traditis.
1447 1544 1747 1620 Primum
1786 1554 2011 1619 Livius
2049 1555 2167 1620 hoc
2208 1555 2604 1636 observavit,
2648 1578 2798 1622 cum

415 1664 798 1727 creationem
829 1661 1248 1739 sacerdotum,
1289 1682 1448 1747 quos
1473 1668 1759 1738 „creatos
1782 1660 2367 1747 inauguratusque'’
2394 1682 2529 1727 esse
2552 1661 2800 1728 tradere

415 1766 577 1832 solet
622 1772 822 1853 (supr.
872 1788 1017 1855 pag.
1070 1766 1202 1831 420
1250 1766 1392 1833 adn.
1444 1764 1486 1831 8
1535 1774 1601 1832 et
1651 1766 1718 1846 9)
1768 1765 2113 1853 diligenter
2151 1772 2469 1852 separaret
2506 1768 2583 1833 ab
2621 1770 2797 1834 inau-

415 1876 767 1959 guratione.
818 1871 1062 1939 Deinde
1108 1870 1362 1950 Oicem,
1410 1894 1562 1938 cnm
1611 1871 1916 1937 scriberet
1962 1870 2157 1953 (Phil.
2201 1870 2265 1937 2.
2292 1870 2399 1937 43.
2435 1872 2624 1954 110):
2668 1882 2798 1952 „est

418 2002 551 2060 eryo
598 1982 826 2063 flamen
875 2029 888 2044 .
907 2004 936 2043 ·.
967 2030 981 2046 .
1032 1980 1170 2043 divo
1234 1980 1400 2043 Iulio
1451 1980 1544 2043 M.
1595 1978 1894 2042 Antonius
1908 2006 1936 2054 ,·
1985 1980 2137 2064 quid
2179 1978 2371 2059 iyitur
2416 2002 2607 2043 cessas
2625 2029 2641 2056 ,
2692 2003 2799 2043 cur

417 2108 536 2149 non
580 2085 970 2167 inauqurarie
986 2084 1062 2149 ?''
1114 2084 1389 2151 ostendit
1437 2086 1793 2149 Antonium
1842 2084 2167 2150 flaminem
2211 2085 2407 2151 fuisse
2455 2092 2798 2171 antequam

418 2190 916 2257 confirmaretur.
988 2189 1207 2256 Etiam
1268 2189 1437 2277 quod
1498 2191 1726 2256 Livius
1784 2211 1839 2255 a.
1896 2190 2024 2255 180
2079 2190 2320 2256 factum
2368 2211 2503 2258 esse
2550 2199 2763 2258 narrat
2782 2241 2797 2271 ‚

419 2296 783 2383 pontificem
846 2298 1110 2362 iussisse
1172 2299 1560 2385 magistratu
1621 2317 1687 2361 se
1726 2296 2043 2362 'abdicare
2090 2318 2240 2362 eum
2285 2300 2397 2384 qui
2446 2319 2557 2363 rex
2604 2318 2801 2365 sacro-

418 2425 568 2468 rum
629 2409 853 2489 captus
915 2409 1050 2467 erat
1069 2452 1084 2481 ,
1149 2412 1226 2468 ut
1286 2407 1818 2489 inauguraretur,
1880 2403 2105 2488 probat
2150 2425 2303 2469 eum
2349 2404 2680 2470 hominem
2724 2412 2801 2469 ut

419 2512 706 2595 primum
751 2514 973 2595 captus
1020 2514 1188 2573 esset
1236 2509 1596 2574 subiectum
1645 2508 1840 2572 fuisse
1886 2508 2181 2573 Pontifici
2227 2515 2292 2574 et
2339 2509 2533 2575 fuisse
2578 2530 2799 2597 regem

420 2620 762 2700 antequam
806 2616 1334 2699 inauguraretur,
1382 2624 1459 2679 ut
1491 2614 1657 2679 vidit
1696 2613 2061 2679 Mommsen
2092 2612 2159 2695 ¹).
2206 2614 2557 2701 Dionysius
2598 2618 2803 2703 igitur

421 2718 826 2807 neglegentia
871 2723 1158 2806 peccavit
1208 2742 1358 2785 cum
1403 2720 1705 2785 scriberet
1750 2740 1972 2807 regem
2020 2741 2344 2786 sacrorum
2385 2730 2645 2786 creatwm
2681 2745 2802 2786 esse

421 2846 459 2891 a
496 2825 800 2891 Pontifice
841 2825 1016 2891 Max.
1060 2834 1117 2891 et
1155 2827 1232 2891 ab
1271 2828 1627 2913 auguribus
1644 2876 1660 2905 ,
1703 2848 1905 2912 neque
1946 2827 2368 2916 distingueret
2413 2831 2798 2894 creationem

421 2932 498 2998 ab
559 2934 1044 3017 inauguratione
1072 2932 1144 3012 ⁹).
1217 2932 1396 2997 Idem
1460 2932 1861 2998 efficiendum
1929 2938 2027 2997 est
2095 2954 2173 2998 ex
2244 2932 2367 2999 alio
2438 2932 2578 2999 loco
2596 2983 2613 3013 ,
2683 2935 2798 2999 ubi

421 3038 646 3103 Livius
686 3045 900 3103 narrat
939 3036 1267 3104 Valerium
1303 3038 1621 3123 quendam
1638 3087 1655 3117 ,
1696 3040 1810 3124 qui
1848 3038 2076 3103 flamen
2117 3038 2303 3104 dialis
2337 3047 2559 3125 captus
2598 3047 2765 3106 esset
2780 3088 2798 3119 ,

420 3146 703 3210 invitum
742 3146 1118 3231 inaugurari
1154 3150 1446 3210 coactum
1487 3166 1622 3210 esse
1661 3166 1698 3209 a
1728 3144 2037 3210 Pontifice
2060 3144 2235 3209 Max.
2264 3143 2335 3225 ³).
2383 3144 2578 3211 Recte
2601 3149 2799 3211 etiam

423 3252 759 3337 scriptores
805 3253 966 3315 iuris
1014 3253 1239 3336 periti,
1290 3272 1438 3316 cum
1485 3250 1560 3315 de
1608 3252 1969 3337 virginibus
2016 3250 2364 3316 vestalibus
2409 3258 2638 3338 agant,
2685 3252 2802 3316 ini-

425 3358 592 3421 tium
636 3356 868 3421 harum
915 3356 1244 3422 sacerdotii
1295 3362 1592 3443 repetunt
1632 3356 1709 3421 ab
1750 3378 1823 3423 eo
1861 3362 2148 3444 tempore
2190 3378 2317 3442 quo
2358 3359 2798 3443 capiebantur,

382 3528 388 3531 ,
425 3482 551 3526 non
596 3482 744 3527 vero
793 3463 870 3528 ab
915 3464 1407 3549 inauguratione
1427 3511 1442 3541 ‚
1482 3483 1644 3549 quae
1684 3468 1907 3528 utrum
1942 3468 2161 3548 postea
2199 3462 2365 3529 facta
2405 3466 2489 3527 sit
2510 3471 2587 3529 ut
2610 3484 2801 3550 supra

425 3572 624 3635 statui
669 3589 817 3656 pag.
870 3568 1036 3647 421,
1087 3590 1164 3633 an
1212 3568 1373 3633 forte
1419 3568 1585 3633 facta
1632 3589 1758 3633 non
1806 3571 1924 3646 sit,
1972 3569 2053 3633 ad
2090 3569 2249 3634 hanc
2289 3590 2427 3633 rem
2464 3566 2629 3633 1111111
2665 3590 2803 3655 per-

425 3678 588 3741 tinet
613 3675 686 3759 ⁴).
757 3673 1072 3760 Exempla
1142 3694 1302 3760 quae
1371 3672 1562 3739 attuli
1630 3673 1827 3739 simul
1896 3674 2300 3752 confirmant,
2374 3674 2543 3761 quod
2611 3677 2796 3741 initio

425 3782 560 3847 dixi
577 3830 594 3860 ,
643 3781 993 3847 sacerdotes
1038 3788 1182 3846 tum
1227 3781 1492 3846 demum
1513 3782 1701 3867 facto
1737 3782 1957 3846 iniisse
1998 3780 2427 3846 sacerdotium
2450 3801 2601 3846 cum
2622 3783 2798 3846 inau-

496 4072 552 4139 1)
599 4072 702 4122 Liv.
737 4072 992 4132 40.42.8;
1043 4072 1314 4123 Mommsen
1356 4072 1558 4123 stanter.
1593 4072 1627 4121 2
1660 4086 1765 4138 pag.
1803 4071 1869 4120 83
1904 4071 2014 4123 adn.
2049 4073 2098 4122 8.
2136 4098 2199 4109 —·
2232 4071 2284 4134 2)
2320 4070 2512 4136 Dionys.
2550 4074 2597 4121 5.
2618 4074 2679 4135 13
2709 4072 2795 4123 cfr.

425 4154 698 4206 Mommsen
748 4156 945 4203 stanter.
1000 4154 1032 4203 2
1075 4171 1181 4220 pag.
1217 4156 1246 4208 7
1293 4156 1400 4206 adn.
1436 4157 1483 4205 4.
1537 4183 1606 4192 —
1657 4156 1709 4216 8)
1740 4154 1842 4204 Liv.
1879 4153 2027 4213 218,
2059 4154 2145 4203 cfr.
2184 4153 2290 4202 val.
2328 4154 2461 4203 Mu.
2498 4154 2679 4205 ⁶.9.8.
2732 4182 2797 4194 —

420 4236 488 4301 4)
533 4236 657 4287 Gen.
707 4238 749 4286 1.
773 4237 849 4286 12.
871 4236 926 4285 9:
983 4236 1162 4301 ‚Virgo
1206 4240 1365 4286 nutem
1414 4237 1632 4295 vestalis,
1680 4236 1824 4286 simul
1870 4245 1940 4285 eet
1972 4240 2112 4301 capta
2145 4238 2290 4300 atque
2320 4236 2374 4285 in
2409 4236 2587 4286 atrium
2630 4236 2797 4287 Vestae

421 4320 625 4369 deducta
669 4323 718 4368 et
763 4316 1060 4383 pontificibus
1101 4320 1282 4369 tradita
1325 4322 1422 4378 est,
1469 4335 1524 4368 οο
1555 4320 1721 4369 statim
1754 4324 1970 4385 tempore
2006 4356 2017 4368 .
2039 4356 2050 4368 .
2072 4356 2083 4369 .
2119 4334 2146 4367 e
2178 4320 2330 4384 patris
2364 4321 2601 4383 potestate
2633 4316 2797 4381 cxit'';

427 4402 530 4452 Oui.
566 4404 609 4451 1.
637 4403 744 4461 180,
781 4401 973 4464 Ulpinn.
1009 4403 1085 4452 10.
1107 4406 1154 4453 5.
