3192 5009
1149 310 1353 359 smus
1396 310 1711 359 rrfflcus.
2489 292 2617 359 199

244 474 417 543 272:
474 480 781 543 trahentem
824 478 1261 564 (Rupertius);
1306 476 1474 543 299:
1516 478 1802 541 curvabat
1839 476 2258 558 (Nodellius);
2305 475 2433 542 381
2474 478 2620 541 cele-

240 584 487 647 branda
542 584 638 665 (N.
680 585 1051 664 Heinsius),
1116 583 1286 669 quod
1332 589 1398 649 et
1444 605 1563 670 ego
1614 587 2041 662 conieceram,
2091 585 2170 649 cf.
2221 582 2406 649 ovid.
2453 582 2616 648 Met.

240 688 347 753 VI.
402 689 536 756 588
551 710 567 767 ;
614 690 800 778 Verg.
849 693 1007 756 Aen.
1057 689 1228 755 VIII.
1287 687 1449 767 173;
1501 689 1640 755 Val.
1689 689 1787 754 Fl.
1837 688 2006 753 VIII.
2044 685 2211 767 2¹79;
2256 687 2426 753 435:
2467 690 2620 752 evol-

235 818 379 858 vm
424 796 675 877 (idem),
742 798 819 861 cf.
872 795 987 861 Sil.
1036 796 1112 860 V.
1163 794 1336 876 4203
1390 795 1580 883 Verg.
1631 797 1788 861 Aen.
1838 795 1954 860 IX.
2007 794 2167 875 5293
2220 792 2405 861 ovid.
2452 793 2616 860 Met.

232 900 375 965 XV.
436 902 591 979 151;
642 902 811 968 486:
861 901 1121 983 tumebit
1167 901 1415 983 (idem).
1611 910 1614 913 ’

320 1006 497 1072 VIII.
542 1008 663 1073 20:
725 1007 877 1071 satie
940 1008 1315 1095 (Rupertius
1376 1014 1441 1073 et
1505 1007 1837 1087 Bothius);
1905 1006 1989 1071 41
2053 1006 2142 1070 sic
2187 1006 2518 1087 (Barthius
2561 1029 2614 1072 c.

230 1112 489 1193 Oxon.),
534 1114 788 1178 tenuisse
832 1114 1233 1199 (Rupertius.
1286 1111 1441 1180 cod.
1493 1111 1631 1179 Ool.
1681 1113 1954 1178 habebat
1999 1113 2392 1195 detenuisse„
2448 1111 2613 1178 172:

232 1220 391 1283 noeti
442 1218 791 1301 (Blassius),
841 1219 1011 1306 quod
1058 1225 1125 1285 et
1169 1220 1335 1284 mihi
1381 1222 1448 1283 in
1495 1226 1783 1285 mentem
1828 1226 2107 1285 venerat.
2158 1218 2254 1287 Of.
2303 1219 2488 1284 Ovid.
2538 1241 2616 1285 ex

228 1328 441 1391 Ponto
491 1326 597 1390 111.
651 1324 711 1393 ’7.
764 1326 833 1404 5;
888 1325 1054 1391 181:
1105 1332 1345 1411 tutoque
1390 1332 1632 1408 receptu
1678 1324 2152 1407 (Schraderus);
2224 1325 2392 1390 209:
2442 1328 2618 1390 corde

230 1432 583 1509 (Bentleius
628 1439 694 1497 et
740 1432 1174 1513 Schraderus),
1226 1432 1396 1517 quod
1443 1438 1507 1497 et
1554 1452 1677 1517 ego
1725 1434 2135 1497 conieceram.
2202 1430 2298 1498 Of.
2347 1430 2397 1495 I.
2447 1430 2578 1497 530
2593 1453 2610 1510 ;

230 1538 397 1603 236;
476 1545 695 1601 mutato
758 1538 865 1619 (N.
932 1538 1263 1617 Heinsius)
1281 1558 1298 1615 3
1372 1536 1542 1603 264:
1609 1537 1900 1601 violentia
1947 1536 2343 1618 (Withofius)
2361 1557 2378 1615 ;
2443 1535 2612 1602 418:

230 1652 488 1708 retortu-e
528 1644 886 1725 (Bothius);
942 1642 1073 1708 554
1110 1644 1478 1726 [spectacula
1518 1650 1693 1707 tanta
1731 1646 1889 1707 Ante
1929 1643 2090 1707 acies
2127 1643 2375 1707 virtutis
2414 1647 2614 1726 erant]

228 1748 567 1829 (Blassius)
584 1772 601 1828 3
656 1748 823 1815 585:
872 1751 1173 1813 humerum
1220 1748 1581 1830 (Livineius
1633 1757 1698 1815 et
1742 1748 2141 1835 Rupertius),
2184 1749 2353 1835 quod
2390 1732 2469 1815 et*
2493 1770 2612 1836 ego

230 1860 642 1923 conieceram.
695 1855 793 1923 Of.
842 1856 1033 1943 Verg.
1084 1858 1242 1922 Aen.
1291 1856 1407 1921 XI.
1460 1856 1613 1922 649.

1302 2252 1544 2301 CICERO.

314 2416 491 2482 Verr.
542 2416 607 2481 H
654 2416 716 2495 2,
743 2415 853 2495 29,
882 2412 963 2482 ’71
1016 2415 1326 2481 mendum
1370 2414 1807 2497 leviusculum
1853 2416 2308 2503 corrigendum
2355 2422 2470 2482 est.
2522 2454 2607 2465 —
2701 2478 2706 2485 .

230 2522 445 2589 Verres
512 2522 860 2608 Sopatrum
878 2572 893 2600 ,
956 2523 1287 2587 hominem
1348 2521 1642 2587 Siculum
1661 2572 1678 2601 ‚
1741 2526 1834 2587 rei
1900 2523 2190 2609 capitalis
2239 2544 2424 2588 reum
2470 2544 2608 2589 con-

232 2628 511 2695 demnari
578 2628 743 2693 vult.
808 2628 979 2693 Nam
1038 2631 1094 2694 is
1156 2650 1299 2715 pro,
1335 2628 1539 2693 salute
1586 2650 1704 2694 sua
1749 2631 2065 2694 minorem
2111 2632 2450 2715 pecuniam
2496 2652 2610 2694 nu-

228 2742 616 2811 meraverat,
684 2754 877 2820 quam
942 2734 1250 2820 quantam
1299 2740 1694 2799 accusatores
1742 2736 1880 2799 eius
1925 2756 2040 2819 pro
2089 2736 2608 2800 condemnatione

228 2840 493 2925 polliciti
558 2845 769 2917 erant,
833 2839 1056 2905 deinde
1118 2841 1235 2905 hac
1300 2839 1375 2904 de
1442 2861 1509 2905 re
1574 2842 1808 2905 certior
1863 2840 2068 2905 factus
2115 2840 2392 2926 amplius
2438 2844 2609 2927 quic-

230 2968 407 3032 quam
470 2968 543 3011 se
590 2946 894 3011 daturum
935 2945 1379 3033 denegaverat.
1429 2948 1517 3010 At
1562 2965 1752 3011 causa
1800 2944 2057 3032 Sopatri
2103 2952 2239 3012 erat
2287 2947 2482 3026 bona,
2531 2953 2608 3013 ut

226 3057 322 3138 qui
384 3052 621 3119 eodem
677 3050 789 3116 fflo
851 3055 1117 3117 crimine
1179 3051 1347 3137 apud
1411 3049 1481 3118 G.
1530 3050 1934 3117 Sacerdotem
1954 3101 1969 3130 ,
2033 3058 2393 3139 praetorem
2449 3057 2608 3119 inte-

228 3162 579 3244 gerrimum
597 3207 613 3234 ,
679 3160 783 3222 cui
844 3156 1069 3223 Verres
1130 3160 1433 3223 successit
1450 3206 1465 3235 ,
1530 3158 1772 3223 iudicio
1835 3157 2142 3222 liberatus
2208 3159 2435 3223 fuisset
2449 3179 2466 3237 ;
2536 3161 2608 3223 in

228 3264 480 3330 consilio
533 3270 749 3328 autem
790 3264 1150 3349 frequentes
1200 3262 1463 3328 aderant
1504 3264 1706 3329 iidem
1751 3265 2042 3328 homines
2088 3264 2341 3330 honesti
2387 3286 2422 3330 e
2466 3285 2608 3331 oon-

230 3378 407 3435 ventu
480 3369 883 3455 Syracusano
902 3420 918 3447 ,
986 3371 1098 3455 qui
1160 3376 1345 3435 antea
1407 3369 1827 3435 absolverant.
1892 3369 2084 3436 Videt
2128 3374 2336 3458 igitur
2381 3372 2608 3439 Verres

230 3477 437 3543 audaci
510 3474 724 3561 aliqua
786 3482 977 3561 atque
1041 3475 1323 3541 violenta
1382 3478 1628 3541 ratione
1685 3476 1806 3540 sibi
1853 3496 2014 3560 opus
2063 3498 2197 3543 esse
2216 3527 2233 3556 ‚
2283 3484 2358 3542 ut
2406 3500 2484 3543 ex
2533 3500 2605 3545 eo

230 3604 441 3668 genere
514 3581 853 3659 hominum
916 3602 1112 3667 quam
1175 3580 1489 3667 plurimos
1548 3581 1697 3647 inde
1760 3588 2107 3647 amoveret.
2172 3584 2267 3646 M.
2319 3584 2607 3649 Petibium

233 3689 465 3771 equitem
530 3687 859 3749 Romanum
876 3736 892 3763 ,
962 3710 1127 3771 quem
1188 3688 1437 3749 habebat
1482 3686 1550 3750 in
1599 3687 1846 3750 consibio
1865 3736 1881 3763 ,
1929 3686 2091 3751 iubet
2139 3710 2376 3770 operam
2423 3692 2603 3768 dare,

232 3796 367 3876 quod
408 3792 514 3856 rei
548 3792 837 3874 privatae
872 3794 1057 3856 iudea·
1103 3800 1267 3856 esset.
1320 3791 1486 3872 Quid
1530 3791 1694 3857 velit
1738 3791 1964 3858 Verres
2010 3794 2426 3858 manifestum
2471 3802 2603 3872 est3

234 3900 323 3965 sed
362 3899 569 3965 verba
614 3900 773 3964 vitio
821 3920 951 3963 non
996 3904 1211 3963 carent
1229 3918 1246 3975 ;
1296 3904 1546 3985 oportet
1592 3901 1765 3963 enim
1813 3898 1961 3963 addi
2007 3902 2266 3965 cuinam
2302 3903 2398 3965 rei
2434 3901 2609 3966 Peti-

231 4002 337 4069 lius
398 4023 671 4091 operam
732 4002 877 4068 dare
926 4004 1242 4069 iubeatur.
1292 4004 1781 4069 Emendandum
1827 4012 1924 4069 est
1968 4006 2129 4069 iubet
2173 4029 2411 4089 operam
2457 4009 2607 4071 dare

234 4134 263 4193 q
278 4136 309 4173 u
324 4114 393 4177 oi
448 4109 549 4174 rei
584 4110 870 4192 privatae
914 4110 1099 4174 iudex
1144 4116 1309 4174 esset.

2177 4230 2236 4297 J.
2286 4230 2350 4297 S.
2400 4232 2465 4299 S.
