3192 5009
518 242 649 308 296
1550 260 1871 310 nonanus.

515 430 764 493 dicatur
811 429 1159 508 ἐρίγδουπος
1210 435 1383 499 πόσις
1424 429 1612 506 Ἥρης
1655 437 1846 514 atque
1887 435 2061 500 πόσις
2101 428 2287 508 Ἥρης
2332 431 2634 508 ἠϋκόμοιο,
2677 441 2899 496 tamen

512 536 677 600 mihi
721 533 942 600 videor
990 535 1355 600 observasse
1403 536 1688 620 epitheta
1733 534 1925 621 paulo
1973 535 2368 621 frequentius
2407 557 2558 601 cum
2594 540 2898 623 genetivo

510 663 660 707 casu
728 644 1036 728 coniungi
1051 662 1067 720 3
1140 640 1345 706 veluti
1405 639 1746 706 Diomedes
1809 642 2183 719 μεγαθύμου
2244 641 2470 713 Τυδέος
2533 641 2656 715 υἱός
2709 663 2899 728 saepe

510 749 877 812 nominatur
922 753 986 812 et
1032 752 1183 811 sunt
1232 747 1447 820 Οἰνῆος
1496 747 1922 823 μεγαλήτορος
1972 748 2124 819 υἱέες
2167 753 2232 813 et
2269 749 2391 819 υίὸς
2433 749 2730 827 Πριάμοιο
2771 748 2900 813 δαΐ-

510 858 719 933 φρονος
768 851 1117 940 eodemque
1162 853 1355 918 modo
1396 855 1747 917 sexcenties
1765 851 1971 930 alibi,
2012 853 2123 918 sed
2161 851 2352 939 paulo
2392 857 2598 940 rarius
2634 857 2896 922 invenio

510 960 819 1031 Λυκάονος
883 960 1013 1024 υἱὸν
1072 961 1368 1036 ἀμύμονα
1431 965 1496 1024 et
1560 959 1958 1040 Ἱππολόχοιο
2004 961 2302 1040 φαίδιμος
2353 959 2476 1032 υἱός
2523 966 2590 1026 et
2631 961 2896 1026 similia.

510 1064 817 1145 Quocirca
853 1064 1141 1131 nondum
1178 1068 1481 1132 continuo
1520 1063 1762 1130 Tecum
1780 1114 1797 1143 ,
1841 1068 1935 1130 mi
1973 1065 2336 1144 Leeuweni,
2377 1068 2650 1133 scribere
2683 1071 2895 1132 ausim

510 1172 660 1242 λαὸς
728 1172 1071 1247 ἐϋμμελίης
1134 1167 1429 1250 Πριοίμοιο
1493 1177 1557 1235 et
1620 1173 1676 1235 si
1737 1171 1975 1236 ἱππότα
2027 1172 2272 1246 Πηλεὺς
2325 1173 2578 1250 dicitur,
2625 1173 2896 1238 fortasse

508 1281 706 1343 etiam
766 1283 1053 1342 extrema
1112 1281 1436 1362 senectute
1499 1278 1740 1360 poterit
1799 1280 1937 1362 ipse
1987 1277 2288 1342 Priamus
2336 1278 2677 1355 ἐϋμμελίης
2733 1279 2892 1356 dici,

508 1404 711 1469 quum
772 1383 931 1449 olim
993 1382 1360 1448 adulescens
1422 1388 1678 1447 strenue
1739 1404 1875 1447 rem
1938 1387 2248 1470 gesserit,
2310 1393 2355 1449 Γ
2388 1383 2537 1450 188.
2587 1383 2892 1452 Ceterum

506 1494 766 1575 propter
811 1511 847 1552 κ
876 1488 1006 1554 106
1047 1487 1335 1568 θυγατέρ’
1378 1488 1600 1567 ίφθίμη
1638 1489 2054 1569 Λαιςρυγόνος
2095 1490 2512 1568 Ἀντιφάταο,
2548 1492 2892 1557 rescribere

505 1597 861 1678 poterimus
922 1592 955 1656 δ
984 1593 1114 1659 365
1178 1593 1451 1673 Πρωτέος
1517 1592 1815 1672 ἰφθίμη
1883 1594 2157 1675 θυγάτηρ
2204 1595 2398 1660 οἱλίοιο
2447 1593 2730 1674 ’γέροντος
2777 1615 2890 1682 pro

508 1699 785 1782 ίφθίμου.

596 1903 767 1968 VIII.
815 1903 1171 1990 Impeditus
1216 1904 1394 1970 locus
1442 1909 1539 1968 est
1583 1905 1696 1969 ubi
1741 1903 1985 1990 legitur
2031 1915 2074 1968 B
2102 1902 2270 1968 355:

777 2013 914 2089 πρίν
959 2035 1099 2075 τινα
1146 2013 1293 2094 οτιῖιρὑ
1324 2012 1600 2090 Τρώων
1649 2010 1866 2090 ἀλόχῳ
1914 2013 2477 2095 κατακοιμηθῆναι,

504 2115 673 2201 quod
732 2116 966 2182 ferrem
1020 2120 1075 2181 si
1121 2116 1423 2183 Troianae
1472 2115 1774 2182 mulieres
1820 2116 2116 2202 pluribus
2163 2119 2416 2181 maritis
2461 2115 2688 2182 eodem
2736 2123 2887 2182 tem·

503 2243 653 2308 pore
716 2229 953 2309 nuptae
1015 2244 1151 2288 esse
1198 2226 1589 2309 potuissent;
1640 2243 1809 2287 nunc
1856 2221 2026 2288 malo
2074 2230 2134 2287 T
2153 2246 2182 2303 ρ
2201 2231 2298 2304 φῇ
2348 2221 2588 2305 ἀλόχῳ.
2651 2221 2886 2288 Hiatus

501 2327 725 2394 horror
769 2328 1198 2415 corruptelam
1244 2332 1511 2416 peperit.

592 2545 709 2612 IX.
754 2545 899 2612 Non
946 2546 1278 2613 ferendum
1325 2553 1423 2614 est
1466 2548 1690 2629 φύλοις
1739 2567 1853 2633 pro
1896 2545 2149 2628 <Mamm
2201 2559 2244 2612 B
2275 2547 2442 2614 363:

775 2659 919 2731 κρῖν’
966 2651 1185 2734 ἄνδρας
1235 2655 1403 2719 κατὰ
1453 2658 1672 2735 φῦλα,
1723 2652 1891 2718 κατὰ
1936 2653 2250 2732 φρήτρας,
2300 2651 2727 2738 Ἀγάμεμνον,

734 2761 849 2832 ὥς
896 2760 1132 2840 φρήτρη
1180 2763 1529 2842 φρήτρηφιν
1579 2760 1816 2842 ἀρήγῃ,
1863 2763 2044 2890 φῦλα
2093 2759 2156 2823 δὲ
2201 2759 2521 2848 φύλοις.

499 2863 794 2931 Fortasse
841 2866 1093 2950 probari
1135 2868 1405 2951 poterit.

772 2974 849 3044 ὡς
896 2972 1133 3053 φρήτρη
1184 2974 1457 3054 φρήτρη,
1506 2977 1704 3055 φῦλον
1753 2971 1834 3036 δέ
1865 2993 1936 3034 τε
1982 2969 2211 3052 φύλῳ
2259 2970 2482 3054 ἀρήγῃ.

592 3191 676 3255 X.
724 3190 1199 3258 Demonstrabit
1246 3203 1289 3256 Β
1318 3191 1449 3258 634
1500 3190 1966 3277 Cephallenum
2011 3191 2270 3255 nomine
2287 3237 2303 3268 ,
2346 3189 2578 3275 quibus
2619 3187 2878 3274 Ulysses

500 3303 753 3382 praeest
770 3346 786 3375 ,
852 3300 1053 3363 etiam
1113 3297 1499 3386 Zacynthios
1562 3297 2050 3383 comprehendi:
2121 3295 2532 3381 Xenophonti
2578 3295 2734 3360 haec
2779 3295 2880 3359 ob-

500 3406 777 3468 servatio
824 3403 1118 3489 prodesse
1160 3407 1397 3489 poterit
1440 3406 1511 3468 in
1555 3403 1836 3469 Anabasi
1873 3403 1936 3468 H
1981 3403 2036 3467 1.
2068 3398 2142 3468 ’7;
2185 3399 2253 3476 ἦν
2297 3401 2352 3467 δ’
2377 3404 2578 3467 αὐτῶν
2619 3410 2874 3472 Φαλῖνος

500 3505 612 3581 εἷς
677 3508 755 3576 'E
778 3525 974 3586 λλην
996 3557 1011 3588 ,
1074 3532 1189 3596 pro
1252 3532 1376 3596 quo
1441 3508 1722 3577 Cobetus
1767 3515 1845 3575 ut
1892 3508 2242 3575 tolerabilis
2289 3507 2481 3574 lectio
2526 3507 2742 3594 fieret,
2789 3527 2880 3572 re-

501 3618 787 3702 scripsit:
862 3609 931 3688 ήν
970 3615 1043 3679 ’δ’
1107 3617 1309 3681 αὐτῶν
1372 3611 1457 3688 εἷς
1517 3615 1758 3691 Ἕλλην
1825 3623 2113 3689 Φαλῖνος.
2177 3614 2555 3702 Legendum
2601 3620 2729 3692 est,
2779 3615 2875 3678 uti

500 3725 793 3802 arbitror,
833 3719 900 3796 ἦν
941 3723 993 3788 δ’
1032 3725 1233 3789 αὐτῶν
1276 3731 1534 3796 Φαλῖνος
1578 3733 1629 3788 Κ
1649 3750 1676 3789 ε
1697 3731 1928 3803 φαλλ
1948 3723 1981 3797 ή
2002 3747 2050 3787 ν.
2101 3721 2530 3810 Zacynthium
2551 3720 2874 3787 hominem

500 3830 697 3896 fuisse
769 3830 937 3915 dicet
1003 3830 1392 3895 Plutarchus
1462 3832 1684 3896 Artax.
1756 3828 1860 3907 13,
1933 3832 2032 3894 uti
2104 3836 2168 3894 et
2238 3827 2556 3894 Diodorus
2625 3825 2872 3894 Siculus

500 3935 653 4000 XIV
700 3935 808 4002 25.
860 3935 988 4002 Sed
1029 3937 1183 4002 haec
1232 3936 1456 4004 obiter.

591 4155 705 4220 XI.
768 4166 813 4222 Γ
842 4156 1009 4222 438:

856 4265 941 4343 τῷ
989 4261 1053 4327 δέ
1098 4286 1179 4340 γε
1227 4263 1538 4338 νικήσαντι
1587 4261 1792 4343 φίλη
1841 4261 2130 4337 κεκλήσε’
2178 4259 2437 4335 ἄκοιτις.

495 4367 735 4434 Utrum
780 4389 1000 4433 casum
1049 4370 1154 4434 hic
1199 4368 1639 4456 intelligemus
1656 4418 1672 4447 ,
1721 4371 2198 4434 nominativum
2245 4389 2324 4434 an
2371 4359 2782 4433 vocativum?
