3192 5009
575 255 705 323 376
1570 271 1923 322 vanamne.

660 439 893 506 Versus
940 440 1189 505 medius
1232 439 1476 504 laborat
1520 439 1788 504 obscura
1826 437 2352 538 breviloquentia.
2402 434 2448 500 S
2465 457 2498 500 e
2515 436 2645 500 rvi
2665 455 2712 498 u
2730 456 2762 498 s
2799 435 2942 500 haec

568 543 926 610 adnotavit:
973 548 1072 622 „si
1108 546 1398 623 volebant,
1426 565 1647 610 sensus
1671 549 1768 609 est
1795 543 2066 621 „Musae
2090 545 2428 626 utriusque
2457 539 2943 615 meminerant'’,

436 685 459 704 -·
567 657 687 730 „ut
732 657 952 716 amant
998 651 1241 716 alterna
1284 649 1642 718 Camenae'’
1684 649 1774 730 (3.
1804 648 1937 730 59).
1987 648 2114 714 Sed
2151 647 2348 713 multi
2386 647 2646 712 volebam
2685 645 2941 732 legunt,

569 763 686 835 „ut
746 759 831 821 sit
890 776 1141 822 sensus:
1212 758 1583 842 „optabam‚
1647 778 1684 820 o
1731 755 1959 822 Musae
1977 804 1994 833 ,
2043 757 2416 820 meminisse
2461 752 2776 830 alternos,
2823 754 2868 816 i.
2892 773 2943 816 e.

567 864 825 940 „omnia
870 883 1029 948 quae
1074 863 1373 928 dixerunt
1420 868 1668 936 tenere;
1731 882 1883 926 nam
1930 871 1996 926 et
2041 865 2108 925 in
2155 861 2280 925 fine
2326 860 2614 926 dicturus
2663 867 2766 924 est
2808 859 2945 921 baec

567 969 846 1046 „mmini
894 977 982 1049 (v.
1011 968 1189 1048 69).”
1238 969 1313 1033 In
1358 970 1459 1034 his
1509 968 1664 1054 quid
1709 967 2070 1054 significent
2107 966 2251 1032 illa:
2300 967 2570 1044 „Musae
2612 969 2944 1050 utriusque

565 1074 1095 1152 „meminerant'',
1135 1096 1323 1142 nemo
1364 1075 1547 1140 facile
1596 1074 1847 1150 dixerit,
1898 1094 2290 1158 quamquam
2335 1072 2375 1138 J
2392 1093 2701 1138 oannes
2749 1071 2944 1135 Hen-

561 1185 742 1246 ricu
761 1202 789 1244 s
836 1180 941 1245 Vo
960 1202 1033 1244 ss
1080 1183 1338 1266 putavit
1385 1180 1686 1246 Servium
1734 1180 1852 1244 hoc
1899 1179 2213 1245 voluisse:
2279 1179 2380 1245 die
2427 1178 2663 1244 Musen
2707 1179 2942 1263 begeis—

560 1293 767 1352 terten
814 1287 1013 1352 beide.
1063 1286 1241 1352 Idem
1288 1286 1658 1373 philologus
1701 1284 2216 1373 elegantissimus
2257 1285 2566 1370 praetulit
2603 1282 2936 1350 lectionem

557 1393 836 1471 volebam,
886 1394 963 1458 ab
1010 1416 1137 1459 uno
1184 1394 1405 1459 Servio
1452 1394 1636 1459 nobis
1674 1400 2014 1458 servatam.
2065 1392 2181 1458 Ille
2223 1396 2294 1456 in
2331 1414 2438 1458 vv.
2481 1391 2766 1468 alternos,
2808 1390 2942 1454 Mu»

557 1523 660 1564 sae
676 1549 692 1576 ,
743 1499 1069 1565 meminisse
1116 1501 1374 1564 volebam
1392 1549 1407 1578 ‚
1453 1497 1880 1565 indicativum
1927 1500 2185 1563 volebam
2232 1520 2347 1584 pro
2389 1500 2680 1582 optativo
2739 1495 2940 1560 vellem

560 1605 807 1672 dictum
845 1627 979 1672 esse
1018 1609 1415 1672 existimavit
1432 1655 1447 1683 ,
1490 1613 1555 1671 et
1590 1627 1776 1691 porro
1815 1609 1908 1670 ita
1948 1606 2102 1670 haec
2141 1609 2340 1670 vertit
2379 1607 2564 1689 quasi
2584 1603 2936 1691 legeretur:

563 1714 856 1790 „utinam
872 1761 888 1790 ,
953 1734 988 1778 o
1036 1712 1264 1778 Musae
1282 1762 1298 1790 ‚
1363 1715 1579 1778 omnia
1626 1713 1936 1778 memoria
1985 1719 2198 1776 tenere
2244 1714 2602 1797 potuissem
2649 1729 2812 1796 quae
2859 1705 2940 1772 al·

513 1813 515 1815 ’
562 1821 771 1896 „terni
833 1819 1260 1884 cecinerunt''.
1324 1818 1548 1904 Itaque
1609 1840 1759 1884 cum
1819 1817 2040 1884 Servio
2101 1818 2476 1905 longissime
2539 1817 2860 1908 aberravit
2904 1833 2939 1878 a

559 1928 842 2011 genuina
889 1926 1231 1991 verborum
1292 1925 1774 2011 significatione.
1841 1923 2221 1990 Observavit
2282 1932 2500 1990 autem
2562 1933 2728 1990 recte
2747 1972 2764 1999 ‚
2821 1929 2939 1986 tra·

557 2031 777 2096 laticia
830 2031 1104 2097 lectione
1166 2032 1439 2095 volebant
1483 2033 1550 2095 in
1596 2034 1839 2096 incerto
1889 2029 2198 2115 relinqui,
2262 2030 2666 2096 voluerintne
2711 2027 2937 2094 Musae

558 2159 587 2201 s
604 2158 638 2202 e
698 2139 1025 2201 meminisse
1044 2135 1079 2216 ,’
1124 2159 1157 2202 6
1176 2159 1211 2202 0
1230 2159 1260 2202 s
1307 2137 1636 2201 meminisse
1653 2187 1670 2214 ,
1734 2158 1804 2201 m
1820 2158 1854 2202 e
1903 2137 2252 2202 meminisse.
2319 2135 2680 2222 Concinunt
2724 2141 2936 2200 tamen

556 2243 846 2308 hodierni
906 2247 1282 2328 interpretes
1347 2245 1476 2311 fere
1535 2246 1606 2307 in
1659 2265 1733 2309 eo
1782 2248 1858 2308 ut
1903 2247 2210 2309 omissam
2257 2251 2488 2329 putent
2533 2265 2656 2308 non
2701 2239 2937 2307 reflexi-

554 2371 749 2428 vum,
798 2350 969 2436 quod
1012 2354 1205 2416 nimis
1252 2354 1546 2435 ineptum
1566 2399 1581 2428 ‚
1623 2371 1750 2415 non
1789 2352 2069 2435 primam
2107 2371 2477 2436 personam,
2529 2370 2691 2434 quae
2729 2367 2936 2434 gram-

554 2458 788 2521 matice
833 2457 953 2520 hoc
996 2455 1136 2521 loco
1181 2460 1351 2523 iuste
1396 2477 1522 2521 non
1568 2459 1786 2541 potuit
1833 2459 2083 2532 omitti,
2141 2457 2250 2522 sed
2295 2459 2557 2521 tertiam
2603 2472 2936 2541 personam

554 2583 649 2626 eos
694 2568 1063 2647 (pastores),
1119 2563 1341 2628 eodem
1384 2565 1524 2628 iure
1571 2561 1993 2647 supplendam
2011 2612 2028 2640 ,
2078 2568 2154 2627 ut
2197 2569 2431 2648 putant
2447 2611 2463 2639 ,
2514 2568 2707 2646 atque
2753 2563 2824 2624 in
2872 2579 2933 2622 v.

552 2669 711 2733 Aen.
760 2667 824 2732 2.
874 2667 960 2732 25
1007 2691 1112 2732 nos
1157 2669 1375 2733 abiisse
1419 2670 1544 2732 rati
1592 2675 1650 2731 et
1694 2675 1864 2732 vento
1901 2667 2156 2750 petiisse
2193 2669 2501 2752 Mycenas.
2551 2665 2935 2752 Intelligunt

549 2775 756 2860 igitur
813 2772 1030 2838 locum
1094 2776 1216 2839 sic:
1284 2776 1544 2851 „Musae
1605 2773 1877 2837 volebant
1938 2779 2220 2859 pastores
2281 2774 2612 2838 meminisse
2673 2773 2935 2836 alternos

550 2878 837 2945 versus''.
902 2878 1028 2944 Sed
1064 2880 1323 2945 haecine
1362 2878 1742 2964 simpliciter
1779 2883 1873 2944 ita
1910 2885 2173 2945 vertunt
2211 2885 2286 2945 ut
2329 2886 2614 2966 oportet:
2665 2877 2932 2957 „Musae

550 2984 849 3051 volebant
895 2992 971 3050 ut
1013 2987 1376 3071 pastoribus
1420 2989 1489 3050 in
1535 2991 1822 3052 mentem
1869 2989 2161 3052 venirent
2198 2985 2429 3052 alterni
2469 3007 2694 3052 versus
2734 3008 2773 3071 q
2791 3005 2934 3049 uos

552 3090 757 3156 olim
817 3099 1465 3180 composuerant
1520 3091 1657 3157 vel
1718 3089 2520 3178 excogitaverant?’'
2587 3090 2768 3156 Nihil
2815 3091 2933 3155 mi-

548 3217 690 3261 nus.
736 3194 944 3262 Verba
980 3197 1309 3261 meminisse
1345 3197 1606 3263 alternis
1644 3201 1737 3263 ita
1775 3205 2196 3283 contorquent
2213 3248 2229 3276 ‚
2271 3204 2347 3263 ut
2383 3197 2699 3264 indicent:
2743 3195 2936 3274 „Mu-

549 3322 654 3367 sae
700 3303 863 3367 hanc
905 3300 1121 3389 legem
1157 3305 1455 3368 carminis
1492 3303 1787 3369 dicebant
1804 3353 1820 3380 ‚
1864 3309 1938 3368 ut
1978 3325 2104 3369 vss.
2148 3303 2408 3369 alternis
2445 3303 2550 3369 illi
2589 3299 2930 3370 canerent'’

550 3407 857 3494 (Wagner
902 3413 969 3472 et
1012 3407 1344 3496 Forbiger)
1363 3458 1378 3487 ‚
1427 3408 1568 3474 vel:
1629 3409 1791 3486 „Die
1836 3409 2072 3474 Musen
2119 3409 2379 3475 onten
2397 3460 2414 3487 ‚
2467 3410 2611 3475 dass
2657 3411 2747 3474 sie
2793 3407 2933 3474 sich

550 3515 703 3592 „der
738 3535 851 3577 von
890 3515 1005 3576 den
1042 3515 1263 3578 Musen
1294 3515 1601 3595 gelehrten
1640 3517 1842 3578 Kunst
1881 3517 1984 3578 des
2019 3515 2098 3580 W
2089 3516 2488 3597 eehsecsanqes
2525 3513 2930 3582 erinnerten''

546 3618 882 3705 (Ladewig
944 3624 1010 3685 et
1069 3618 1392 3704 Sehaper).
1449 3618 1575 3685 Sed
1621 3621 1776 3705 quid
1821 3622 1974 3686 haec
2022 3626 2170 3686 sunt
2216 3624 2342 3686 nisi
2387 3622 2693 3708 ambages
2735 3623 2932 3685 inter-

546 3731 807 3810 pretum
848 3727 917 3789 in
955 3727 1175 3811 inopia
1210 3723 1649 3791 versantium?
1695 3727 1948 3792 Novam
1987 3726 2347 3812 explicandi
2387 3729 2565 3792 viam
2599 3730 2929 3814 ingressus

546 3837 643 3896 est
690 3829 1142 3896 Kolsterus
1176 3830 1289 3896 1.1.
1332 3853 1394 3917 p.
1445 3831 1593 3909 146,
1638 3836 1751 3917 qui
1790 3833 2115 3899 contendit
2155 3833 2374 3897 Musae
2411 3854 2540 3899 non
2579 3853 2712 3900 esse
2749 3853 2926 3898 nom.

545 3937 749 4022 plur.‚
808 3937 919 4002 sed
962 3940 1161 4024 genit.
1212 3940 1377 4024 sing.
1423 3959 1493 3994 -τ
1536 3939 1819 4002 carminis
1864 3946 1939 4004 ut
1983 3942 2050 4003 in
2099 3938 2236 4005 Ecl.
2287 3939 2318 4004 I
2365 3947 2447 4031 et⁴
2476 3937 2662 4018 VIII,
2711 3945 2776 4004 et
2819 3959 2929 4023 pa-

542 4048 743 4108 stores
789 4043 980 4109 habet
1030 4063 1143 4128 pro
1191 4044 1475 4108 subiecto
1512 4045 1694 4110 verbi
1734 4045 2036 4121 volebant;
2080 4045 2350 4130 denique
2389 4045 2716 4110 meminisse
2751 4043 2928 4110 idem

542 4167 679 4212 esse
742 4153 929 4233 putat
988 4147 1159 4233 quod
1223 4149 1443 4212 callere
1462 4196 1476 4225 ,
1544 4147 1688 4214 coll.
1751 4149 2096 4215 Homerico
2161 4153 2474 4229 μνήσαντο
2541 4150 2604 4216 δὲ
2665 4147 2923 4229 θούριδος

540 4253 761 4325 danne.
826 4253 1231 4338 Quamquam
1291 4261 1510 4319 autem
1571 4273 1808 4340 magna
1870 4257 2254 4322 verbositate
2315 4256 2532 4322 locum
2589 4258 2922 4332 tractavit,

538 4379 860 4446 nusquam
920 4367 1136 4427 tamen
1198 4360 1497 4426 distincte
1561 4367 1955 4427 structuram
2008 4364 2354 4428 verborum
2403 4369 2517 4428 aut
2563 4365 2922 4427 versionem
