3192 5009
531 299 665 367 360
1339 323 1426 369 nn
1472 323 1741 371 'mmm
1786 322 2087 372 nomme.

529 490 732 552 tentia
799 487 874 552 de
943 487 1076 552 deis
1145 487 1522 553 tutelaribus
1581 488 1759 552 urbis
1821 485 2220 574 aliquantum
2281 485 2638 572 discrepans
2655 533 2673 563 ‚
2738 503 2917 570 quae

531 593 825 658 Varronis
893 596 1268 660 auctoritate
1327 597 1558 659 nititur
1583 596 1636 678 1)
1652 644 1670 673 ,
1734 594 2005 660 affirmat
2066 594 2259 659 deum
2317 595 2386 657 in
2448 595 2629 658 cuius
2692 590 2917 656 tutela

527 701 680 765 urbs
742 699 949 766 Roma
993 707 1157 766 esset
1201 701 1396 767 fuisse
1442 723 1694 766 unum
1741 707 2031 779 tantum,
2084 721 2276 785 quem
2324 705 2532 765 essent
2579 701 2692 784 qui
2742 698 2922 764 dice-

527 813 669 872 rent
715 805 1069 874 Genium
1115 808 1308 872 Rom
1329 828 1416 873 ae
1439 805 1512 888 ’).
1553 806 1749 872 Varro
1790 813 1855 873 et
1892 813 2180 874 auctores
2218 809 2333 892 qui
2357 806 2494 870 eius
2516 806 2917 870 sententiam

528 915 841 992 referunt,
881 921 1176 980 statuunt
1209 915 1381 980 hunc
1417 914 1610 981 deum
1649 916 1943 980 habuisse
1980 920 2230 980 certum
2263 934 2492 978 nomen
2526 913 2869 998 proprium
2892 958 2912 986 ,

529 1021 694 1108 quod
754 1021 1181 1087 sacerdotibus
1237 1021 1390 1087 solis
1448 1030 1678 1087 notum
1725 1043 1857 1087 esse
1906 1021 2161 1087 deberet
2205 1042 2408 1107 neque
2456 1023 2759 1106 cuiquam
2807 1019 2915 1084 fas

528 1135 693 1194 esset
746 1128 1034 1216 vulgare.
1082 1126 1356 1195 Causam
1400 1129 1594 1193 huius
1642 1131 1736 1194 rei
1780 1128 2049 1193 afferunt
2092 1128 2254 1193 hanc
2273 1175 2289 1204 ‚
2337 1127 2505 1213 quod
2550 1125 2917 1191 sacerdotes

527 1254 746 1300 cavere
789 1234 1146 1299 voluissent
1191 1255 1269 1298 ne
1312 1237 1370 1298 is
1419 1234 1605 1310 dene,
1649 1236 1703 1298 si
1742 1236 1879 1299 eius
1916 1255 2146 1298 nomen
2188 1231 2391 1320 vulgo
2430 1239 2657 1297 notum
2698 1238 2869 1297 esset
2892 1280 2913 1308 ,

527 1363 598 1407 eo
646 1340 896 1406 faciJius
941 1342 1020 1406 ab
1058 1342 1348 1406 hostibus
1386 1347 1599 1426 posset
1636 1344 1885 1407 evocari
1908 1346 1996 1432 ¹³).
2022 1340 2251 1406 Eidem
2290 1347 2581 1405 auctores
2620 1338 2869 1404 addunt
2893 1387 2912 1408 .

527 1451 722 1513 etiam
781 1447 1008 1512 urbem
1055 1447 1326 1511 Romam
1374 1448 1669 1512 habuisse
1716 1446 1988 1512 alterum
2034 1467 2267 1511 nomen
2313 1448 2645 1531 proprium
2690 1446 2915 1530 magis

525 1575 754 1618 verum
799 1559 864 1618 et
911 1553 1200 1630 latinum,
1251 1552 1418 1638 quod
1457 1552 1683 1618 eodem
1722 1553 1908 1617 modo
1948 1573 1985 1617 a
2023 1551 2451 1617 sacerdotibus
2492 1549 2810 1617 celaretur
2832 1555 2913 1630 ⁴).

525 1661 668 1727 Hoc
717 1658 1090 1725 confirmant
1134 1659 1422 1744 exemplo
1471 1658 1709 1726 Valerii
1744 1658 1965 1724 Sorani
2004 1657 2337 1723 cuiusdam
2378 1657 2621 1722 tribuni
2656 1655 2869 1742 plebis
2890 1704 2913 1733 ‚

525 1788 718 1852 quem
781 1768 1006 1851 capitis
1053 1785 1321 1851 poenam
1367 1765 1613 1831 dedisse
1660 1763 2003 1830 tradiderat
2046 1763 2243 1829 Varro
2292 1763 2461 1849 quod
2508 1763 2625 1828 hoc
2672 1782 2913 1827 nomen

526 1875 704 1940 urbis
756 1879 994 1938 temere
1044 1875 1506 1938 enuntiavisset
1530 1879 1604 1950 ⁸).
1653 1870 1827 1936 Haec
1873 1873 2088 1935 omnia
2133 1868 2312 1935 nulla
2355 1868 2479 1934 fide
2525 1868 2725 1955 digna
2772 1890 2919 1935 esse

528 1979 710 2045 facile
759 1989 1037 2064 apparet.
1086 1979 1385 2043 Primum
1431 1980 1595 2043 ratio
1641 1977 1755 2043 illa
1796 1977 2101 2042 reticendi
2145 1979 2420 2042 nominis
2462 1973 2651 2042 Genii
2692 1975 2873 2041 urbis
2894 2023 2913 2053 ,

529 2151 637 2160 .—-—-

595 2225 649 2286 l)
697 2223 962 2272 Varronem
1007 2225 1252 2272 auctorem
1298 2224 1436 2272 affert
1484 2221 1680 2272 Servius
1712 2225 1830 2272 Aen.
1869 2223 1911 2270 1.
1934 2220 2057 2279 2773
2100 2223 2296 2272 eandem
2330 2220 2617 2272 sententiam
2656 2223 2764 2285 post
2797 2235 2911 2269 eum

527 2306 674 2354 etiam
708 2320 736 2353 a
773 2304 947 2352 Verrio
981 2303 1149 2353 Flacco
1184 2309 1231 2352 et
1266 2304 1376 2353 aliia
1409 2320 1512 2354 esee
1544 2305 1774 2364 relatam,
1806 2304 1988 2353 indicat
2022 2303 2210 2352 Plinius
2246 2305 2294 2353 h.
2314 2319 2361 2352 n.
2398 2305 2475 2353 28.
2499 2304 2577 2353 11.
2611 2330 2678 2340 —
2713 2303 2769 2366 8)
2800 2304 2920 2352 Ser·

527 2388 634 2436 vius
669 2387 810 2450 (Aen.
845 2387 893 2436 2.
915 2387 1036 2451 351)
1074 2391 1126 2435 ut
1163 2387 1286 2436 hanc
1321 2386 1605 2436 sententiam
1639 2388 1912 2444 confirmet,
1950 2387 2116 2441 affert.
2152 2385 2205 2435 in
2239 2385 2481 2450 Capitolio
2516 2385 2661 2434 fuiaae
2694 2385 2907 2450 clipeum

523 2473 876 2524 consecratum.
926 2469 1004 2516 cui
1051 2468 1336 2533 inscriptum
1381 2471 1502 2516 esset
1553 2468 1715 2532 ‚qenio
1762 2468 1889 2516 «rb-'e
1932 2468 2107 2517 Bonae
2138 2468 2233 2517 rive
2266 2484 2367 2517 mae
2399 2468 2494 2518 eive
2516 2466 2757 2533 semina”.
2814 2467 2907 2516 Sed

526 2553 722 2602 Servius
765 2551 889 2600 nihil
932 2550 1066 2600 addit
1101 2567 1196 2616 quo
1227 2551 1430 2600 tollatur
1463 2551 1695 2616 auspicio,
1732 2550 1859 2599 hunc
1892 2549 2098 2614 clipeum
2134 2549 2277 2599 fuisse
2313 2550 2483 2599 aetatis
2518 2549 2651 2599 valde
2686 2550 2912 2601 recentia.

525 2663 592 2672 --
628 2636 679 2694 3)
715 2634 836 2682 Plin.
875 2633 988 2682 nh.
1023 2633 1213 2682 28.18:
1254 2636 1329 2680 -et
1361 2633 1504 2682 durat
1536 2633 1588 2681 in
1624 2632 1901 2698 pontificum
1936 2631 2189 2696 disciplina
2224 2633 2275 2681 id
2311 2647 2495 2681 sacrum
2531 2631 2652 2696 (quo
2684 2632 2761 2680 dei
2794 2647 2906 2680 evo-

525 2717 731 2776 cantur),
775 2719 1052 2778 constatque
1097 2714 1202 2762 ideo
1243 2714 1534 2764 occultatum
1567 2715 1619 2763 in
1654 2714 1791 2764 cuins
1818 2714 1894 2762 dei
1926 2713 2081 2763 tutela
2117 2714 2268 2764 Roma
2303 2720 2447 2773 esset,
2485 2729 2545 2763 ne
2576 2715 2663 2778 qni
2694 2713 2907 2764 hostium

527 2797 675 2846 simili
721 2795 860 2845 modo
903 2795 1150 2859 agerent'‘.
1201 2795 1410 2845 Macrob.
1463 2797 1560 2845 Sat.
1600 2797 1644 2844 3.
1666 2798 1789 2846 9.3:
1850 2811 1990 2844 ..nam
2024 2799 2277 2862 propterea
2310 2800 2525 2861 (propter
2558 2795 2905 2860 evocationem)

527 2879 616 2944 ipsi
657 2877 856 2927 Romani
891 2887 939 2925 et
975 2877 1140 2935 deum,
1177 2878 1228 2925 in
1261 2877 1398 2926 cuius
1431 2878 1586 2926 tutela
1622 2877 1733 2927 urba
1768 2879 1920 2927 Roma
1954 2882 2053 2936 eat,
2088 2882 2137 2926 et
2164 2877 2314 2943 ipsius
2344 2877 2474 2927 urbia
2500 2877 2702 2927 latinum
2730 2893 2905 2927 nomen

528 2961 744 3024 ignotum
791 2975 889 3006 eaae
924 2959 1232 3008 voluerunt”.
1285 2959 1416 3008 Plnt.
1453 2960 1512 3024 Q
1550 2960 1608 3008 R.
1647 2961 1737 3009 61:
1773 2957 1854 3008 διὰ
1890 2959 1953 3008 τί
1980 2960 2065 3008 τὸν
2102 2959 2203 3008 θεὸν
2241 2954 2435 3019 ἔκεῒνον,
2472 2955 2507 3022 ᾧ
2544 2957 2779 3019 μάλιστα
2813 2959 2904 3016 τὴν

529 3039 716 3101 Ῥώμην
769 3037 948 3104 σώζειν
998 3038 1220 3100 προςήκει
1263 3038 1346 3088 καὶ
1390 3039 1688 3102 φυλάττειν,
1736 3039 1835 3089 εἴτ’
1884 3039 2025 3090 ἐστὶν
2074 3039 2214 3101 Ζίρρην
2250 3039 2355 3090 &Ira
2387 3039 2581 3098 θήλεια,
2617 3039 2701 3089 καὶ
2736 3039 2903 3102 λέγειν

529 3122 790 3184 ἀπείρηται
837 3119 922 3170 καὶ
964 3120 1134 3186 ζητεῖν
1181 3121 1264 3170 καὶ
1311 3121 1570 3187 ὀνομάζειν
1620 3133 1767 3172 ›ca-A.
1816 3125 1949 3174 Serv.
1984 3125 2099 3172 Aen.
2138 3125 2185 3173 2.
2209 3125 2329 3174 351³
2376 3127 2453 3173 ‚et
2488 3124 2595 3172 iure
2628 3124 2902 3189 pontificum

527 3209 720 3254 cautum
769 3209 867 3262 est,
917 3219 976 3251 ne
1025 3204 1124 3253 auia
1172 3203 1443 3254 nominibus
1492 3205 1568 3253 dei
1618 3205 1821 3255 Romani
1867 3205 2241 3271 appellarentur,
2288 3221 2347 3254 ne
2380 3209 2664 3270 exaugurari
2699 3210 2903 3270 possent.

525 3287 646 3336 Inde
691 3290 760 3334 est
806 3287 930 3351 quod
975 3286 1176 3335 Romani
1211 3285 1416 3335 celatum
1454 3301 1552 3336 ease
1590 3287 1872 3346 voluerunt,
1908 3288 1961 3336 in
1994 3289 2128 3337 cuiun
2164 3288 2239 3336 dei
2274 3287 2428 3337 tutela
2463 3288 2577 3338 urba
2611 3289 2761 3337 Roma
2794 3287 2904 3338 sit’t

528 3371 660 3417 Serv.
707 3369 876 3432 Georg.
918 3369 961 3417 1.
995 3369 1120 3417 498:
1173 3383 1312 3416 ‚nam
1361 3384 1524 3416 verum
1573 3383 1746 3419 nomen
1792 3369 1896 3418 eius
1930 3369 2141 3419 numinis
2176 3371 2303 3434 quod
2338 3369 2444 3419 urbi
2482 3371 2661 3420 Romae
2692 3375 2905 3435 praeeat,

530 3451 641 3498 sciri
677 3466 918 3498 sacrorum
954 3449 1056 3512 lege
1089 3449 1422 3514 prohibetur”.
1459 3477 1522 3486 —
1557 3453 1615 3514 4)
1653 3451 1778 3500 Plin.
1816 3467 1863 3501 n.
1882 3452 1931 3501 h.
1968 3455 2012 3502 3.
2036 3454 2127 3502 652
2170 3455 2379 3510 ‚Roma‚
2416 3453 2551 3503 cuius
2584 3469 2754 3502 nomen
2788 3453 2904 3502 alte·

530 3547 636 3581 rum
671 3532 824 3581 dicere
857 3531 1041 3580 arcanis
1074 3531 1471 3580 caerimoniarum
1501 3533 1633 3581 nefas
1667 3531 1884 3591 babetur,
1924 3535 2198 3599 optimaque
2234 3539 2283 3583 et
2319 3534 2517 3586 salutari
2550 3536 2641 3584 fide
2673 3534 2901 3585 abolitum

530 3613 798 3663 enuntiavit
853 3613 1070 3662 Valerius
1115 3615 1350 3672 Soranus,
1402 3614 1587 3678 luitque
1634 3631 1745 3664 mox
1792 3615 2014 3680 poenas”.
2066 3616 2282 3666 Macrob.
2327 3619 2426 3666 Sat.
2462 3619 2713 3682 8.9.8nq.
2748 3617 2819 3681 (h.
2856 3633 2901 3683 p.

531 3697 638 3744 adn.
678 3697 742 3754 3).
777 3694 926 3744 Solin.
967 3695 1008 3744 1.
1029 3696 1081 3744 4:
1125 3695 1363 3744 Auditur
1398 3696 1542 3745 etiam
1579 3697 1832 3762 proprium
1867 3699 2047 3748 Romae
2082 3715 2256 3749 nomen
2290 3703 2339 3748 et
2372 3715 2539 3749 verum
2574 3701 2746 3764 magia,
2779 3701 2902 3763 quod

532 3791 789 3841 numquam
833 3777 885 3825 in
929 3775 1097 3838 vulgus
1129 3778 1288 3834 venit,
1327 3777 1407 3826 sed
1442 3777 1649 3828 vetitum
1683 3779 1950 3844 publicari,
1986 3781 2367 3845 quandoquidem
2400 3781 2652 3845 quominus
2684 3781 2903 3830 enuntia·

535 3866 667 3909 retur
711 3857 1109 3908 caerimoniarum
1154 3874 1326 3907 arcana
1359 3858 1668 3910 sanxerunt’'.
1704 3861 1839 3911 Serv.
1876 3864 1992 3911 Aen.
2034 3861 2214 3915 Lari:
2260 3862 2423 3912 ‚urbis
2459 3862 2589 3912 illius
2622 3878 2788 3913 verum
2820 3879 2901 3914 no·

531 3957 641 3990 men
676 3957 814 3989 nemo
849 3940 922 3989 vel
959 3940 1009 3988 in
1043 3939 1188 3988 sacris
1223 3940 1453 3990 enuntiat.
1497 3942 1710 4006 Denique
1743 3942 1965 3992 tribunus
1998 3942 2064 4008 pl.
2101 3942 2294 4008 quidam
2330 3943 2551 3994 Valerius
2584 3945 2817 4004 Soranus,
2850 3949 2904 3994 nt

533 4024 602 4073 ait
649 4023 804 4072 Varro
848 4027 897 4070 et
941 4021 1085 4070 multi
1130 4022 1239 4079 alii,
1286 4023 1396 4086 quia
1442 4023 1533 4072 hoc
1569 4040 1742 4073 nomen
1778 4041 1919 4074 ausus
1952 4030 2074 4074 eaaet
2110 4026 2388 4083 enuntiare,
2426 4029 2483 4074 nt
2514 4025 2709 4090 quidam
2742 4026 2901 4076 dicunt

534 4109 700 4170 raptus
745 4121 771 4153 a
817 4109 986 4152 senatu
1013 4108 1061 4152 et
1096 4105 1148 4152 iu
1181 4119 1369 4152 crucem
1405 4105 1586 4155 levatus
1621 4111 1716 4164 est3
1756 4113 1809 4156 ut
1841 4107 1953 4166 alii,
1988 4113 2121 4156 metu
2155 4107 2378 4174 supplicii
2414 4108 2542 4171 fugit
2578 4113 2627 4157 et
2660 4109 2712 4157 in
2744 4107 2901 4158 sieilia

531 4186 898 4252 comprehensus
946 4201 974 4234 a
1019 4191 1239 4250 praetore
1284 4193 1534 4252 praecepto
1580 4193 1773 4238 uenatus
1806 4190 1985 4239 occiana
2017 4195 2106 4240 est.
2146 4189 2253 4239 Hoc
2285 4195 2445 4240 autem
2484 4188 2615 4240 urbis
2648 4205 2817 4240 nomen
2845 4207 2900 4242 ne

533 4269 756 4334 Hyginus
788 4268 1004 4333 quidem,
1042 4283 1148 4316 cu‘n
1183 4267 1238 4316 du
1273 4269 1369 4317 situ
1405 4268 1534 4318 urbia
1567 4269 1861 4334 loqueretur,
1896 4269 2173 4336 expressit”.
2210 4273 2343 4320 Serv.
2382 4275 2499 4321 Aen.
2532 4275 2575 4321 5.
2598 4271 2722 4323 7³72
2762 4271 2899 4322 «latet

531 4352 660 4402 enim
711 4355 766 4400 ut
815 4365 960 4414 supra
1007 4349 1212 4399 diximus
1257 4365 1422 4400 verum
1463 4351 1594 4401 urbis
1639 4351 1861 4402 nomen’'.
1912 4355 2078 4416 Lydus
2112 4355 2182 4404 de.
2218 4369 2365 4404 mena.
2400 4357 2447 4404 4.
2470 4356 2551 4404 50.
2586 4381 2650 4392 ——
2684 4356 2741 4418 Β)
2776 4354 2898 4409 Plin.

532 4452 574 4485 n.
599 4435 648 4485 h.
685 4434 730 4484 3.
754 4433 844 4487 653
876 4435 1011 4482 Serv.
1051 4436 1163 4481 Aen.
1203 4433 1364 4485 1.277
1401 4433 1539 4498 (hp.
1573 4435 1681 4484 adn.
1718 4437 1792 4497 4);
1832 4434 1961 4485 Plnt.
2000 4437 2063 4501 Q.
2099 4435 2158 4486 R.
2196 4437 2272 4486 61.

1998 4521 2043 4546 Χ
