3192 5009
472 199 560 265 40
1481 222 1817 271 uolumus.

469 390 622 453 satis
666 390 944 453 incertis.
993 387 1201 453 Erunt
1245 391 1452 476 igitur
1495 390 1769 455 obnoxia
1812 390 2163 456 multorum
2214 382 2712 456 dubitationibus
2776 396 2843 455 et

468 495 960 560 correctionibus
979 544 995 573 ‚
1059 516 1215 581 quas
1277 499 1388 582 qui
1431 498 1800 562 humaniter
1843 492 2227 583 protulerint
2272 496 2524 562 facilem
2568 496 2843 581 discipu-

466 601 611 666 lum
677 621 783 666 me
851 601 1191 667 habebunt.
1263 601 1457 668 Modo
1517 624 1596 669 ne
1657 609 2004 689 provocent
2023 652 2041 681 ,
2090 624 2319 689 quaeso
2341 653 2355 679 ,
2404 603 2484 668 ad
2526 606 2838 668 incertam

467 709 978 773 testimoniorum
1020 715 1319 775 naturam
1365 731 1437 775 eo
1483 709 1744 775 oonsilio
1761 759 1778 788 ‚
1829 715 1905 774 ut
1950 714 2155 776 totam
2201 711 2394 776 huius
2440 712 2532 775 rei
2576 709 2839 796 indaga-

467 817 707 879 tionem
771 817 1135 901 opprimant
1198 822 1263 881 et
1325 817 1658 895 omittant,
1724 837 1884 903 quae
1944 820 2102 903 quin
2145 816 2457 884 indefessa
2504 816 2839 881 doctorum

464 921 780 986 industria
834 921 912 986 ad
956 922 1195 987 bonum
1241 922 1521 1009 aliquem
1565 923 1763 990 finem
1808 924 2069 1009 perduoi
2116 927 2352 1011 possit,
2400 920 2622 989 nullus
2667 924 2840 1011 equi-

468 1027 616 1093 dem
659 1027 903 1095 dubito.

597 1176 867 1228 Scribebam
899 1194 966 1229 m.
1007 1182 1224 1245 Augusto
1259 1180 1407 1232 1891.

1099 1444 1185 1492 An
1229 1444 1510 1494 naemu
1553 1445 1855 1495 nomem
1898 1428 1993 1493 111
2044 1428 2193 1495 110.

1407 1532 1689 1597 (suffigitur
1722 1534 1898 1600 error).

555 1658 630 1723 In
691 1662 1048 1726 coniectura
1063 1710 1080 1739 ‚
1137 1682 1330 1747 quam
1376 1665 1741 1749 nuperrime
1788 1664 1867 1729 ad
1913 1665 2085 1730 hunc
2133 1684 2395 1729 versum
2442 1662 2684 1750 protuli
2730 1662 2843 1744 (of.

465 1763 919 1853 Mnemosynes
965 1768 1112 1833 fasc.
1153 1774 1513 1854 postremus
1552 1790 1609 1835 a.
1658 1769 1832 1835 1891
1874 1792 1937 1856 p.
1966 1768 2095 1836 375
2131 1771 2390 1851 media),
2438 1769 2847 1855 putidissimus

465 1874 772 1936 remansit
815 1873 1063 1940 menda.
1113 1873 1204 1939 Ut
1249 1879 1422 1941 enim
1469 1879 1624 1941 satis
1672 1882 1934 1962 apparet
1979 1897 2058 1942 ex
2103 1879 2624 1965 interpretatione
2661 1896 2698 1941 a
2737 1898 2845 1943 me

468 1976 716 2054 addita,
798 2001 924 2045 non
957 1971 964 1989 ’
993 1984 1307 2068 corrig-ere
1376 1982 1558 2048 volui
1629 1988 2029 2049 monstruose
2114 1988 2255 2049 aut
2342 1983 2849 2069 expedietur

469 2104 796 2150 amaros
843 2084 952 2152 sed
997 2091 1328 2156 amaris.
2366 2088 2451 2155 H.
2500 2087 2574 2154 Τ.
2621 2088 2705 2153 Κ.

1287 2376 1588 2425 mmmm
1630 2376 2031 2425 Hominem.

558 2524 740 2605 Quod
785 2545 971 2611 saepe
1018 2524 1426 2592 observatum
1473 2532 1570 2591 est
1587 2575 1604 2603 ,
1658 2546 1783 2611 quo
1831 2528 2216 2611 antiquiores
2262 2529 2393 2591 sint
2436 2524 2677 2591 codices
2714 2522 2851 2589 Ho-

466 2634 690 2697 merici
706 2680 723 2709 ,
790 2653 864 2697 eo
924 2630 1111 2716 plura
1157 2652 1404 2697 servare
1455 2631 1772 2719 digammi
1816 2634 2095 2718 vestigia
2143 2632 2249 2712 (cf.
2298 2630 2612 2697 Mnemos.
2668 2627 2843 2695 1891

467 2762 530 2827 p.
585 2736 760 2820 160),
821 2738 889 2803 id
951 2758 1154 2824 nuper
1214 2737 1421 2803 denuo
1468 2737 1826 2804 luculenter
1871 2740 2167 2824 apparuit
2185 2787 2202 2816 ‚
2255 2759 2405 2803 cum
2451 2757 2849 2825 papyrorum

467 2844 714 2933 aliquot
731 2893 747 2922 ‚
816 2845 928 2929 qui
989 2846 1055 2908 in
1116 2843 1342 2910 Museo
1401 2844 1769 2911 Britannico
1818 2850 2245 2922 asservantur,
2292 2844 2595 2910 lectiones
2646 2841 2850 2908 edidit

467 2972 530 3016 v.
573 2950 634 3015 d.
681 2948 954 3036 Kenyon
1002 2950 1328 3030 (Classical
1372 2952 1546 3015 Texta
1567 2952 1749 3037 from
1774 2950 2008 3035 papyri
2046 2950 2114 3013 in
2155 2951 2253 3015 the
2291 2950 2533 3014 Bricieh
2570 2950 2849 3013 Muscam

466 3077 530 3141 p.
582 3053 669 3122 80
693 3062 874 3142 sqq.).
925 3054 1170 3141 Nempe
1215 3058 1284 3120 in
1328 3054 1492 3121 libro
1510 3105 1526 3134 ‚
1576 3059 1687 3142 qui
1734 3078 1813 3122 ex
1854 3055 2129 3122 Harrisii
2165 3056 2517 3123 hereditate
2555 3058 2853 3142 provenit

469 3162 668 3243 (Mus.
715 3160 876 3226 Brit.
929 3159 1245 3243 CXXVI),
1287 3169 1453 3228 reete
1495 3172 1538 3227 Γ
1573 3161 1701 3227 103
1743 3162 1987 3250 legitur
2031 3170 2547 3240 01ceTeAPN,
2587 3161 2655 3226 id
2679 3160 2851 3248 quod
2985 3180 3011 3205 ⁸

467 3268 730 3333 antehac
777 3288 810 3333 e
857 3270 1216 3333 coniectura
1260 3268 1362 3334 edi
1409 3268 1652 3335 solebat
1699 3290 1813 3355 pro
1856 3268 2053 3334 οἴσετε
2094 3269 2144 3333 δ’
2190 3269 2336 3346 ἄρν’,
2380 3279 2422 3332 Β
2451 3266 2582 3332 213
2626 3272 2849 3332 autem

465 3394 581 3459 pro
643 3372 912 3460 vulgato
973 3370 1033 3444 ὅς
1085 3376 1134 3453 ῤ’
1181 3372 1338 3437 ἔπεα
1389 3377 1703 3461 scriptum
1752 3381 1849 3441 est
1894 3382 2272 3439 occeneA
2298 3423 2315 3451 ,
2364 3373 2476 3438 ubi
2522 3372 2848 3460 duplicata

464 3478 654 3545 litera
723 3490 768 3541 C
826 3478 1130 3544 librarius
1188 3480 1465 3545 indicare
1526 3479 1737 3545 voluit
1799 3480 2114 3566 syllabam
2175 3478 2473 3565 produci3
2540 3478 2809 3564 denique
2827 3529 2845 3558 ,

468 3584 636 3670 quod
677 3583 884 3650 multo
931 3588 1191 3651 maioris
1238 3593 1334 3651 est
1381 3589 1730 3663 momenti,
1783 3597 1825 3650 B
1855 3585 1986 3651 316
2035 3590 2845 3651 ΤΗΝΔΕΛῙΞΑΜΕΝΟΟ

467 3696 676 3757 extat:
725 3712 840 3777 pro
888 3690 1043 3757 elisa
1105 3691 1416 3778 particula
1481 3690 1535 3756 δ’
1602 3692 1919 3758 substitue
1976 3694 2298 3779 integram
2314 3740 2331 3768 ‚
2397 3695 2462 3756 et
2522 3690 2716 3756 habes
2777 3690 2848 3756 id

467 3800 683 3885 ipsum
743 3797 911 3883 quod
972 3798 1219 3863 dudum
1277 3802 1701 3884 poposcerunt
1761 3797 2013 3864 Bentlei
2074 3797 2349 3863 Dawesii
2412 3794 2669 3863 Oobeti:
2736 3798 2847 3868 τὴν

468 3904 532 3970 δὲ
593 3901 975 3980 ἑλιξάμενος.
1046 3904 1233 3970 Nunc
1299 3907 1508 3990 igitur
1570 3904 1740 3970 credi
1804 3908 2039 3991 poterit
2101 3905 2363 3969 fortasse
2421 3923 2545 3967 non
2608 3905 2847 3969 nimiae
2910 3892 2917 3904 ¹

469 4011 664 4076 fuisse
710 4010 1008 4075 audaciae
1053 4012 1171 4075 hoc
1218 4010 1623 4076 substituisse
1668 4010 1927 4077 lectioni
1970 4010 2277 4097 vulgatae
2328 4012 2433 4083 τὴν
2476 4009 2528 4072 δ’
2571 4006 2851 4085 ἐλελιξά-

469 4137 643 4193 μενος
666 4164 682 4193 ,
741 4137 944 4202 neque
1005 4116 1280 4182 Pindaro
1345 4120 1672 4203 antiquius
1734 4139 1869 4183 esse
1930 4118 2047 4183 hoc
2100 4119 2340 4182 vitium
2387 4115 2497 4181 sed
2544 4115 2656 4181 diu
2703 4122 2847 4201 post

470 4217 802 4287 Christum
848 4228 1075 4287 natum
1121 4222 1403 4289 Homero
1449 4222 1731 4289 illatum.
2265 4221 2322 4289 J.
2374 4244 2441 4287 v.
2490 4221 2563 4287 L.
2610 4221 2670 4289 J.
2697 4241 2755 4288 r.
