3192 5009
522 317 652 386 426
1521 337 1877 389 vrrnuvms.

520 507 789 570 tentiam
873 527 996 570 non
1081 509 1412 591 pertinere.
1497 507 1671 593 Ergo
1754 507 2157 573 distinctione
2238 515 2387 573 sunt
2468 507 2865 596 seiungenda.

521 611 703 676 Nihil
755 631 904 676 vero
950 612 1155 676 obstat
1203 615 1542 697 quominus
1587 614 1779 678 verba
1827 635 1979 699 „per
2024 619 2437 700 centrumque
2484 615 2867 680 orchestrae''

519 739 667 782 cum
729 721 1016 803 proxime
1075 719 1588 784 antecedentibus
1651 723 2135 806 coniungantur.
2184 719 2404 786 Mente
2450 720 2871 806 supplendum

517 845 653 890 esse
715 823 1088 909 „parallelos
1145 824 1312 889 linea
1374 825 1785 911 designatur'’
1852 828 2171 891 neminem
2232 826 2423 912 fugit.
2506 825 2875 910 Quicunque

517 931 908 995 dubitaverit
951 952 1110 994 num
1152 930 1327 995 locus
1373 932 1542 996 hunc
1578 935 1647 995 in
1684 932 1951 996 modum
1990 935 2242 997 restitui
2282 933 2504 997 debeat
2521 933 2671 1014 „vel
2690 930 2875 996 MSS.

515 1036 621 1102 vel
681 1037 985 1102 editiones
1045 1043 1288 1102 veteres
1347 1039 1677 1122 inspiciat,
1744 1039 1852 1102 ubi
1917 1038 2391 1103 distinctionem
2440 1059 2477 1102 a
2527 1037 2875 1102 Philandro

517 1144 880 1208 damnatam
926 1146 1211 1228 reperiet.
1262 1142 1683 1208 Philandrum
1731 1147 1904 1209 enim
1950 1164 2093 1209 eam
2138 1146 2425 1229 primum
2474 1147 2764 1208 omisisse
2802 1164 2880 1207 ex

518 1251 654 1314 eius
723 1251 1126 1313 annotatione
1189 1255 1466 1333 apparet.
1534 1248 1772 1326 „Vide”
1832 1251 2041 1334 inquit
2092 1257 2446 1335 „quantum
2492 1249 2734 1314 adferat
2779 1248 2883 1313 ob-

519 1357 841 1420 scuritatis
892 1357 1316 1440 interpunctio
1373 1375 1495 1419 non
1537 1375 1651 1420 suo
1695 1354 1831 1419 loco
1876 1358 2103 1440 posita.
2154 1353 2331 1420 Tolle
2379 1353 2721 1419 molestam
2761 1353 2887 1418 dis-

522 1463 894 1526 tinctionem
938 1467 998 1526 et
1048 1465 1359 1547 coniunge
1405 1465 1763 1546 sequentia,
1816 1483 2034 1526 sensus
2081 1465 2201 1526 erit
2250 1469 2526 1547 apertus.
2575 1461 2699 1526 Per
2746 1481 2889 1525 cen-

523 1574 821 1652 trumque
883 1567 1234 1632 orchestrae
1294 1569 1640 1653 proscaenii
1700 1571 1957 1654 regione
2017 1567 2355 1653 parallelos
2420 1567 2591 1634 linea
2660 1566 2889 1632 descri-

526 1673 764 1738 bitur.’'

614 1779 1030 1846 Distinctione
1096 1783 1394 1846 restituta
1475 1783 1820 1846 sententiae
1895 1801 2055 1866 quae
2124 1787 2473 1847 nascuntur
2538 1779 2703 1846 duae
2770 1781 2895 1845 hae

524 1894 707 1953 sunt:

617 1993 744 2072 „Et
804 1995 883 2058 ab
949 2013 1023 2058 ea
1083 1996 1340 2080 regione
1411 1994 1488 2058 ad
1559 2000 1912 2059 extremam
1982 1995 2455 2058 circinationem
2512 1999 2901 2058 curvaturae

523 2097 852 2185 parallelos
921 2098 1088 2165 linea
1155 2100 1525 2185 designatur
1543 2149 1558 2176 ,
1628 2103 1695 2164 in
1758 2121 1883 2184 qua
1930 2101 2341 2164 constituitur
2389 2099 2565 2163 frons
2610 2118 2899 2174 scaenae,

522 2228 636 2292 per
694 2212 1107 2290 centrumque
1165 2205 1537 2271 orchestrae.
1599 2206 1956 2270 Proscaenii
2023 2209 2283 2292 regione
2331 2204 2669 2290 parallelos
2716 2203 2899 2268 linea

523 2312 896 2377 describitur
955 2319 1018 2376 et
1079 2333 1203 2397 qua
1263 2319 1431 2377 secat
1491 2314 1916 2376 circinationis
1975 2311 2176 2376 lineas
2240 2312 2459 2375 dextra
2513 2331 2585 2376 ac
2632 2313 2899 2375 sinistra

521 2422 590 2484 in
637 2420 930 2484 cornibus
975 2417 1340 2504 hemicyclii
1386 2426 1599 2484 centra
1645 2420 2044 2504 signantur.’'

615 2524 733 2589 Vel
779 2529 868 2589 sic
914 2531 1126 2589 tamen
1171 2525 1346 2589 Iocus
1391 2547 1514 2589 non
1563 2532 1817 2589 sanatus
1864 2531 1979 2590 est.
2038 2523 2363 2590 Sententia
2408 2523 2607 2590 altera
2649 2526 2905 2610 gravis-

525 2636 685 2696 simo
756 2634 919 2696 vitio
991 2630 1234 2695 laborat
1334 2631 1457 2695 Pro
1533 2630 1823 2696 codicum
1902 2633 2216 2715 scriptura
2290 2630 2535 2716 „quae”
2600 2629 2745 2694 inde
2809 2629 2899 2694 ab

525 2759 684 2804 anno
753 2737 922 2801 1544
981 2759 1056 2802 ex
1118 2737 1355 2802 infelici
1417 2739 1700 2802 eiusdem
1765 2737 2095 2803 Philandri
2158 2742 2517 2803 coniectura
2563 2737 2901 2820 hucusque

525 2845 818 2910 omnibus
877 2847 945 2907 in
1006 2843 1386 2908 editionibus
1433 2843 1675 2929 legitur
1724 2846 1951 2928 „qua''.
2002 2843 2206 2909 Nemo
2256 2865 2381 2909 non
2429 2844 2607 2907 videt
2654 2845 2721 2906 in
2766 2842 2906 2907 edi—

523 2951 802 3014 tionibus
847 2951 1060 3034 inepte
1105 2949 1421 3013 abundare
1467 2949 1819 3014 locutiones
1867 2950 2023 3014 duas
2066 2951 2329 3027 „dextra
2376 2970 2447 3014 ac
2486 2947 2785 3013 sinistra”
2829 2955 2907 3012 et

529 3059 638 3134 „in
707 3055 998 3120 cornibus
1057 3055 1488 3141 hemicyclii’'.
1559 3055 1762 3120 'I'anta
1831 3060 2003 3120 enim
2064 3059 2163 3120 vis
2218 3060 2386 3121 inest
2448 3056 2657 3121 verbis
2723 3076 2907 3141 „qua

527 3167 696 3228 secat
764 3164 1188 3226 circinationis
1256 3161 1520 3237 lineas”,
1582 3166 1660 3225 111
1714 3163 1766 3225 si
1826 3164 1969 3246 quis
2031 3161 2198 3226 locos
2244 3161 2389 3226 illos
2436 3160 2708 3225 duorum
2755 3181 2909 3226 cen-

529 3277 776 3333 trorum
845 3270 1197 3332 accuratius
1269 3266 1601 3352 designare
1664 3266 1888 3343 vellet,
1954 3268 2249 3331 omnibus
2294 3267 2768 3332 mathematicis
2816 3269 2909 3331 ri—

529 3375 716 3440 dendi
775 3375 1112 3438 materiam
1175 3373 1575 3458 praebiturus
1637 3380 1820 3437 esset.
1886 3373 2159 3438 Molesta
2225 3372 2339 3437 illa
2402 3375 2741 3439 verborum
2800 3393 2907 3438 ac-

530 3479 878 3547 cumulatio
944 3478 1084 3543 tolli
1145 3486 1382 3564 potest,
1446 3482 1499 3543 si
1561 3501 1709 3543 cum
1758 3479 2075 3544 codicibus
2121 3478 2399 3566 legimus
2449 3479 2717 3565 „quae’'.
2790 3478 2909 3544 Sic

529 3589 850 3652 distinctio
929 3588 1274 3670 requiritur
1358 3592 1499 3668 post
1574 3585 1960 3650 vocabulum
2039 3585 2364 3664 „lineas”;
2440 3586 2608 3670 quod
2676 3592 2907 3650 autem

529 3697 758 3760 attinet
818 3675 898 3756 ad
961 3691 1288 3776 copulam,
1352 3697 1464 3755 aut
1525 3697 1931 3777 expungatur
1976 3698 2089 3756 aut
2139 3691 2457 3778 relegetur
2508 3691 2584 3756 ad
2631 3694 2903 3756 initium

528 3802 894 3866 sententiae.

617 3906 932 3971 Revocata
993 3911 1056 3967 et
1114 3904 1231 3968 hac
1294 3903 1695 3968 distinctione
1756 3907 2104 3969 sententiae
2168 3904 2327 3968 duae
2389 3907 2479 3969 sic
2544 3910 2693 3969 sunt
2754 3925 2901 3969 6011-

528 4016 826 4076 stitutae:

621 4117 746 4196 „Et
803 4119 1147 4202 proscaenii
1193 4119 1450 4201 regione
1497 4115 1831 4200 parallelos
1884 4115 2053 4181 linea
2101 4116 2477 4180 describitur
2524 4135 2683 4200 quae
2727 4127 2902 4180 secat.

527 4225 950 4289 circinationis
1011 4220 1231 4286 lineas.
1302 4223 1539 4285 Dextra
1604 4241 1675 4285 ac
1739 4225 1993 4286 sinistra
2054 4226 2120 4286 in
2187 4221 2477 4286 cornibus
2530 4221 2899 4310 hemicyclii

529 4337 743 4396 centra
787 4328 1182 4413 signantur.'’

623 4435 864 4502 Deinde
907 4439 973 4498 in
1022 4441 1204 4505 textu
1251 4436 1574 4528 sequentia
1619 4431 1929 4520 legimus:
