3192 5009
1274 366 1683 413 RMBLEMATA.
2539 349 2664 415 149

298 532 572 599 molesta
606 532 929 598 videretur
966 532 1146 597 verbi
1185 530 1292 615 ἤδη
1332 533 1403 596 in
1448 530 1556 613 ἤδη
1607 529 1697 595 ἔτι
1746 530 1987 610 ὀλίγους
2039 528 2297 612 ἔχοντας
2347 536 2662 620 repetiti0‚

299 644 371 707 in
415 640 524 718 ἤδη
572 662 707 707 esse
752 644 1101 706 mutatum.

387 853 524 919 Iam
571 853 650 918 ad
694 852 1052 919 Lucianum
1096 858 1364 917 transeo,
2616 875 2622 886 ·

386 960 461 1025 In
522 960 717 1025 Mort.
780 959 945 1025 Dial.
995 958 1078 1025 21
1144 956 1455 1025 Cerberus
1499 958 1805 1045 Menippo
1853 958 2008 1024 dicit
2053 959 2229 1036 κάγὼ
2277 956 2364 1023 ἔτι
2415 959 2666 1039 διαμέλ-

294 1083 485 1133 λοντα
548 1068 736 1134 αὐτὸν
798 1073 909 1148 (sc.
958 1065 1059 1130 τὸν
1112 1066 1435 1147 Σωκράτη)
1496 1065 1690 1131 δακὼν
1737 1066 1820 1146 τῷ
1867 1064 2084 1145 κωνρίῳ
2131 1066 2508 1131 κατέσπασα
2556 1072 2662 1133 τοῦ

293 1174 496 1247 ποδός.
2613 1160 2620 1167 .

386 1279 593 1345 Verba
631 1281 714 1361 τῷ
755 1279 969 1362 κωνείῳ
1002 1278 1385 1365 interpolata
1421 1284 1486 1344 et
1524 1300 1717 1364 quam
1740 1281 2026 1364 primum
2049 1280 2466 1368 expungenda
2489 1286 2661 1345 sunt.

386 1385 703 1452 Fritzsche
751 1389 840 1451 sic
884 1385 1104 1451 locum
1150 1388 1636 1472 interpretatur:
1690 1382 2042 1463 „Cerberus
2085 1384 2410 1452 Socratem
2456 1389 2665 1453 cicuta

295 1497 630 1557 mortuum
684 1513 809 1557 non
870 1492 1056 1558 dente
1117 1496 1217 1571 (ut
1264 1491 1447 1571 alios)
1493 1491 1847 1556 momordit
1889 1491 2000 1556 sed
2044 1494 2249 1557 cicuta
2266 1541 2282 1570 ,
2333 1492 2480 1558 talis
2529 1515 2664 1559 ver-

293 1599 523 1664 borum
568 1597 751 1663 lusus
794 1598 1089 1683 frequens
1132 1602 1228 1663 est
1270 1597 1744 1683 Aristophani”.
1794 1596 2065 1663 Iacobitz
2109 1601 2235 1664 ita:
2280 1601 2406 1680 ,,τῷ
2447 1600 2661 1679 κωνείῳ

295 1696 594 1771 verbinde
654 1708 778 1769 mit
836 1704 1292 1782 διαμέλλοντα,
1357 1703 1417 1768 d.
1442 1706 1487 1768 i.
1552 1702 1632 1767 da
1692 1723 1761 1768 er
1820 1702 1927 1769 des
1991 1703 2378 1792 Schierlings
2439 1727 2663 1793 wegen

292 1810 585 1877 zauderte
634 1810 783 1876 oder
826 1832 905 1875 zu
951 1809 1141 1897 lange
1186 1809 1503 1875 machte’'.

384 1917 481 1982 Ad
528 1916 843 1983 eiusmodi
889 1922 1418 1982 commentatores
1465 1916 1658 1980 verba
1704 1912 1927 1983 Gobeti
1973 1914 2143 1995 (Var.
2183 1916 2356 1982 Lect.
2396 1940 2459 2004 p.
2502 1917 2660 2000 288)

295 2032 576 2110 spectare
636 2025 968 2089 videntur:
1036 2022 1214 2103 Quod
1260 2022 1573 2109 frigidum
1622 2027 1686 2087 et
1729 2022 2047 2087 insulsum
2093 2030 2190 2089 est
2237 2026 2448 2089 verbis
2491 2028 2664 2090 miti-

298 2138 489 2218 gant,
554 2133 747 2196 etiam
812 2130 968 2195 alibi
1026 2150 1151 2194 non
1212 2127 1549 2194 dissimilia
1610 2128 1743 2217 legi
1789 2130 2207 2209 contendunt,
2255 2138 2322 2196 et
2365 2133 2662 2198 omnibus

294 2237 505 2303 modis
563 2240 629 2301 in
689 2234 1191 2324 praeclarissimo
1256 2255 1506 2321 quoque
1554 2238 1857 2320 scriptore
1904 2235 2158 2301 elevant
2206 2242 2270 2302 et
2317 2246 2618 2303 excusant
2641 2288 2656 2316 ‚

295 2364 456 2429 quae
527 2346 597 2408 in
664 2346 798 2409 suis
866 2345 1133 2428 quisque
1197 2344 1449 2427 scriptis
1509 2362 1835 2426 nunquam
1900 2342 2195 2407 tulissent
2213 2392 2228 2421 ,
2288 2350 2402 2408 aut
2445 2348 2658 2430 inepte

296 2453 566 2535 repetita
586 2516 589 2520 ,
608 2456 723 2514 aut
767 2448 1096 2535 pueriliter
1144 2446 1472 2533 explicata.

381 2555 652 2641 Legitur
706 2558 775 2620 in
833 2553 1027 2618 Mort.
1087 2552 1254 2617 Dial.
1305 2551 1379 2617 3:
1444 2553 1493 2616 εί
1558 2556 1644 2628 μὴ
1695 2554 1754 2625 ἐς
1804 2552 2160 2629 Λεβάδειαν
2207 2555 2332 2635 γὰρ
2378 2555 2656 2635 παρέλθω

291 2665 394 2727 καὶ
461 2662 840 2738 ἐσταλμένος
900 2670 1041 2733 ταῖς
1107 2660 1334 2730 ὀθόναις
1397 2659 1648 2737 γελοίως
1715 2657 1925 2740 μᾶζαν
1973 2662 2032 2724 ἐν
2076 2669 2202 2725 τοῖν
2247 2671 2448 2742 χεροῖν
2498 2663 2658 2743 ἔχων

290 2769 599 2850 ἐσερπύσω
662 2768 762 2833 διὰ
826 2773 931 2832 τοῦ
978 2769 1228 2840 στομίου
1279 2771 1566 2831 ταπεινοῦ
1615 2765 1777 2837 ὄντος
1826 2768 1884 2839 ἐς
1934 2768 2004 2831 τὸ
2051 2772 2353 2843 σπήλαιον
2401 2794 2454 2835 κ.
2482 2786 2652 2850 τ.λ.,

287 2878 356 2940 in
403 2876 633 2960 quibus
676 2873 1135 2961 interpolatum
1180 2879 1276 2939 est
1322 2873 1698 2938 adverbium
1744 2874 2020 2950 γελοίως.

378 2980 473 3047 De
532 2982 844 3047 adverbiis
906 3003 941 3045 a
985 2980 1327 3045 lectoribus
1374 2983 1443 3043 in
1491 2982 1784 3066 marg-ine
1831 2980 2164 3066 adscriptis
2211 2987 2402 3066 atque
2446 2986 2540 3048 ita
2583 2988 2652 3049 in

286 3092 647 3152 contextam
708 3089 1061 3152 orationem
1121 3088 1391 3172 receptis
1456 3082 1734 3151 Cobetus
1794 3088 1930 3173 egit
1991 3086 2033 3149 l.
2060 3085 2104 3150 1.
2154 3093 2217 3152 et
2265 3087 2428 3152 Nov.
2475 3090 2650 3155 Lect.

288 3217 350 3280 p.
402 3192 529 3257 441
581 3192 725 3258 Var.
776 3191 948 3257 Lect.
1000 3214 1060 3277 p.
1111 3191 1264 3257 294.

376 3298 670 3365 Eundem
734 3302 802 3362 in
865 3297 1129 3362 modum
1192 3299 1360 3371 ὠμῶς
1424 3296 1885 3382 interpolatum
1917 3297 2199 3363 ‘videtur
2259 3302 2328 3364 in
2387 3299 2651 3367 Luciani

286 3404 510 3484 Quom.
553 3404 723 3470 hist.
780 3406 865 3469 sit
909 3425 1141 3469 consor.
1195 3402 1314 3468 38:
1367 3403 1542 3467 άλλοὶ
1592 3404 1680 3480 μὴ
1729 3405 1974 3481 μελέτω
2023 3406 2188 3483 αὐτῷ
2240 3453 2437 3471 .....
2487 3411 2649 3483 μήτε

288 3509 681 3588 Ἀλέξανδρος
754 3505 813 3580 ὃς
890 3510 1213 3573 ἀνιάσεται
1286 3510 1383 3574 ἐπὶ
1460 3520 1534 3588 τῇ
1601 3510 1860 3574 Κλείτου
1927 3519 2156 3591 σφαγῇ
2221 3514 2390 3589 ὠμῶς
2459 3515 2515 3577 ἐν
2565 3518 2648 3599 τῷ

285 3618 600 3695 συμποσίῳ
647 3617 962 3695 γενομένη.

374 3721 541 3787 Sunt
585 3727 791 3787 cetera
834 3742 995 3808 quae
1040 3721 1435 3787 indicaturus
1483 3744 1629 3787 sum
1676 3720 2060 3789 emblemata
2103 3727 2172 3788 in
2217 3725 2484 3793 Luciani
2531 3729 2652 3795 dis-

284 3831 608 3914 putatione
655 3827 731 3893 de
780 3826 1147 3893 Saltatione.

374 3933 447 3998 In
508 3932 579 4002 O.
627 3934 667 3999 3
734 3932 967 4001 Craton
1026 3936 1309 4000 minatur
1370 3957 1436 4000 se
1500 3935 1858 3999 Lucianum
1921 3941 1995 4000 ut
2041 3936 2360 4025 Ulyssem·
2393 3940 2470 4006 de
2513 3942 2647 4007 loto

282 4040 751 4106 abstrahentem
820 4040 897 4105 ad
974 4040 1194 4105 solitas
1272 4044 1443 4107 vitae
1526 4044 1972 4127 occupationes
2041 4064 2174 4109 esse
2243 4044 2648 4113 redacturum

280 4150 653 4233 priusquam
727 4152 899 4211 totus
968 4168 1004 4211 a
1065 4145 1305 4211 Sirenis
1362 4152 1623 4213 scenicis
1671 4151 1958 4234 capiatur
2004 4152 2202 4214 καίτοι
2262 4151 2485 4216 ἐκεῖναι
2534 4155 2646 4231 μὲν

279 4262 401 4325 τοῖς
454 4255 553 4318 ὠσὶ
604 4253 803 4329 μόνοις
871 4253 1297 4331 ἐπεβούλευον,
1370 4257 1501 4337 [καὶ
1578 4254 1681 4320 διὰ
1748 4260 1926 4319 τοῦτο
1993 4260 2165 4334 κηροῦ
2233 4257 2437 4332 ἐδέησε
2501 4260 2644 4339 πρὸς

194 4404 201 4410 -
280 4364 383 4425 τὸν
442 4359 809 4438 παράπλουν
874 4362 1136 4442 αὖτῶν·]
1212 4362 1289 4425 σὺ
1370 4360 1433 4425 δὲ
1507 4362 1610 4426 καὶ
1685 4361 1760 4425 δι’
1832 4362 2166 4439 ὀφθαλμῶν
2239 4362 2436 4435 ἔοικας
2511 4362 2644 4439 ὅλος

279 4466 693 4531 δεδουλῶσθαι.
746 4466 951 4546 Quam
999 4470 1211 4552 inepte
1258 4469 1710 4553 interpositum
1758 4474 1854 4534 est
1901 4468 2066 4553 quod
2113 4472 2292 4535 uncis
2336 4470 2597 4536 inclusi!
