3192 5009
568 221 699 291 170
1525 243 1968 297 ARISTOTELES.

561 410 993 495 pervenerint,
1058 407 1251 494 longe
1318 407 1620 493 plurimis
1687 414 1905 473 autem
1952 399 2106 474 locis
2154 409 2433 474 dubitari
2478 415 2752 494 nequeat
2795 409 2946 494 quid

563 513 846 581 voluerit
892 517 1183 599 scriptor.
1235 514 1539 579 Attamen
1586 514 1877 580 multum
1923 515 2104 580 abest
2149 521 2225 578 ut
2269 517 2523 601 integra
2568 517 2702 580 iam
2737 514 2950 601 legan-

561 627 671 685 tur
730 641 803 686 ea
864 641 1024 706 quae
1074 619 1151 685 de
1200 620 1692 686 Atheniensium
1739 623 2003 685 civitate
2052 623 2289 707 scripto
2337 620 2668 686 mandavit
2711 622 2950 685 Aristo-

560 725 739 791 teles,
814 725 1012 790 Mitto
1059 747 1227 790 nunc
1276 729 1715 810 quaestionem
1764 729 2222 813 gravissimam
2269 733 2460 812 atque
2507 725 2954 791 difficillimam

560 853 765 918 neque
826 834 995 896 intra
1060 851 1297 917 paucos
1357 832 1488 896 dies
1538 831 2004 919 profligandam
2023 881 2040 910 ,
2092 854 2218 918 quo
2266 835 2404 898 iure
2451 834 2576 918 ipsi
2620 831 2954 896 Aristoteli

562 940 884 1004 tributum
924 941 1011 1003 sit
1049 939 1167 1004 hoc
1204 960 1385 1025 opus.
1434 939 1753 1024 Equidem
1795 946 2110 1025 quantum
2148 940 2456 1007 hactenus
2481 939 2721 1005 efficere
2745 942 2954 1024 potui,

560 1068 690 1112 non
759 1045 943 1111 credo
1006 1066 1115 1123 ea,
1180 1065 1340 1131 quae
1402 1048 1471 1110 in
1532 1067 1697 1111 novo
1757 1046 1919 1112 libro
1981 1046 2309 1132 leguntur,
2361 1049 2500 1112 viro
2545 1049 2787 1132 sagaci,
2837 1048 2956 1130 qui

561 1153 866 1217 historiae
914 1172 1257 1238 rerumque
1304 1152 1712 1238 publicarum
1759 1155 2190 1238 peritissimus
2239 1159 2404 1218 esset
2443 1160 2508 1217 et
2553 1157 2758 1217 artem
2805 1154 2958 1216 scri—

562 1258 755 1324 bendi
821 1257 993 1322 haud
1062 1257 1468 1324 mediocriter
1528 1258 1822 1336 calleret,
1890 1259 2104 1324 deberi
2169 1261 2384 1323 omnia
2398 1279 2415 1336 ;
2469 1258 2577 1324 sed
2621 1260 2955 1343 irrepsisse

566 1362 913 1450 quaedam,
978 1385 1138 1449 quae
1202 1365 1491 1429 homines
1552 1367 1811 1450 ignaros
1873 1370 1939 1429 et
1999 1363 2335 1449 plumbeos
2398 1364 2702 1450 prodant,
2767 1361 2956 1427 intel-

564 1470 781 1556 legere
843 1469 1007 1534 mihi
1068 1469 1309 1534 videor.
1373 1469 1514 1535 Hac
1575 1476 1792 1535 tamen
1853 1470 1930 1536 de
1977 1492 2044 1535 re
2093 1471 2359 1555 posthac
2409 1468 2781 1554 disputandi
2829 1471 2954 1533 erit

568 1577 811 1640 occasio
830 1623 846 1652 ,
896 1596 1009 1640 nec
1058 1575 1331 1639 dubium
1378 1574 1636 1640 videtur
1683 1579 1838 1660 quin
1883 1575 2082 1641 multi
2129 1615 2214 1624 -
2259 1575 2360 1641 illi
2405 1577 2788 1662 praesertim
2844 1576 2954 1659 qui

565 1682 939 1747 interiorem
1000 1680 1285 1766 aliquam
1347 1703 1495 1746 cum
1543 1680 1910 1746 Aristotelis
1959 1685 2214 1767 scriptis
2260 1681 2772 1747 familiaritatem
2818 1701 2962 1745 con-

567 1792 901 1850 traxerunt
949 1825 1034 1836 —
1082 1789 1427 1851 sententias
1497 1808 1645 1852 suas
1707 1789 1837 1852 sint
1898 1786 2230 1874 prolaturi.
2299 1785 2486 1852 Nunc
2548 1793 2694 1851 ante
2742 1787 2958 1850 omnia

571 1892 773 1957 danda
822 1898 917 1956 est
954 1913 1143 1978 opera
1181 1898 1257 1957 ut
1297 1913 1491 1978 quam
1531 1893 2052 1958 emendatissima
2088 1897 2447 1978 praestetur
2483 1891 2707 1969 lectio;
2749 1891 2962 1955 multa

571 2005 791 2064 autem
852 1996 995 2062 aliis
1059 1998 1303 2084 agenda
1364 1998 1626 2084 reliquit
1683 2002 1931 2083 primus
1979 1997 2201 2075 editor,
2252 2001 2363 2083 qui
2409 1995 2644 2062 melius
2689 1995 2960 2060 fortasse

571 2125 719 2169 cum
787 2123 937 2168 suae
998 2103 1205 2169 famae
1251 2110 1395 2168 tum
1441 2103 1758 2169 lectorum
1805 2103 2146 2170 commodo
2171 2097 2655 2179 consuluisset,
2710 2105 2765 2167 si
2813 2107 2958 2187 post

571 2231 1027 2276 aerumnosum
1101 2215 1165 2276 et
1224 2213 1739 2298 ingratissimum
1799 2209 2083 2275 laborem
2143 2208 2392 2274 litteras
2455 2204 2806 2294 vepallidas
2877 2207 2962 2272 le-

570 2315 765 2402 gendi
826 2321 893 2380 et
955 2317 1445 2382 transscribendi
1488 2318 1554 2382 id
1604 2339 1810 2381 unum
1858 2320 2096 2403 egisset
2142 2323 2218 2380 ut
2264 2319 2440 2401 typis
2488 2321 2777 2380 accurate
2827 2312 2962 2378 red-

574 2421 749 2486 deret
812 2441 971 2505 quae
1033 2425 1103 2486 in
1162 2425 1303 2506 ipso
1365 2445 1611 2510 papyro
1674 2427 1928 2500 extant,
1994 2429 2060 2486 et
2127 2425 2196 2486 in
2265 2423 2667 2486 annotatione
2739 2422 2962 2485 critica

574 2529 795 2612 paucis
865 2528 1075 2592 verbis
1140 2527 1449 2594 indicaret
1493 2549 1654 2615 quae
1700 2529 1951 2593 litterae
1997 2531 2212 2592 minus
2260 2533 2467 2592 certae
2515 2533 2753 2602 essent,
2803 2531 2962 2611 quot

572 2632 823 2698 litterae
885 2633 991 2697 hic
1051 2633 1188 2699 illic
1244 2635 1749 2712 intercidissent,
1816 2634 1976 2711 alia,
2043 2655 2203 2720 quae
2267 2635 2616 2699 necessaria
2677 2639 2831 2696 sunt
2880 2631 2958 2696 ad

572 2745 777 2804 artem
841 2742 1131 2805 criticam
1193 2741 1629 2806 factitandam.
1695 2740 1754 2804 N
1757 2762 1879 2806 unc
1927 2743 1995 2804 in
2042 2741 2429 2825 praefatione
2478 2744 2543 2804 et
2585 2742 2650 2802 in
2703 2743 2964 2803 annota-

573 2847 855 2911 tionibus
924 2867 997 2911 ea
1066 2866 1227 2931 quae
1288 2847 1369 2911 ad
1429 2847 1768 2922 historiam
1830 2851 1894 2912 et
1955 2849 2368 2931 antiquitates
2430 2847 2751 2931 pertinent
2819 2844 2962 2908 fuse

574 2955 907 3030 tractavit,
978 2953 1218 3017 multas
1288 2974 1537 3039 quoque
1596 2953 1857 3018 lacunas
1918 2953 2173 3039 explere
2236 2957 2500 3016 conatus
2563 2957 2661 3016 est
2707 2989 2792 2999 -—
2843 2953 2962 3015 hoc

574 3065 791 3124 tamen
860 3059 1060 3124 officio
1127 3080 1253 3123 non
1316 3063 1411 3123 ita
1469 3058 1742 3124 feliciter
1804 3059 2062 3123 functus
2081 3106 2096 3134 ,
2149 3095 2232 3105 —
2281 3058 2391 3122 sed
2455 3059 2510 3121 si
2573 3059 2718 3141 quis
2763 3055 2964 3120 lector

573 3167 815 3229 vetusti
881 3164 1032 3229 libri
1097 3167 1452 3250 imaginem
1527 3163 1810 3250 aliquam
1880 3171 2095 3229 mente
2155 3164 2278 3228 sibi
2339 3162 2682 3228 informare
2745 3165 2961 3248 cupit,

575 3271 811 3334 frustra
878 3273 1015 3334 eius
1085 3270 1433 3335 editionem
1495 3269 1733 3347 adibit,
1799 3270 1908 3334 sed
1972 3267 2437 3355 expectandum
2500 3270 2560 3332 ei
2620 3274 2719 3333 est
2767 3267 2963 3332 donec

574 3374 838 3460 prodeat
907 3377 1112 3439 maior
1182 3397 1343 3461 quae
1412 3381 1676 3460 paratur
1734 3376 1967 3452 editio,
2032 3377 2098 3437 in
2164 3394 2290 3459 qua
2352 3372 2514 3438 lucis
2580 3395 2698 3458 ope
2743 3375 2964 3457 ipsum

576 3479 879 3544 volumen
927 3483 1264 3565 antiquum
1310 3480 1585 3545 fideliter
1631 3480 2032 3567 depingetur.

668 3587 849 3650 Hanc
913 3586 1175 3650 demum
1220 3587 1333 3651 ubi
1378 3589 1594 3651 nancti
1642 3586 1958 3650 fuerimus
1977 3634 1992 3662 ,
2043 3583 2307 3650 lacunae
2353 3585 2596 3648 multae
2643 3607 2679 3649 e
2727 3588 2966 3650 coniec-

576 3699 721 3757 tura
808 3691 1222 3776 probabiliter
1290 3697 1591 3777 poterunt
1661 3689 1902 3776 expleri
1921 3711 1936 3768 ;
2013 3711 2181 3755 nunc
2245 3729 2329 3738 —
2397 3693 2718 3754 nescimus
2789 3694 2964 3756 enim

574 3819 859 3863 unumne
924 3797 1313 3862 vocabulum
1357 3796 1754 3862 interciderit
1803 3819 1884 3860 an
1933 3799 2058 3860 tria
2105 3817 2184 3860 an
2236 3795 2454 3860 decem
2505 3833 2590 3843 --
2641 3817 2680 3859 a
2727 3796 2963 3862 talibus

574 3906 731 3970 locis
780 3905 1163 3968 abstinuisse
1212 3924 1441 3967 manus
1489 3909 1790 3988 praestat.
1839 3902 2104 3966 Interim
2147 3908 2364 3966 tamen
2401 3903 2636 3987 corrigi
2661 3907 2964 3987 poterunt

575 4010 912 4086 nonnulla,
977 4012 1045 4072 in
1108 4009 1339 4093 quibus
1400 4029 1638 4093 paucae
1705 4014 1961 4071 tantum
2007 4006 2259 4072 litterae
2311 4006 2480 4072 male
2532 4009 2806 4092 scriptae
2854 4011 2963 4071 aut

576 4119 631 4181 si
690 4117 819 4180 fors
885 4115 1108 4180 tulerit
1171 4116 1246 4179 ab
1306 4115 1547 4180 editore
1614 4113 1784 4178 male
1847 4113 2047 4177 lectae
2110 4115 2257 4176 sint.
2309 4112 2627 4197 Equidem
2677 4113 2964 4178 observa-

580 4225 784 4286 tiones
849 4219 1128 4304 aliquot,
1192 4223 1257 4284 in
1322 4241 1479 4305 quas
1531 4219 1729 4283 incidi
1776 4218 1933 4282 dum
1980 4217 2221 4282 librum
2267 4239 2524 4282 summa
2569 4237 2721 4282 cura
2769 4215 2966 4283 semel

581 4337 646 4394 et
694 4331 933 4392 iterum
980 4326 1257 4413 perlegi,
1307 4328 1413 4391 hic
1448 4326 1761 4390 indicabO.
1812 4324 2056 4405 Quibus
2093 4324 2484 4410 proferendis
2521 4321 2721 4388 nolim
2763 4323 2964 4388 videri
