3192 5009
588 241 719 309 188
1537 260 1983 309 meror-nnus,

581 426 765 491 milia
802 448 937 491 esse
974 425 1427 503 heliastarum,
1469 426 1640 513 finge
1679 427 1796 491 hos
1829 446 1941 511 per
1966 446 2184 491 omnes
2211 432 2526 511 quotquot
2551 446 2752 489 annus
2771 424 2972 489 habet

583 534 716 598 dies
774 535 845 597 in
901 532 1157 597 iudiciis
1218 533 1432 598 sedere
1490 535 1855 598 universos:
1919 554 1998 598 ne
2061 536 2150 597 sic
2214 531 2472 617 quidem
2528 532 2774 597 decima
2815 552 2976 617 pars

580 639 909 705 redituum
954 638 1358 723 publicorum
1401 642 1767 704 insumetur
1819 641 1888 702 in
1951 642 2146 703 istam
2204 646 2486 703 vestram
2549 658 2745 723 quam
2803 638 2978 701 tanti

580 746 789 811 facitis
835 745 1259 829 mercedem’'.
1308 744 1602 810 Multum
1650 752 1870 810 autem
1909 746 2124 810 aberat
2164 750 2240 809 ut
2277 746 2551 810 Athenis
2591 766 2807 809 omnes
2830 743 2977 807 dies

580 852 730 916 fasti
776 858 1021 928 essent,
1070 850 1361 915 multum
1410 852 1628 916 aberat
1676 858 1752 915 ut
1789 854 2016 937 quovis
2058 852 2160 916 die
2199 852 2364 915 fasto
2405 871 2624 915 omnes
2663 849 2976 915 helinstae

579 956 1073 1022 admitterentur
1114 960 1183 1021 in
1229 956 1594 1035 dicasteria;
1648 959 1796 1022 hinc
1834 955 2146 1044 sagaciter
2185 956 2390 1022 effecit
2427 955 2742 1021 Fraenkel
2779 954 2978 1019 illum

578 1084 829 1149 quoque
868 1064 1159 1130 iudicum
1192 1084 1572 1141 numerum,
1613 1064 1780 1155 unde
1822 1064 2237 1148 computandi
2273 1066 2539 1127 initium
2563 1063 2718 1128 facit
2743 1062 2980 1148 Bdely-

578 1168 757 1235 cleon
776 1218 792 1245 ,
834 1190 959 1233 non
996 1168 1140 1256 lege
1182 1170 1547 1234 stabilitum
1585 1171 1782 1235 fuisse
1825 1169 1935 1235 sed
1972 1171 2093 1235 hoc
2131 1172 2272 1254 ipso
2313 1161 2620 1254 temporis
2645 1174 2980 1234 momento

579 1276 659 1340 ab
704 1296 777 1340 eo
826 1278 1179 1362 excogitari
1195 1296 1212 1352 3
1264 1282 1519 1341 tantum
1567 1282 1788 1341 autem
1837 1296 1970 1340 esse
2019 1282 2094 1341 ut
2141 1296 2398 1340 omnem
2455 1275 2980 1360 probabilitatem

577 1380 770 1467 longe
816 1382 1109 1458 excedat,
1160 1403 1285 1466 quo
1330 1385 1641 1446 maiorem
1687 1384 1825 1446 vim
1873 1384 1960 1446 sit
2011 1382 2386 1473 habiturum
2431 1382 2497 1445 id
2539 1381 2710 1466 quod
2753 1383 2980 1445 statim

582 1486 859 1564 additur,
908 1509 987 1552 ne
1036 1490 1123 1554 sic
1170 1488 1432 1573 quidem
1481 1488 1557 1553 ad
1602 1488 1918 1553 decimam
1955 1494 2206 1571 partem
2245 1488 2570 1552 redituum
2611 1508 2980 1552 annuorum

584 1593 972 1678 reipublicae
1033 1596 1385 1679 perveniri;
1436 1594 1695 1659 nullum
1743 1600 1963 1659 autem
2009 1601 2258 1660 certum
2306 1594 2503 1659 fuisse
2551 1594 2978 1659 heliastarum

584 1719 963 1776 numerum,
1026 1721 1247 1765 omnes
1308 1703 1481 1765 enim
1528 1702 1700 1765 cives
1746 1702 2168 1765 Athenienses
2215 1701 2363 1765 inde
2413 1720 2450 1765 a
2497 1702 2838 1786 trigesimo
2883 1720 2984 1764 ae-

584 1809 735 1871 tatis
802 1788 964 1871 anno
1025 1809 1165 1871 iure
1228 1827 1342 1871 suo
1403 1808 1600 1872 fuisse
1660 1806 1964 1875 heliastas
2030 1812 2096 1870 et
2155 1810 2401 1871 iurasse
2459 1806 2560 1869 τὸν
2614 1808 2978 1879 ἡλιαστικὸν

583 1907 769 1990 ὅρκον.
809 1912 1138 1977 Persuasit
1174 1911 1484 1978 Fraenkel
1531 1911 1877 1999 philologis
1918 1913 2272 1998 plerisque,
2313 1912 2447 1978 vid.
2489 1934 2544 1978 6.
2571 1934 2638 1999 g.
2684 1910 2980 1979 Gmnnn'r

582 2017 860 2083 Alterth.
900 2016 931 2081 I
982 2042 1042 2104 p.
1088 2016 1219 2084 372
1272 2026 1404 2083 not.
1447 2018 1509 2081 4.
1561 2018 1685 2083 Sed
1732 2019 1887 2105 quid
1927 2041 2095 2084 nunc
2143 2018 2281 2084 fieri
2319 2016 2550 2084 debet?
2593 2016 2978 2085 Confectane

582 2145 681 2189 res
726 2123 984 2190 videtur
1029 2146 1195 2189 novo
1241 2126 1360 2190 hoc
1406 2122 1818 2190 testimonio?
1863 2126 1966 2189 An
2015 2145 2256 2190 errasse
2303 2126 2652 2189 statuimus
2703 2124 2982 2209 philoso-

582 2232 789 2315 phum
848 2229 954 2296 vel
1002 2234 1289 2316 quisquis
1337 2232 1491 2296 haec
1538 2228 2044 2296 consarcinavit?
2093 2230 2263 2295 Mihi
2310 2231 2582 2296 dubium
2627 2252 2756 2295 non
2805 2230 2982 2296 vide-

581 2345 691 2402 tur
740 2340 895 2421 quin
944 2338 1203 2401 omnino
1250 2336 1371 2401 fide
1417 2337 1686 2423 indigna
1731 2340 1860 2401 sint
1907 2357 2069 2421 quae
2116 2338 2234 2401 hoc
2281 2336 2422 2401 loco
2469 2336 2799 2424 leguntur,
2839 2339 2980 2401 sive

583 2464 621 2509 a
668 2442 1050 2507 stultissimo
1097 2445 1305 2508 nescio
1352 2464 1477 2527 quo
1524 2444 1782 2508 homine
1831 2445 2194 2529 excogitata
2232 2442 2468 2507 fuerint
2505 2450 2570 2507 et
2609 2441 2982 2507 Aristotelis

583 2549 795 2615 verbis
830 2551 1069 2613 inserta
1088 2597 1105 2625 ,
1148 2551 1283 2613 sive
1325 2549 1485 2614 olim
1524 2548 1927 2615 tolerabilem
1969 2548 2251 2634 aliquem
2283 2569 2544 2613 sensum
2567 2548 2984 2635 praebuerint

586 2656 698 2721 sed
743 2662 1042 2739 corrupta
1086 2655 1167 2719 ad
1217 2676 1333 2719 nos
1378 2658 1803 2740 pervenerint.
1853 2654 2080 2720 Aliena
2127 2655 2276 2719 hinc
2327 2662 2426 2719 est
2463 2655 2754 2719 iudicum
2801 2677 2984 2720 men-

585 2765 676 2826 tio
704 2760 777 2843 1),
847 2783 997 2826 611111
1065 2764 1442 2845 praesertim
1500 2761 1806 2827 Aristidis
1870 2767 2193 2846 tempore,
2259 2760 2335 2825 de
2396 2782 2522 2846 quo
2586 2762 2704 2826 hoc
2766 2763 2983 2846 capite

587 2870 826 2954 agitur,
876 2865 1093 2931 nullus
1141 2867 1335 2932 fuerit
1381 2866 1592 2942 μισθὸς
1645 2866 2030 2943 δικαστικός;
2073 2887 2302 2950 nempe
2342 2867 2590 2939 ἐποίησε
2629 2867 2982 2945 μισθοφόρα

585 2977 670 3039 τὰ
735 2973 1093 3053 δικαστήρια.
1162 2980 1461 3049 Περικλῆς
1530 2975 1762 3053 πρῶτος
1825 2977 1904 3051 (6.
1957 2970 2093 3052 27).
2159 2971 2401 3036 Notatu
2448 2978 2670 3038 autem
2717 2972 2984 3038 videtur

586 3081 1080 3167 dignissimum,
1144 3082 1353 3163 prima
1415 3082 1618 3143 nostri
1661 3078 1789 3144 loci
1835 3078 2065 3154 verba,
2117 3078 2350 3161 quibus
2397 3077 2621 3158 viqinti
2665 3077 2842 3141 milia
2887 3082 2987 3143 vi-

584 3207 804 3252 rorum
851 3208 930 3252 ex
976 3185 1231 3271 publico
1274 3187 1512 3250 aerario
1553 3185 1825 3250 Athenis
1868 3186 2100 3248 nutriti
2143 3204 2279 3249 esse
2322 3184 2644 3261 dicuntur,
2684 3187 2986 3269 proxime

586 3293 877 3358 accedere
922 3292 1001 3357 ad
1047 3291 1251 3357 alium
1298 3292 1741 3376 Aristophanis
1787 3290 2001 3355 locum
2023 3338 2038 3366 ,
2087 3288 2275 3376 Vesp.
2327 3286 2456 3355 ’706
2483 3310 2653 3375 sqq.:

768 3399 820 3463 εἰ
870 3397 997 3475 γὰρ
1047 3398 1369 3475 ἐβούλοντο
1418 3396 1555 3474 βίον
1607 3396 1851 3474 πορίσαι
1901 3394 1986 3475 τῷ
2035 3394 2241 3473 δήμῳ,
2290 3393 2486 3477 ῥᾴδιον
2535 3390 2600 3468 ἦν
2651 3394 2748 3460 ἄν.

767 3505 919 3569 εἰσίν
967 3527 1047 3582 γε
1096 3502 1301 3577 πόλεις
1352 3503 1559 3582 χίλιαι
1614 3500 1682 3567 αἳ
1731 3507 1831 3567 νῦν
1875 3502 1978 3564 τὸν
2021 3500 2201 3581 φόρον
2254 3502 2398 3576 ἡμῖν
2445 3499 2841 3579 ἀπάγουσιν·

592 3692 752 3699 ——

656 3810 707 3873 1)
752 3809 851 3857 Pto
897 3823 1011 3857 voce
1056 3804 1300 3855 δικασταῒ
1341 3806 1594 3871 legendum
1642 3820 1740 3855 6666
1788 3802 1955 3867 ἐρέται
1999 3808 2084 3854 aut
2131 3804 2339 3853 ὁπλῖται
2389 3804 2466 3853 vel
2501 3805 2646 3853 6116111
2683 3804 2988 3853 πελτασταὶ

584 3891 850 3957 suspicetur
900 3891 1099 3940 fortasse
1149 3889 1413 3954 quispiam;
1462 3888 1589 3937 1111111
1633 3892 1792 3937 tamen
1841 3888 2015 3936 horum
2063 3886 2179 3935 66116
2223 3890 2334 3951 apte
2370 3887 2463 3935 huc
2497 3887 2732 3951 quadrare
2769 3888 2984 3937 videtur.

584 3976 885 4037 Quamquam
934 3975 1103 4021 notatu
1148 3971 1345 4034 dignum
1391 3974 1463 4019 661
1498 3968 1706 4019 similem
1742 3984 1954 4017 errorem
1989 3968 2236 4033 irrepsisse
2270 3968 2320 4016 111
2355 3972 2498 4033 capnt
2533 3969 2612 4026 el,
2653 3966 2730 4017 uhi
2766 3968 2824 4017 de
2859 3975 2988 4019 stra·

583 4058 693 4117 tego
721 4054 835 4113 illo,
862 4054 945 4118 qui
982 4050 1066 4101 ὲπῖ
1098 4053 1217 4110 τοῦς
1252 4052 1471 4109 ὁπλίτας
1504 4055 1722 4116 tempore
1756 4050 2031 4099 Aristotelis
2063 4048 2331 4107 6166116161,
2367 4050 2483 4099 haec
2519 4049 2744 4113 legimus:
2775 4048 2984 4113 ἡγεῖται

586 4140 683 4184 τῶν
730 4132 757 4181 δ
776 4172 785 4182 .
808 4152 1000 4183 ...των
1047 4135 1105 4183 ἂν
1153 4131 1345 4198 ἒξίωσι,
1391 4150 1488 4199 quo
1536 4132 1640 4181 loco
1687 4130 1968 4201 δ[ημο]τῶν
2005 4132 2243 4197 supplevit
2281 4131 2456 4190 editor,
2495 4132 2597 4180 sive
2633 4132 2736 4180 iure
2771 4132 2873 4182 sive
2909 4134 2986 4183 in-

582 4216 735 4266 iuria:
790 4216 838 4265 id
892 4221 1077 4266 certum
1130 4222 1202 4265 est
1247 4216 1305 4265 ab
1352 4216 1438 4265 illa
1481 4216 1719 4264 sententia
1759 4214 2098 4263 alienissimam
2133 4229 2232 4265 6666
2266 4210 2494 4274 δημοτῶν
2530 4214 2848 4274 mentionem,
2883 4230 2984 4266 non

586 4298 715 4347 6111111
764 4298 958 4362 paganis
1000 4298 1098 4347 suis
1145 4298 1223 4346 sed
1260 4298 1443 4347 cunctis
1476 4297 1626 4362 copiis
1659 4296 1955 4361 pedestribus
1990 4296 2067 4344 1116
2101 4300 2297 4361 praetor
2331 4300 2518 4361 praeeat
2553 4312 2664 4346 cnm
2697 4299 2834 4345 extra
2865 4298 2986 4347 flnoe

588 4381 775 4433 Atticos
808 4379 989 4430 1161111111
1021 4380 1231 4443 geritur:
1272 4380 1467 4430 omnino
1501 4380 1654 4443 igitur
1689 4378 1909 4427 ὁπλιτῶν
1943 4377 2008 4426 1111
2050 4378 2300 4442 legendum
2333 4378 2558 4427 arbitror.
