3192 5009
1346 360 1569 410 PLA'ro.
2377 296 2384 305 .
2522 340 2649 409 153

284 547 527 614 papyro
590 528 915 595 detraham
975 528 1165 595 fidem
1216 568 1301 579 —
1350 528 1441 602 τίς
1492 530 1656 603 ἀλκὴ
1705 532 1808 596 τὸν
1845 528 2078 594 θανόντ’
2123 530 2509 607 {remotum
2560 565 2644 577 -—

284 634 395 701 sed
456 637 605 720 quia
652 639 742 701 sic
787 636 1157 703 facultatem
1202 636 1440 702 habebo
1488 636 1566 702 de
1612 636 1992 723 quibusdam
2036 658 2071 702 e
2117 634 2452 701 Phaedone
2494 635 2652 701 locis

282 744 663 807 sententiam
721 762 935 808 meam
953 793 970 822 ,
1030 744 1142 809 diu
1186 743 1581 809 reconditam
1627 749 1692 809 et
1735 745 2101 830 saepissime
2147 749 2336 829 atque
2385 740 2651 829 diligen-

278 849 526 913 tissime
586 869 957 936 perpensam
976 899 993 928 ,
1058 850 1432 937 proferendi.
1497 850 2004 937 Orthographica
2050 855 2269 916 autem
2313 852 2646 915 omittam:

276 975 406 1019 non
450 954 738 1021 indicabo
778 954 951 1023 locos
997 956 1109 1021 ubi
1154 978 1437 1045 papyrus
1472 958 1718 1036 ανδριαν
1756 957 1946 1023 habet
1980 979 2094 1043 pro
2135 956 2433 1035 ἀνδρείαν,
2475 956 2645 1030 αιδης

278 1081 393 1146 pro
458 1061 695 1140 ἀειδής,
762 1086 878 1127 auec
944 1085 1056 1149 pro
1118 1064 1252 1142 olel,
1297 1064 1459 1129 ουθεν
1508 1085 1621 1149 pro
1668 1063 1853 1143 οὐδέν,
1895 1087 2002 1127 συν
2049 1085 2162 1149 pro
2209 1061 2337 1141 ξύν,
2385 1088 2416 1127 ν
2465 1063 2651 1143 ἐφελ-

279 1166 563 1233 κυστικόν
626 1174 773 1235 ante
836 1175 1316 1249 consonantem,
1368 1195 1567 1249 αυτ-ογ
1615 1195 1692 1249 γε
1743 1177 1807 1236 et
1853 1194 2098 1248 τουτωμ,
2143 1194 2258 1246 μεν
2300 1191 2415 1257 pro
2462 1167 2648 1234 αὐτόν

278 1298 359 1351 γε
407 1279 472 1339 et
518 1274 742 1339 τούτων
791 1276 925 1353 μέν,
965 1299 1181 1342 ταυτει
1221 1276 1325 1342 vel
1364 1278 1619 1351 λυπηθει
1656 1298 1770 1363 pro
1808 1276 2008 1358 ταύτῃ
2046 1282 2111 1342 et
2148 1277 2385 1356 λυπηθῇ
2404 1325 2421 1354 ,
2463 1299 2647 1340 αυτον

275 1400 391 1465 pro
452 1379 685 1445 ἑαυτόν.
746 1380 1026 1447 Istorum
1074 1386 1245 1469 enim
1293 1383 1420 1449 alia
1464 1384 1638 1449 haud
1682 1383 1872 1449 dubie
1918 1385 2151 1450 vitiosa
2198 1388 2380 1460 sunt,
2429 1384 2495 1447 in
2543 1403 2648 1448 ore

279 1485 616 1552 hominum
677 1494 826 1553 nata
887 1492 999 1575 qui
1062 1486 1299 1556 Graece
1360 1493 1704 1568 nescirent,
1770 1489 1895 1555 alia
1942 1490 2137 1577 digna
2181 1510 2305 1555 non
2351 1489 2651 1555 videntur

278 1592 355 1657 de
400 1594 633 1678 quibus
677 1593 1120 1661 deliberemus.
1171 1595 1327 1676 Quis
1375 1599 1545 1663 enim
1590 1604 1727 1662 tam
1775 1617 2068 1683 perverse
2113 1595 2386 1683 diligens
2431 1601 2530 1661 est
2573 1602 2648 1661 ut

272 1719 495 1764 revera
553 1700 764 1766 credat
824 1702 1173 1788 quidquam
1217 1724 1331 1768 nos
1376 1704 1678 1789 proficere
1725 1707 1779 1768 si
1823 1706 1893 1768 in
1939 1703 2308 1770 huiusmodi
2353 1704 2649 1768 minutiis

274 1804 353 1870 ab
400 1804 703 1873 hodierno
750 1808 1060 1874 scribendi
1105 1830 1229 1874 usu
1276 1807 1686 1876 recedamus?

366 1909 492 1977 Sed
538 1912 618 1977 ad
664 1917 1063 2000 propositum
1107 1917 1383 1981 veniam.

366 2149 429 2212 p.
484 2124 569 2191 68
596 2126 668 2192 Β.
736 2126 1205 2214 „Philosophus
1268 2150 1585 2215 nusquam
1644 2132 1768 2194 nisi
1826 2130 1993 2215 apud
2040 2130 2274 2194 inferos
2319 2150 2385 2195 se
2429 2140 2650 2194 revera

276 2233 388 2305 vim
434 2232 717 2309 Φρόνησιν
756 2236 1173 2299 inventurum
1212 2239 1770 2321 persuasissimum
1808 2236 1931 2301 sibi
1966 2236 2175 2300 habet.
2226 2233 2407 2315 Quod
2446 2256 2648 2321 quum

271 2342 367 2404 ita
413 2342 531 2418 sit,
580 2342 645 2403 οὐ
697 2342 899 2406 πολλὴ
949 2340 1024 2406 ἂν
1064 2344 1297 2420 ἀλογία
1339 2341 1427 2417 εἴη
1470 2344 1521 2407 εἴ
1565 2343 1828 2419 Φοβοῖτο
1867 2343 1969 2406 τὸν
2009 2342 2267 2405 θάνατον
2292 2342 2318 2405 ὅ
2344 2345 2606 2412 τοιοῦτος
2627 2360 2644 2419 ;

370 2446 582 2519 Πολλὴ
629 2444 833 2523 μέντοι
885 2448 950 2519 νὴ
1002 2448 1164 2527 Δία,
1215 2444 1250 2523 ἦ
1296 2447 1349 2512 δ’
1399 2446 1481 2519 ὅς.

369 2552 605 2617 Οὐκοῦν
674 2553 878 2618 ἱκανόν
947 2576 1037 2619 σοι
1106 2556 1446 2634 τεκμήριον,
1520 2554 1678 2633 ἔφη,
1744 2560 1924 2621 τοῦτο
1983 2554 2190 2633 ἀνδρὸς
2257 2546 2318 2617 ὃν
2381 2553 2456 2619 ἂν
2520 2553 2646 2635 ἴδῃς

268 2660 759 2735 ἀγανακτοῦντα
822 2660 1138 2735 μέλλοντα
1201 2662 1676 2739 ἀποθανεῖσθαι,
1741 2659 1832 2727 ὅτι
1892 2663 2001 2725 οὐκ
2049 2658 2143 2740 ἄρ’
2191 2655 2258 2734 ἦν
2304 2661 2644 2741 φιλόσοφος

268 2763 449 2829 α’λλά
498 2790 591 2836 τις
643 2766 1147 2843 Φιλοσώματος”.

362 2870 437 2935 In
481 2892 726 2958 papyro
773 2871 1207 2938 desiderantur
1253 2873 1557 2939 vocabula
1604 2874 1922 2947 μέλλοντα
1969 2874 2398 2938 ἀποθανεῖσθαι
2421 2922 2437 2951 ,
2484 2894 2645 2960 quae

270 2986 493 3043 tamen
540 2984 777 3043 temere
825 2981 1036 3043 omitti
1087 3000 1213 3045 non
1259 2985 1525 3064 possunt
1570 2983 1725 3066 quin
1771 2985 1907 3045 tota
1951 2979 2224 3045 Socratis
2263 2980 2648 3045 demonstra-

268 3087 367 3149 tio
413 3082 723 3149 claudicet
767 3090 831 3148 et
877 3084 1150 3150 vacillet.
1205 3085 1459 3172 Ergone
1505 3085 1796 3150 codicum
1837 3085 2178 3151 lectionem
2225 3089 2609 3151 retineamus
2629 3136 2645 3165 ‚

268 3192 502 3276 papyri
547 3187 1069 3254 contemnamus?
1110 3188 1279 3255 Mihi
1316 3197 1604 3256 accurate
1643 3190 1870 3257 locum.
1895 3196 2186 3271 nostru-m
2225 3192 2646 3257 consideranti

266 3294 665 3381 probabilius
733 3294 990 3360 videtur
1058 3302 1353 3361 neutram
1425 3301 1664 3362 rectam
1733 3317 1866 3363 esse
1886 3346 1901 3374 ,
1986 3297 2094 3362 sed
2163 3300 2254 3362 sic
2325 3301 2646 3385 scripsisse

268 3400 643 3466 Platonem:

366 3506 432 3571 οὗ
481 3509 681 3581 πολλὴ
731 3506 807 3572 ἂν
854 3508 1090 3585 ἀλογία
1137 3506 1225 3582 εἴη
1274 3508 1323 3572 εἰ
1372 3508 1630 3585 Φοβοῖτο
1680 3509 1783 3572 τὸν
1829 3506 2086 3573 θάνατον
2110 3530 2127 3588 ;

367 3616 577 3689 Πολλὴ
624 3611 829 3689 μέντοι
878 3616 943 3689 νὴ
994 3614 1157 3693 Δία,
1209 3612 1244 3689 ἦ
1292 3614 1343 3679 δ’
1390 3610 1472 3685 ὅς.

368 3720 604 3784 Οὐκοῦν
678 3716 877 3783 ἱκανόν
948 3742 1037 3783 σοι
1108 3721 1447 3798 τεκμήριον,
1521 3716 1679 3799 ἔφη,
1752 3726 1929 3784 τοῦτο
2001 3718 2205 3798 ἀνδρὸς
2270 3711 2330 3783 ὃν
2396 3718 2472 3784 ἂν
2519 3720 2645 3805 ἴδῃς

268 3830 632 3889 τοιοῦτον
678 3821 769 3889 ὅτι
816 3827 923 3890 οὐκ
973 3824 1068 3902 ἄρ’
1116 3822 1182 3900 ἦν
1228 3827 1569 3907 Φιλόσοφος
1622 3826 1798 3890 ἄλλα
1848 3850 1938 3897 τις
1988 3828 2444 3904 Φιλοσώματος.

364 3930 631 4016 Expello
693 3952 845 4017 ergo
908 3931 935 3994 ὁ
996 3936 1259 4001 τοιοῦτος
1324 3937 1473 4018 post
1534 3932 1637 3995 τὸν
1685 3932 1964 4011 θάνατον,
2016 3936 2218 4009 recte,
2265 3938 2344 3996 ut
2390 3934 2641 4018 opinor:

270 4038 590 4125 praecedit
637 4040 810 4101 enim
856 4039 1023 4117 αὐτῷ
1071 4042 1397 4123 tamquam
1447 4037 1523 4102 de
1563 4038 1824 4103 homine
1863 4046 2032 4103 certo
2070 4042 2345 4123 notoque
2363 4059 2381 4116 3
2426 4043 2489 4103 et
2531 4061 2645 4125 pro

270 4148 409 4210 toto
452 4147 576 4209 isto
626 4144 1107 4219 ἀγανακτοῦντα
1159 4143 1473 4219 μέλλοντα
1524 4146 1958 4209 ἀποθανεῖσθαι
2007 4165 2212 4208 unum
2255 4166 2416 4230 pono
2467 4152 2649 4211 τοιοῦ-

272 4274 397 4328 τον,
468 4252 649 4315 cuius
718 4252 889 4316 vocis
958 4250 1217 4315 liberior
1283 4272 1439 4315 usus
1507 4256 1664 4338 quot
1734 4258 2242 4337 quantarumque
2313 4252 2646 4317 turbarum

278 4377 497 4423 ansam
562 4356 805 4423 dederit
865 4358 1057 4421 huius
1118 4356 1243 4423 loci
1288 4378 1411 4422 non
1459 4364 1556 4422 est
1605 4357 2052 4423 demonstrare.
2101 4356 2393 4444 Longam
2442 4379 2649 4424 exem-

274 4462 532 4551 plorum
579 4465 807 4527 seriem
856 4462 1133 4549 proferre
1182 4462 1365 4529 facile
1412 4468 1528 4528 est.
