3192 5009
924 901 1071 989 ΑΙ)
1128 899 1645 989 PLATONIS
1699 898 2388 990 PHAEDONEM.

1522 1104 1772 1145 sempsn·

1262 1256 1322 1323 J.
1382 1256 1423 1323 J
1506 1256 2050 1323 HARTMAN.

1458 1562 1852 1599 m

566 1822 785 1888 Allato
872 1820 949 1885 de
1025 1825 1205 1906 parte
1275 1818 1549 1905 quadam
1617 1817 1974 1883 Phaedonis
2043 1819 2362 1885 Platonici
2428 1824 2498 1885 in
2564 1820 2858 1906 Aegypti

476 1928 739 1993 latebris
808 1932 1058 2011 reperta
1124 1927 1349 1989 nuntio
1410 1926 1672 2011 egregia
1733 1926 1948 1989 omnia
2007 1932 2402 2011 exspectasse
2463 1932 2530 1991 et
2575 1946 2862 2011 sperasse

476 2033 761 2101 erudit-os
822 2035 965 2117 quis
1022 2028 1339 2095 miretur?
1398 2029 1706 2110 Quamvis
1765 2033 1940 2095 enim
1985 2052 2218 2116 parvae
2264 2038 2330 2098 et
2377 2032 2648 2098 detritae
2695 2034 2862 2095 istae

478 2145 686 2205 essent
720 2138 987 2202 laciniae
1005 2186 1023 2213 ,
1066 2144 1279 2201 tamen
1318 2158 1543 2201 earum
1583 2156 1701 2219 ope
1741 2140 1896 2221 quin
1919 2141 2360 2204 vetustissima
2381 2138 2576 2203 lectio
2599 2138 2860 2202 restitui

478 2252 687 2332 posset
747 2241 927 2306 nuJJa
986 2250 1121 2306 erat
1182 2241 1532 2319 dubitati03
1582 2262 1787 2327 neque
1834 2263 1968 2307 esse
2013 2250 2296 2328 poterat:
2343 2244 2638 2309 locorum
2681 2246 2860 2307 enim

478 2352 959 2415 notissimorum
1022 2350 1275 2412 etiamsi
1320 2367 1521 2433 pauca
1566 2347 2012 2412 tantummodo
2059 2356 2458 2435 superessent
2505 2348 2818 2415 vocabula
2835 2396 2854 2424 ,

478 2462 688 2521 cetera
745 2452 1049 2518 facillime
1108 2452 1391 2537 suppleri
1452 2472 1636 2537 posse
1681 2453 2078 2531 videbantur,
2129 2459 2432 2541 quoniam
2477 2455 2856 2521 lacunarum

478 2564 687 2647 spatia
748 2558 969 2623 sedulo
1032 2578 1103 2622 ac
1164 2557 1507 2643 diligenter
1566 2577 1606 2622 a
1651 2556 1852 2622 ductis
1897 2558 2248 2625 editoribus
2293 2570 2504 2627 essent
2551 2562 2850 2627 indicata.

484 2668 975 2746 „vetustissima
1036 2662 1267 2729 lectio”
1332 2666 1467 2741 ai03
1532 2684 1656 2728 non
1719 2667 1894 2729 enim
1953 2687 2215 2750 possum
2259 2690 2398 2734 rem
2445 2669 2854 2755 gravioribus

478 2764 837 2860 significas-e
898 2768 1257 2845 vocabulis3
1324 2790 1485 2853 quae
1546 2772 1602 2833 si
1661 2776 1980 2835 exstarent
2041 2772 2146 2837 hic
2191 2776 2274 2838 iis
2321 2774 2639 2840 utendum
2685 2782 2854 2839 erat:

482 2888 617 2945 tam
674 2880 849 2942 enim
908 2878 1209 2959 antiquus
1256 2875 1620 2960 Aegyptius
1665 2874 1776 2940 ille
1823 2880 2006 2941 testis
2049 2886 2146 2943 est
2191 2887 2300 2957 ut,
2351 2881 2522 2965 quod
2568 2881 2650 2945 ad
2697 2886 2860 2945 aeta—

482 2994 615 3053 tem
662 2987 891 3049 attinet
910 3031 925 3057 ,
974 3001 1123 3066 prae
1166 2978 1281 3045 illo
1322 2982 1513 3043 ceteri
1550 3001 1768 3045 omnes
1807 2985 2250 3049 contemnendi
2267 3036 2284 3065 ,
2325 2990 2530 3051 immo
2570 2986 2848 3063 ridiculi,

478 3092 835 3159 videantur.
896 3085 1085 3150 Vides
1142 3106 1247 3149 me
1312 3083 1658 3150 editoribus
1719 3085 1976 3171 obloqui
2037 3088 2238 3155 nolle:
2303 3112 2430 3157 non
2493 3092 2707 3157 dicam
2748 3094 2860 3156 vix

480 3198 647 3265 mihi
707 3191 1009 3261 credibile
1074 3189 1277 3254 videri
1336 3209 1657 3276 papyrum
1717 3198 2034 3271 nostram,
2101 3206 2176 3261 ut
2237 3201 2526 3283 primum
2543 3248 2562 3277 ,
2613 3220 2672 3265 a.
2724 3196 2854 3265 250

480 3312 621 3370 ante
680 3299 751 3367 C.
780 3324 841 3364 n.
906 3300 1211 3382 scriptam
1271 3316 1438 3359 esse:
1489 3296 1658 3381 quod
1703 3300 1758 3361 si
1805 3297 2232 3369 demonstrare
2278 3326 2534 3390 possem
2585 3306 2858 3371 totidem

468 3418 613 3498 post
673 3405 745 3474 G.
772 3430 834 3470 n.
898 3405 1077 3469 annis
1140 3422 1283 3465 eam
1344 3399 1424 3464 ad
1482 3400 1768 3467 Platonis
1833 3404 2165 3493 dialogum
2227 3412 2678 3496 excipiendum
2727 3431 2862 3477 esse

482 3516 839 3585 adhibitam
854 3559 871 3588 ‚
936 3516 1153 3574 tamen
1213 3504 1441 3570 multis
1502 3506 1766 3571 saeculis
1829 3507 2170 3579 Clarkiano
2229 3516 2442 3583 codice
2489 3524 2658 3583 esset
2704 3520 2863 3583 anti-

485 3626 689 3712 quior,
752 3625 967 3682 tamen
1015 3612 1356 3697 diligenter
1402 3618 1565 3676 esset
1613 3616 2017 3694 excutienda,
2068 3623 2304 3707 quippe
2351 3645 2514 3708 quae
2559 3628 2630 3689 in
2679 3646 2860 3710 spem

484 3752 600 3797 nos
672 3724 1011 3792 adduceret
1078 3717 1209 3781 fore
1278 3722 1353 3779 ut
1419 3718 1558 3799 ipsa
1623 3716 1910 3785 Platonis
1968 3725 2160 3790 verba
2177 3774 2194 3803 ‚
2259 3749 2296 3792 a
2357 3730 2864 3798 mediaovalibus

484 3835 707 3903 scribis
752 3829 992 3915 passim
1036 3823 1311 3906 turpiter
1358 3826 1652 3904 corrupta
1672 3870 1687 3897 ,
1735 3826 1986 3911 integra
2029 3830 2209 3895 nobis
2257 3834 2566 3902 redderet,
2618 3837 2860 3903 Verum

486 3946 719 4010 misere
787 3954 901 3998 nos
970 3950 1044 3995 ea
1101 3948 1243 4011 spes
1304 3924 1551 3990 fefellit.
1625 3926 1790 3992 Nam
1853 3934 2204 4015 permultas
2249 3941 2512 4023 quidem
2557 3942 2864 4009 lectiones

480 4046 841 4134 incognitas
886 4035 1149 4104 antehac
1195 4031 1375 4095 nobis
1422 4030 1678 4095 exhibet
1698 4080 1713 4107 ,
1761 4035 1870 4099 sed
1917 4040 2026 4101 vix
2063 4062 2190 4107 una
2229 4046 2500 4113 traditae
2538 4050 2864 4116 codicibus

483 4152 745 4223 lectioni
778 4147 1094 4233 praestat3
1136 4138 1555 4223 paucissimae
1594 4146 1808 4203 contra
1845 4142 2132 4210 codicum
2169 4155 2622 4219 auctoritatem
2647 4154 2862 4243 aliquo

486 4259 675 4327 modo
740 4248 991 4319 defendi
1058 4246 1325 4330 possunt
1342 4259 1356 4314 ;
1432 4238 1758 4325 pleraeque
1819 4266 2034 4313 omues
2097 4273 2260 4318 nova
2320 4260 2626 4342 praebent
2671 4268 2863 4348 atque

486 4372 705 4453 aperta
750 4360 929 4427 vitia.
976 4352 1117 4419 Hoc
1158 4368 1279 4437 ego
1320 4344 1489 4409 hisce
1530 4349 1781 4433 paginis
1821 4350 2248 4425 demonstrare
2287 4365 2579 4445 conabor,
2619 4389 2750 4433 non
2787 4378 2864 4435 ut
