3192 5009
540 173 668 240 136
1540 197 1892 292 nomnium.

540 359 831 436 „tissimo
897 381 1024 424 non
1088 360 1505 428 interdictum
1564 363 1803 428 fuisse’'
1851 362 2136 448 profiteri
2183 385 2310 429 non
2358 364 2681 430 dubitavit
2709 361 2779 445 ¹),
2829 399 2930 411 —-

534 490 753 535 omnes
793 470 1105 532 nimirum
1143 470 1383 554 ubique
1424 470 1709 534 ferendos
1744 470 2030 536 iudicans
2067 471 2286 536 hiatus
2326 472 2498 558 quod
2519 474 2710 536 certis
2732 471 2936 535 hexa-

534 578 727 640 metri
776 574 1029 639 sedibus
1076 595 1181 640 eos
1230 597 1267 639 a
1314 577 1520 660 poetis
1568 575 1882 640 admissos
1927 597 2064 642 esse
2109 577 2516 663 intellegeret
2562 583 2627 642 et
2677 582 2932 642 temere

535 701 572 746 a
618 682 856 746 criticis
905 679 1206 766 expletos.
1258 682 1384 746 Hic
1430 682 1712 767 profecto
1759 682 1912 746 οἴνου
1962 685 2254 764 παρόντος
2299 682 2427 761 ὅξος
2473 684 2696 762 ἠράσθη
2739 691 2932 746 πιεῖν.

625 788 714 853 At
762 807 1001 874 magna
1048 793 1145 852 est
1191 790 1295 854 vis
1341 790 1654 852 veritatis.
1705 787 1965 854 Semina
2011 809 2174 873 quae
2222 790 2458 876 frigore
2495 789 2757 855 hiberno
2797 795 2940 854 tor-

533 901 686 981 pent
726 916 851 960 non
888 899 1185 980 pereunt,
1234 893 1345 958 sed
1393 897 1559 959 veris
1607 899 1672 960 et
1718 895 1959 960 favonii
2003 903 2258 982 gratam
2303 899 2516 962 vicem
2563 899 2935 982 expectant.

533 1001 899 1066 Editionem
937 1000 1351 1065 Homericam
1387 998 1606 1065 littera
1645 1025 1672 1065 r
1709 1003 2090 1066 instructam
2112 1051 2129 1080 ,
2156 1023 2352 1087 quam
2377 1023 2567 1067 senex
2592 1000 2938 1066 Bentleius

532 1106 976 1184 inchoaverat,
1036 1126 1225 1171 senex
1273 1105 1633 1193 Knightius
1681 1106 2112 1172 tumultuaria
2158 1129 2348 1192 opera
2392 1129 2507 1172 nec
2554 1109 2688 1172 sine
2737 1107 2942 1174 bona-

533 1235 683 1278 rum
727 1211 1094 1277 litterarum
1114 1294 1121 1302 .
1142 1211 1526 1277 detrimento
1573 1212 1962 1291 confecerat,
2011 1235 2202 1278 senex
2250 1217 2530 1299 suscepit
2574 1213 2938 1278 Inurum.

534 1321 845 1397 Rama,
900 1316 1117 1383 Wolfii
1178 1317 1550 1404 discipulus.
1616 1317 1741 1398 Qui
1789 1340 1940 1384 cum
1985 1340 2148 1384 anno
2203 1317 2376 1384 1858
2423 1318 2722 1396 Iliadem,
2777 1323 2937 1383 ante

535 1446 730 1492 annos
795 1424 1164 1510 quindecim
1226 1444 1263 1488 a
1309 1445 1375 1489 se
1424 1424 1663 1488 editam
1685 1473 1700 1502 ,
1745 1445 1875 1489 una
1921 1445 2073 1490 cum
2119 1423 2403 1513 Odyssea
2451 1426 2656 1491 denuo
2705 1445 2936 1512 recog-

535 1536 855 1608 nosceret,
898 1529 1268 1616 „digamma
1308 1530 1564 1595 reduxit
1605 1537 1920 1616 quantum
1960 1538 2212 1617 poterat
2236 1538 2300 1598 et
2322 1531 2622 1610 licebat'’,
2647 1533 2941 1618 vestigia

534 1641 743 1727 igitur
812 1636 1058 1723 Heynii
1075 1685 1091 1714 ,
1160 1639 1265 1701 cui
1323 1639 1577 1702 iuvenis
1636 1637 1971 1703 oblocutus
2032 1638 2242 1704 fuerat
2259 1687 2276 1716 ,
2341 1640 2459 1704 sub
2507 1640 2680 1703 vitae
2729 1637 2938 1702 finem

534 1747 671 1830 ipse
719 1742 959 1830 legens.
1008 1741 1151 1808 Non
1200 1743 1277 1808 ab
1326 1745 1501 1808 omni
1547 1749 1727 1829 parte
1773 1746 1929 1808 satis
1975 1743 2370 1829 probabilem
2415 1765 2551 1810 esse
2589 1745 2938 1820 rationem,

536 1873 731 1938 quam
792 1853 861 1915 in
919 1849 1312 1915 restituendo
1372 1850 1706 1936 digammo
1755 1849 2088 1915 Bekkerus
2138 1857 2395 1916 secutus
2441 1850 2650 1916 fuerat
2669 1899 2686 1927 ,
2735 1849 2940 1914 nihili

537 1962 711 2024 enim
773 1957 1009 2022 formas
1056 1978 1191 2022 esse
1240 1956 1540 2034 ἐφήνδανε
1592 1953 1802 2037 ἔνοργω
1853 1962 1917 2022 et
1963 1955 2238 2034 similia,
2291 1975 2452 2042 quae
2497 1956 2602 2021 hic
2645 1955 2782 2021 illic
2827 1977 2941 2020 ex-

538 2064 823 2131 cudenda
864 2069 1228 2141 curaverat,
1269 2063 1787 2128 demonstrarunt
1826 2063 1902 2128 A.
1949 2062 2238 2129 LRSKIEN
2272 2062 2465 2141 1866,
2511 2061 2724 2130 Gom
2752 2061 2936 2128 1874

532 2175 601 2236 in
669 2171 1052 2254 Mnemosyne
1112 2191 1175 2255 p.
1227 2168 1355 2234 201
1384 2190 1518 2254 sqq.
1583 2168 1891 2233 Attamen
1953 2171 2022 2232 in
2085 2190 2234 2233 suas
2279 2169 2458 2234 sedes
2504 2168 2768 2234 tandem
2819 2167 2942 2232 ali—

534 2277 786 2364 quando
850 2274 1113 2340 reducta
1175 2280 1311 2340 erat
1374 2273 1611 2340 aeolica
1658 2295 1818 2360 quae
1867 2275 2105 2339 dicitur
2149 2274 2401 2352 littera,
2451 2296 2579 2340 non
2625 2277 2695 2339 in
2741 2295 2943 2339 anno-

534 2386 809 2449 tationes
870 2379 1154 2468 relegata
1171 2401 1187 2459 ;
1253 2380 1513 2446 reducta
1574 2385 1796 2446 autem
1859 2402 1938 2446 ex
1997 2381 2191 2468 longo
2256 2383 2450 2447 exilio
2497 2388 2668 2460 erat,
2717 2403 2850 2446 non
2901 2402 2942 2446 a

535 2490 873 2555 temerario
932 2485 1145 2572 aliquo
1205 2487 1466 2552 homine
1528 2508 1845 2552 novarum
1892 2508 2110 2552 rerum
2158 2487 2442 2554 studioso
2465 2538 2481 2566 ,
2532 2487 2642 2555 sed
2686 2489 2766 2553 ab
2813 2486 2940 2552 illo

535 2598 678 2662 viro
727 2615 853 2679 quo
901 2614 1089 2657 nemo
1136 2592 1351 2678 plures
1400 2596 1738 2679 scriptores
1789 2591 2064 2659 Graecos
2111 2593 2412 2660 ediderat.

624 2700 894 2765 Interim
933 2702 1323 2784 comparatio
1361 2697 1737 2786 linguarum
1777 2705 2196 2787 cognatarum
2221 2707 2286 2766 et
2311 2687 2649 2766 emendata
2671 2703 2942 2766 omnino

538 2809 693 2872 artis
754 2807 1215 2892 grammaticae
1262 2807 1425 2869 ratio
1473 2826 1712 2870 novam
1758 2805 1973 2871 lucem
2020 2806 2174 2871 huic
2221 2828 2470 2893 quoque
2515 2807 2652 2872 loco
2701 2804 2943 2871 attule-

536 2918 723 2990 runt;
789 2909 1043 2976 dialecti
1104 2908 1379 2976 Graecae
1428 2913 1786 2976 accuratius
1832 2915 2165 2998 cognosci,
2213 2915 2656 2999 inscriptiones
2707 2910 2936 3000 colligi

535 3023 991 3104 coeptae'sunt
1010 3038 1025 3094 ;
1089 3017 1480 3095 Burrum,
1544 3019 1851 3097 Amums,
1898 3025 2119 3104 postea
2166 3017 2446 3086 Culmus
2494 3019 2728 3106 aliique
2778 3041 2934 3084 suos

536 3126 733 3191 libros
802 3127 1222 3209 scripserunt;
1289 3124 1364 3190 de
1427 3124 1756 3212 digammo
1804 3131 2025 3190 autem
2074 3126 2418 3191 Homerico
2465 3127 2812 3211 prudenter
2865 3132 2935 3192 et

538 3251 795 3296 summa
841 3229 1178 3316 diligentia
1224 3233 1471 3315 primus
1520 3234 1659 3318 egit
1704 3229 1851 3298 G.1.
1877 3231 1948 3297 F.
1990 3232 2358 3298 ΗΟΠΜΑΝΝ
2395 3236 2464 3297 in
2505 3232 2936 3314 Quaestionum

538 3337 990 3402 Homericarnm
1034 3335 1363 3401 volumine
1413 3335 1496 3415 II,
1538 3338 1704 3424 quod
1744 3338 1984 3423 prodiit
2023 3360 2187 3404 anno
2233 3337 2428 3416 1848,
2472 3340 2694 3405 eodem
2718 3341 2935 3426 igitur

538 3464 698 3508 anno
746 3463 869 3528 quo
916 3447 1212 3506 mortuus
1261 3447 1357 3508 est
1403 3442 1834 3508 normannus.
1884 3444 2076 3509 Hunc
2125 3444 2321 3509 multi
2367 3451 2520 3508 sunt
2567 3447 2802 3522 secuti,
2847 3465 2932 3509 ex

539 3549 772 3635 quibus
833 3567 982 3632 prae
1042 3551 1269 3612 ceteris
1316 3549 1882 3619 commemorandi,
1909 3551 2201 3615 videntur
2248 3550 2671 3617 SAVBLSBBRG
2717 3551 2790 3614 de
2835 3550 2935 3613 dt
2976 3577 2984 3584 ·

534 3675 762 3736 yammo
826 3654 1065 3737 eiusque
1122 3653 1632 3718 immutationibus
1693 3661 1932 3742 (progr.
1999 3658 2390 3744 Aquisgrani
2444 3657 2638 3734 1854,
2684 3661 2933 3721 iterum

541 3758 826 3825 Berolini
857 3757 1078 3838 1868),
1107 3759 1180 3824 Ο.
1198 3759 1273 3822 V.
1300 3758 1484 3825 ΚΝὸΒ
1508 3763 1581 3824 de
1605 3762 1895 3842 diffammo
1919 3763 2232 3826 Homerico
2258 3764 2630 3847 quaestiones
2652 3760 2932 3848 Upsalae

546 3862 723 3930 1872
749 3886 905 3950 sqq„
956 3863 1056 3928 W.
1095 3883 1219 3930 von
1266 3865 1542 3930 HAR‘rnL
1590 3868 1950 3931 homor-isone
1988 3868 2237 3932 Studien
2275 3867 2391 3947 III,
2434 3868 2506 3933 Ο.
2547 3869 2619 3932 L.
2661 3867 2932 3933 Tunnssn

543 3973 617 4034 de
664 3969 1053 4033 dialectorum
1102 3972 1461 4035 Graecarum
1507 3973 1798 4054 diyammo
1845 3973 2181 4038 testimonia
2225 3974 2686 4059 inscriptionum
2729 3972 2854 4040 187
2863 3977 2932 4054 9,

542 4075 1077 4143 KiiHNRR-BLASS
1123 4079 1544 4166 missiihrbiclce
1596 4081 1968 4144 Grammatik
2014 4079 2076 4145 Ι3
2121 4103 2183 4167 p.
2236 4078 2319 4147 '77
2347 4104 2479 4168 sqq.
2530 4075 2787 4164 (1890).

612 4315 663 4374 1)
696 4313 811 4376 rag.
848 4311 963 4373 1473
1003 4297 1127 4361 con'r.
1161 4311 1275 4362 ibid.
1314 4330 1361 4380 p.
1400 4313 1512 4364 110.
