3192 5009
603 265 734 332 306
1635 283 1953 332 nonnus,

581 449 761 516 sium
824 448 1095 512 conferri
1150 449 1340 514 iubeo
1403 448 1481 514 de
1540 448 1890 513 Aristareh.
1955 471 2018 534 p.
2068 447 2200 512 454
2265 454 2332 513 et
2378 448 2536 514 alios
2583 449 2756 514 loeos
2800 449 2998 514 nullo

590 557 852 640 negotio
901 557 1266 639 conquirere
1314 575 1658 641 possumus
1676 603 1692 632 ,
1741 553 1949 620 veluti
2000 565 2052 620 0
2085 553 2257 620 315:

862 661 1036 725 ἄλλα
1101 663 1214 737 μὲν
1265 662 1325 724 ἐν
1372 660 1543 742 χρό’
1593 661 1891 737 &hymn-⁸
1940 661 2224 740 α’ρηῖθόων
2271 658 2512 741 αἰζηῶν,

865 767 1075 854 πολλοὶ
1126 766 1189 831 δὲ
1236 767 1341 830 καὶ
1392 767 1722 845 μεσσηγύ,
1777 764 1964 847 πάρος
1999 765 2218 849 -χρόα
2267 767 2482 832 λευκὸν
2530 769 2834 846 ἐπαυρεῖν,

862 875 922 937 ἒν
970 873 1129 955 γαίη
1176 869 1427 952 ῗςαντο,
1481 873 1854 948 λιλαιόμενα
1902 873 2141 953 χροὸς
2192 867 2368 937 ἆσαι.

590 959 904 1045 Ceterum⁵
958 1000 1125 1044 1111110
1188 979 1373 1046 video
1435 983 1503 1046 in
1552 979 1818 1045 eandem
1863 981 2290 1064 suspicionem
2337 985 2486 1044 ante
2531 1000 2638 1044 me
2685 977 2994 1044 incidisse

587 1084 1093 1151 Herwerdenum
1140 1085 1386 1153 Mnem.
1444 1085 1620 1152 1890
1668 1108 1731 1171 p.
1784 1082 1890 1149 35.

678 1304 1045 1371 XXXVIII.
1108 1305 1170 1370 Ν
1174 1326 1295 1369 11110
1340 1323 1445 1369 me
1498 1303 1778 1370 advertit
1823 1304 1993 1390 quod
2041 1304 2394 1370 adnotastis
2441 1304 2520 1369 ad
2567 1314 2634 1370 M
2665 1304 2818 1382 200,
2871 1305 2992 1369 ubi

589 1433 792 1497 quum
853 1411 1055 1499 vulgo
1116 1412 1444 1498 legeretur
1506 1411 1915 1487 περησέμεναι
1965 1417 2258 1488 μεμαῶσι
2277 1460 2293 1489 ,
2344 1411 2515 1498 (111οᾶ
2564 1433 2656 1476 vs.
2711 1409 2844 1476 218
2895 1431 2993 1476 re·

586 1522 821 1596 currit,
886 1540 1009 1584 non
1074 1517 1317 1582 tulistis
1378 1515 1780 1582 infinitivum
1841 1518 2042 1582 futuri
2107 1524 2174 1583 et
2221 1520 2557 1596 περήμεναι
2607 1519 2988 1596 ἐμμεμαῶσι

586 1627 949 1711 scripsistis.
1000 1623 1171 1688 Mihi
1221 1643 1469 1709 quoque
1518 1623 1636 1688 1100
1685 1623 1984 1688 futurum
2029 1624 2446 1691 vehementer
2492 1623 2788 1711 displicet
2803 1673 2820 1702 ,
2877 1623 2990 1690 sed

588 1731 664 1796 de
710 1729 1069 1817 corrigendi
1116 1731 1491 1796 necessitate
1538 1733 1738 1794 etiam
1785 1737 1975 1817 atque
2023 1733 2221 1796 etiam
2267 1732 2528 1818 ambigo
2547 1779 2564 1809 ,
2609 1752 2809 1818 quum
2852 1729 2990 1794 Ho-

586 1857 805 1903 merus
848 1836 1003 1902 alibi
1039 1837 1212 1901 haud
1247 1857 1389 1900 raro
1430 1835 1734 1901 simfliter
1768 1837 2004 1901 dixisse
2042 1835 2340 1902 videatur
2379 1857 2451 1902 ac
2493 1857 2680 1921 saepe
2719 1836 2984 1923 quidem

588 1963 667 2008 ex
729 1946 961 2008 nostris
1006 1942 1187 2007 libris
1232 1943 1530 2006 futurum
1576 1944 1945 2018 evanuerit,
1997 1940 2107 2006 sed
2151 1941 2343 2028 longe
2391 1945 2600 2007 rarius
2644 1963 2986 2030 perperam

585 2053 654 2115 in
698 2055 954 2114 textum
998 2049 1195 2114 fuerit
1240 2048 1523 2113 illatum.
1576 2045 1702 2111 Sed
1747 2069 1884 2112 rem
1932 2046 2386 2132 expendamus.
2437 2047 2604 2113 Sunt
2650 2047 2775 2113 1001
2818 2070 2984 2134 quos

588 2159 715 2242 ipsi
764 2154 1149 2242 colleg-istis:

682 2272 723 2325 Β
776 2260 907 2325 544
1576 2266 1910 2337 μεμαῶτες
1957 2255 2272 2342 δρεκτῇσιιῖ
2318 2261 2568 2343 μελίῃσι

952 2368 1219 2446 θώρηκας
1270 2365 1467 2448 ῥήξειν
1516 2366 1693 2441 δηίων
1739 2367 1916 2449 α’μφὶ
1964 2369 2232 2443 ςήθεσσι.

682 2481 735 2537 H
824 2471 909 2538 36
957 2479 1081 2545 πῶς
1132 2473 1409 2551 μέμονας
1458 2472 1733 2549 πόλεμον
1781 2471 2296 2548 καταπαυσέμεν’
2347 2471 2608 2552 α’νδρῶνς

680 2588 751 2645 Μ
793 2577 923 2643 198
1808 2579 2112 2658 μέμασαν
2159 2578 2226 2644 δὲ
2271 2579 2520 2657 μαλιςα

951 2684 1161 2766 τεῖχός
1210 2711 1281 2751 τε
1330 2684 1523 2766 ῥήξειν
1574 2684 1680 2749 καὶ
1729 2686 2066 2765 ἐνιπρήσειν
2113 2686 2254 2765 πυρὶ
2305 2694 2475 2760 νῆας.

817 2791 904 2858 89
950 2788 1104 2857 οὕτω
1153 2793 1226 2866 δή
1271 2792 1547 2869 μέμονας
1595 2791 1813 2871 Τρώων
1859 2792 2038 2858 πόλιν
2088 2791 2460 2873 εὐρυάγυιαν

950 2898 1334 2983 καλλείψειν,
1387 2897 1453 2974 ἧς
1505 2893 1679 2962 εἵνεκ’
1726 2898 2001 2980 ὅιζύομεν
2049 2899 2220 2964 κακοὶ
2270 2897 2516 2976 πολλά;
2615 2927 2631 2938 ·

678 3013 731 3069 Ο
771 3003 898 3070 105
948 3000 983 3077 fr
1030 3002 1120 3068 ἔτι
1170 3026 1276 3079 μιν
1320 3003 1622 3080 μέμαμεν
1670 3004 2188 3083 καταπαυσέμεν’
2236 2999 2424 3070 ἆσσον
2469 3003 2698 3082 idm-653

675 3118 726 3174 Φ
767 3109 899 3175 482
947 3115 1072 3181 πῶς
1124 3109 1186 3174 δὲ
1236 3112 1311 3175 σὺ
1364 3115 1462 3175 νῦν
1512 3108 1791 3187 μέμονας
1842 3149 1927 3160 —-
1976 3112 2310 3189 ςήσεσθαι;

676 3239 718 3278 ω
768 3213 897 3280 395
947 3214 1115 3296 δηρὸν
1163 3217 1289 3293 γαρ
1336 3215 1481 3298 σίτῳ
1534 3217 1944 3296 ἐπιχειρήσειν
1993 3223 2349 3295 μεμαῶτες.

584 3321 670 3385 Et
710 3323 827 3386 hos
866 3321 1125 3406 quidem
1166 3321 1338 3387 locos
1375 3326 1693 3409 corrigere
1717 3323 1904 3389 facile
1933 3329 2030 3389 est
2048 3345 2063 3402 ;
2094 3345 2328 3390 verum
2351 3321 2587 3388 affertis
2609 3327 2968 3409 praeterea:

676 3450 704 3492 ο
769 3425 899 3491 522
949 3427 1051 3492 καὶ
1104 3428 1229 3506 γιὶρ
1278 3430 1507 3493 πολλὸν
1555 3426 1758 3507 ἄριςος
1809 3430 1954 3509 ἀνὴρ
2003 3428 2268 3506 μέμονέν
2313 3452 2386 3493 τε
2432 3429 2682 3505 μάλιςα

947 3533 1161 3612 μητέρ’
1209 3535 1360 3610 ἐμὴν
1409 3534 1768 3612 γαμέειν
1816 3535 1919 3599 καὶ
1973 3536 2308 3610 Ὀδυσσῆος
2361 3533 2551 3615 γέρας
2599 3531 2812 3608 ἕξειν

584 3647 650 3706 et
695 3645 1019 3727 praeterea
1064 3640 1400 3705 adnotavi:

674 3755 728 3827 Φ
779 3745 908 3812 399
960 3747 992 3821 ἢ
1040 3743 1075 3813 ὅ
1116 3750 1183 3826 γ’
1237 3748 1593 3827 ἐφορμᾶται
1647 3747 1999 3824 ποιησέμεν,
2053 3749 2128 3818 ὥς
2180 3746 2260 3812 ἑνὶ
2309 3747 2546 3828 χερσίν.

673 3860 729 3936 φ
780 3853 906 3919 125
956 3854 1080 3932 τρὶς
1132 3853 1245 3929 μέν
1295 3875 1401 3931 μιν
1446 3853 1750 3930 πελέμιξε
1801 3854 2152 3932 ἐρύσσεσθαι
2199 3856 2558 3931 μενεαίνων,

582 3963 695 4046 (1111
741 3981 965 4025 versus
1010 3959 1239 4025 itidem
1277 3958 1521 4046 leg-itur
1562 3969 1612 4024 Φ
1645 3958 1794 4037 176,
1835 3961 1951 4025 ubi
1985 3959 2215 4026 itidem
2257 3958 2411 4026 libri
2447 3961 2617 4024 inter
2653 3959 2963 4023 aer-istum

582 4069 647 4129 et
711 4065 1007 4130 futurum
1070 4064 1400 4129 fluctuant.
1465 4065 1591 4130 Hic
1658 4086 1909 4151 quoque
1969 4069 2242 4132 minime
2288 4066 2511 4131 dubito
2558 4065 2714 4150 quin
2755 4062 2964 4128 lenem

580 4169 864 4256 aliquam
924 4171 1310 4236 medicinam
1368 4171 1646 4237 indicare
1709 4175 1967 4258 possitis
1986 4221 2002 4250 ,
2077 4173 2186 4238 sed
2257 4172 2556 4258 equidem
2625 4171 2964 4256 quominus

580 4275 708 4342 Vos
754 4298 1000 4362 sequar,
1048 4280 1189 4364 ipsa
1231 4277 1520 4343 locorum
1565 4276 1983 4345 multitudine
2028 4299 2228 4364 paene
2273 4277 2592 4344 deterreor
2635 4281 2702 4342 et
2718 4325 2736 4355 ,
2777 4277 2830 4342 εί
2871 4273 2958 4352 μή

582 4405 641 4448 τι
708 4381 881 4462 ὑμεῖς
944 4383 1104 4448 ἄλλο
1170 4385 1393 4462 λέγετε
1414 4434 1430 4463 ,
1493 4386 1770 4451 dixerim
1813 4385 2108 4471 cupiendi
2154 4383 2348 4451 verba
2393 4383 2565 4469 apud
2601 4382 2958 4448 Homerum

680 2811 722 2868 m
