3192 5009
547 262 677 329 346
1359 283 1444 329 nn
1489 282 1761 330 'ramus
1804 281 2107 330 nolumus.

548 456 730 534 cepta
789 449 1198 515 sacerdotalia
1213 498 1230 527 ‚
1293 453 1349 514 si
1399 449 1770 516 confirmata
1812 472 1938 516 non
1982 456 2161 516 erant
2206 471 2245 516 a
2285 453 2427 516 iure
2470 449 2727 537 publico
2748 499 2769 528 ,
2822 470 2965 536 per

545 577 614 622 se
657 577 888 642 parum
933 556 1263 632 valebant,
1305 577 1454 622 cum
1499 557 1855 623 sacerdotes
1900 578 2025 622 non
2070 563 2331 643 possent
2374 579 2491 622 sua
2530 560 2601 622 vi
2646 563 2713 622 et
2758 577 2965 622 coer·

545 665 778 728 citione
837 661 1167 728 defendere
1225 665 1400 727 iussa
1459 683 1576 728 sua
1632 683 1838 748 neque
1898 664 1977 728 ab
2034 665 2259 728 invitis
2320 669 2387 729 et
2439 663 2959 728 contumacibus

539 773 800 854 possent
833 789 1014 834 veras
1049 789 1280 854 poenas
1317 775 1601 854 repetere
1618 818 1635 846 ,
1674 772 1731 834 si
1768 772 1913 854 quis
1948 769 2277 855 piaculum
2316 791 2355 834 a
2394 791 2461 834 se
2502 771 2959 834 commissum

540 873 787 939 solvere
823 873 1078 940 nolebat
1111 895 1317 959 neque
1355 877 1635 959 impium
1674 894 1741 938 se
1778 874 1917 939 fieri
1957 875 2313 940 verebatur.
2352 873 2533 954 Quod
2570 873 2961 940 sacerdotes

539 979 857 1058 dicebant,
905 982 998 1046 fas
1043 1001 1168 1045 non
1215 1001 1350 1046 esse
1395 979 1625 1046 violari
1668 979 1808 1046 loca
1854 1000 2030 1046 sacra
2074 988 2293 1046 sancta
2318 979 2665 1068 religiosa,
2706 1001 2963 1066 quam·

541 1089 643 1152 vis
701 1087 770 1152 id
829 1093 996 1152 certe
1057 1108 1255 1173 grave
1315 1093 1378 1152 et
1441 1086 1868 1173 insuperabile
1930 1108 2045 1172 per
2090 1109 2157 1152 se
2202 1107 2452 1173 quoque
2498 1089 2717 1152 visum
2760 1093 2959 1152 esset

539 1194 908 1260 homiuibus
969 1196 1091 1280 piis
1146 1199 1212 1259 et
1257 1192 1572 1280 religiosis
1588 1243 1606 1272 ,
1655 1199 1873 1259 tamen
1918 1192 2130 1258 solum
2174 1213 2301 1260 non
2346 1197 2663 1279 potuisset
2712 1199 2955 1258 tenere

543 1313 608 1368 et
654 1321 880 1388 cogere
925 1300 1217 1366 homines
1263 1299 1641 1386 relig-ionem
1680 1307 2083 1386 aspernantes
2104 1349 2120 1376 ,
2178 1303 2302 1366 nisi
2356 1321 2424 1365 se
2470 1301 2954 1365 immiscuisset

543 1413 647 1474 ius
693 1407 1046 1494 publicum.
1095 1405 1264 1472 Nam
1309 1407 1428 1472 hac
1463 1411 1530 1470 in
1567 1428 1637 1472 re
1676 1427 1926 1492 quoque
1966 1405 2179 1492 aliqua
2217 1427 2297 1471 ex
2332 1412 2513 1492 parte
2548 1406 2799 1472 factum
2842 1411 2955 1470 est

545 1513 718 1601 quod
763 1535 948 1599 saepe
991 1517 1060 1578 in
1107 1513 1332 1578 multis
1377 1512 1522 1578 aliis
1568 1513 1758 1577 rebus
1776 1562 1793 1590 ,
1842 1519 1920 1577 ut
1958 1519 2293 1598 praecepta
2334 1511 2749 1578 sacerdotalia
2794 1533 2953 1576 con-

545 1621 952 1686 firmarentur
995 1623 1178 1685 novis
1222 1622 1414 1684 iussis
1459 1618 1733 1705 publicis
1749 1667 1766 1696 ‚
1814 1639 1940 1704 quo
1986 1618 2168 1684 fieret
2204 1624 2281 1683 ut
2318 1621 2433 1705 qui
2472 1639 2547 1684 ea
2586 1621 2951 1706 migrasset

548 1728 858 1793 obnoxius
915 1725 1093 1791 fieret
1151 1727 1388 1810 poenis.
1439 1723 1565 1789 Sed
1612 1745 1736 1789 non
1782 1723 1859 1788 de
1906 1724 2205 1788 omnibus
2250 1723 2593 1811 generibus
2638 1723 2949 1790 locorum

545 1837 612 1899 in
675 1833 904 1918 quibus
965 1830 1178 1915 aliqua
1240 1829 1465 1916 religio
1513 1830 1815 1895 haerebat
1833 1878 1849 1905 ,
1899 1829 2071 1895 idem
2119 1829 2329 1896 valuit
2346 1879 2363 1907 ,
2412 1851 2541 1895 non
2584 1830 2666 1895 ad
2714 1831 2949 1894 omnia

546 1941 857 2026 pertinuit
916 1958 1067 2002 cura
1118 1939 1276 2000 iuris
1322 1935 1582 2023 publici.
1632 1935 1702 2001 Si
1750 1938 2115 2001 omittimus
2162 1956 2236 2001 ea
2280 1957 2441 2020 quae
2490 1935 2568 2001 de
2616 1934 2949 2021 sepulcro-

547 2066 694 2110 rum
739 2043 1086 2108 violatione
1135 2041 1472 2129 paullatim
1517 2048 1668 2106 sunt
1713 2044 2059 2106 constituta
2076 2091 2092 2118 ,
2143 2047 2467 2127 praeterea
2512 2063 2551 2106 a
2593 2041 2753 2108 locis
2794 2040 2947 2106 reli-

546 2154 746 2238 giosis
767 2199 784 2226 ‚
848 2152 981 2214 sive
1039 2147 1362 2234 publicam
1405 2148 1723 2213 habebant
1766 2149 2083 2233 originem
2128 2149 2265 2212 sive
2314 2150 2633 2233 privatam
2648 2196 2665 2225 ‚
2714 2168 2783 2213 se
2832 2147 2943 2212 ab·

547 2259 778 2323 stinuit
834 2258 936 2320 ius
995 2253 1360 2340 publicum3
1425 2253 1576 2318 haec
1638 2253 1931 2333 reuqione
1984 2259 2240 2318 tantum
2258 2302 2275 2331 ‚
2324 2274 2451 2318 non
2496 2255 2630 2316 iure
2676 2253 2939 2318 defensa

549 2368 616 2428 et
659 2361 969 2426 inviolata
1013 2360 1304 2436 fuerunt;
1355 2360 1506 2424 haec
1553 2361 1665 2444 qui
1710 2357 2027 2436 violabat,
2076 2357 2405 2444 piaculum
2444 2359 2931 2440 committebat,

549 2489 672 2533 non
733 2467 876 2554 lege
939 2466 1272 2531 tenebatur
1302 2461 1372 2544 ²).
1439 2463 1564 2529 Sed
1622 2463 1760 2529 loca
1820 2484 1996 2529 sacra
2043 2470 2109 2529 et
2152 2471 2367 2530 sancta
2415 2468 2631 2531 omnia
2676 2465 2935 2530 defensa

549 2580 700 2640 sunt
762 2595 798 2638 a
853 2576 994 2638 iure
1059 2571 1336 2658 publico,
1400 2570 1540 2636 Hoc
1602 2577 1699 2636 est
1760 2571 1931 2656 quod
1991 2571 2215 2636 Aelius
2282 2569 2511 2637 Gallus
2556 2573 2712 2638 dicit
2756 2572 2929 2658 apud

549 2680 848 2745 Festum:
901 2681 1079 2756 „sed‚
1129 2685 1196 2742 ut
1231 2699 1348 2760 pro
1393 2677 1629 2740 ratione
1674 2680 1927 2762 quadam
1969 2685 2025 2740 et
2056 2679 2445 2760 temporibus,
2490 2681 2693 2743 eadem
2730 2679 2929 2744 vider-i

537 2808 713 2870 posse
769 2792 1046 2866 (sacrum
1107 2792 1172 2849 et
1233 2789 1585 2863 sanctum);
1648 2784 1939 2868 siquidem
1984 2786 2143 2868 quod
2186 2807 2419 2848 samm
2466 2793 2553 2848 est
2596 2785 2753 2850 idem
2798 2786 2927 2866 leqe

547 2900 655 2956 auc
699 2891 974 2954 instituto
1021 2891 1306 2954 maiorum
1347 2896 1615 2952 sanctum
1663 2912 1784 2954 esse
1817 2897 2005 2972 putat
2022 2936 2039 2966 ,
2085 2897 2155 2953 ut
2198 2891 2422 2954 violari
2460 2891 2535 2954 id
2567 2891 2699 2956 sine
2725 2915 2923 2974 poena

549 3021 668 3062 mm
715 2997 952 3080 possit''
981 2995 1055 3076 ²).
1121 2995 1244 3061 Sed
1305 3002 1599 3081 apertum
1644 3004 1771 3072 est,
1820 2996 2081 3062 Aelium
2130 2991 2431 3074 Gallum,
2478 3017 2629 3062 cum
2676 3017 2921 3062 sacrum

549 3111 614 3170 et
659 3109 954 3168 sanctum
998 3123 1110 3188 pro
1157 3103 1398 3166 ratione
1443 3101 1617 3166 idem
1664 3121 1799 3167 esse
1844 3123 2029 3187 posse
2074 3102 2342 3180 diceret,
2392 3105 2725 3168 miscuisse
2770 3104 2921 3169 duas

551 3209 1044 3296 significationes
1112 3206 1408 3272 vocabuli
1479 3207 1817 3284 „sanctus”
1840 3257 1856 3284 ,
1928 3210 2049 3272 hoc
2118 3208 2503 3274 vocabulum
2524 3259 2541 3287 ,
2614 3217 2919 3294 quatenus

553 3314 869 3401 significat
922 3332 1159 3400 „poena
1203 3312 1366 3399 leg-is
1413 3312 1748 3378 defensus''
1806 3314 2373 3398 (quemadmodum
2419 3316 2487 3380 id
2523 3319 2917 3403 interpretari

553 3420 758 3486 solent
794 3421 1179 3504 iurisperiti,
1219 3417 1348 3482 vid.
1393 3439 1564 3503 supr.
1608 3439 1753 3504 pag.
1787 3417 1917 3482 342
1958 3419 2099 3484 adn.
2128 3418 2196 3500 3)
2238 3441 2383 3485 sane
2422 3423 2619 3486 etiam
2654 3421 2818 3486 cadit
2852 3426 2915 3488 in

553 3528 693 3592 loca
747 3545 921 3591 sacra
947 3523 996 3606 ⁸)
1014 3544 1030 3601 ;
1095 3527 1398 3609 quoniam
1451 3544 1604 3588 vero
1650 3523 1787 3590 loca
1834 3533 2047 3590 sancta
2094 3533 2390 3605 τεχνικῶς
2438 3527 2917 3614 distinguuntur

626 3759 670 3814 l)
717 3753 848 3802 Fest.
885 3767 990 3817 pag.
1025 3751 1146 3802 278:
1199 3751 1416 3816 .(Aelim
1453 3751 1623 3800 Gallus
1656 3751 1750 3816 ait)
1786 3751 2062 3817 religiosum
2095 3769 2283 3819 quoquc
2318 3768 2447 3813 ease,
2479 3755 2709 3819 quoniam
2742 3757 2801 3806 sit
2830 3757 2913 3806 ali-

551 3837 665 3902 quid
709 3835 834 3899 quod
883 3833 948 3882 ibi
982 3833 1165 3882 homini
1201 3833 1353 3882 facere
1389 3849 1484 3882 non
1521 3833 1686 3891 liccem
1726 3835 1852 3898 quod
1886 3835 1925 3883 si
1958 3834 2128 3894 faciat,
2162 3837 2384 3886 adver-m
2416 3839 2609 3888 deor-un
2638 3841 2911 3890 voluntem

547 3919 769 3968 videatur
813 3913 1015 3964 facere''.
1061 3916 1162 3964 Crr.
1209 3915 1334 3979 quod
1373 3915 1430 3964 de
1464 3915 1568 3964 loco
1602 3915 1808 3979 quodam
1842 3917 2064 3981 religioso
2100 3917 2329 3982 (Doliolis
2364 3919 2417 3968 iu
2450 3919 2557 3969 foro
2590 3919 2775 3984 boario)
2806 3923 2912 3972 ecri-

548 4001 670 4050 bunt
714 4003 952 4055 auctorem
1015 3997 1167 4046 Varro
1213 3995 1288 4056 (l.l
1347 3999 1393 4044 Β.
1415 3995 1534 4062 157)
1579 4003 1629 4046 et
1676 3997 1841 4048 Festus
1888 3999 2018 4064 (pag.
2058 4001 2169 4059 69);
2216 4000 2327 4050 nubi
2360 4017 2453 4050 noa
2490 4002 2605 4051 lieet
2638 4003 2907 4067 domei-0⁹⁹3

548 4083 724 4132 rectius
751 4081 914 4130 Livius
943 4079 1010 4140 (ὅ.
1029 4079 1110 4128 40.
1129 4079 1187 4144 8)
1225 4077 1331 4128 nubi
1365 4093 1488 4128 nune
1515 4079 1681 4144 despui
1710 4081 1874 4144 rel-'9122
1900 4079 2020 4130 σεῖ’.
2054 4081 2163 4130 vid.
2194 4083 2339 4131 etiam
2372 4081 2531 4132 Paulli
2550 4085 2681 4133 Seni.
2704 4085 2906 4136 1.21.4=

554 4165 666 4229 ‚qui
709 4177 880 4228 corpus
925 4165 1182 4226 perpetuae
1217 4159 1489 4226 sepulturae
1524 4161 1758 4211 traditum
1798 4200 1810 4211 .
1830 4196 1845 4210 .
1866 4201 1877 4213 .
1914 4163 2168 4213 nudaverit
2206 4203 2216 4213 .
2238 4203 2249 4213 .
2270 4197 2317 4222 ..
2344 4164 2591 4228 piaculum
2620 4167 2903 4218 oona-mie&

549 4249 664 4296 Sero
709 4245 900 4294 demum
947 4242 1072 4305 leges
1118 4242 1268 4291 factae
1300 4249 1414 4294 sunt
1448 4257 1568 4306 qnae
1604 4242 1913 4293 violationem
1948 4244 2274 4309 sepulcrorum
2307 4245 2533 4309 gravibus
2568 4247 2733 4311 poeuis
2764 4248 2907 4313 prohi-

549 4329 729 4378 berent.
767 4353 832 4364 -—
865 4325 923 4390 2)
960 4324 1082 4374 rest.
1117 4340 1224 4389 pag.
1263 4323 1376 4376 278.
1411 4351 1474 4362 —
1512 4325 1560 4384 ⁸)
1600 4323 1734 4373 Idem
1770 4325 2073 4386 vocabulum,
2115 4331 2347 4392 quatenus
2380 4328 2618 4394 significat
2658 4331 2905 4383 ‚unctione

552 4409 884 4477 qualicumque
918 4403 1166 4456 defemm”
1203 4405 1349 4456 etiam
1384 4405 1510 4455 cadit
1543 4407 1592 4456 in
1630 4405 1731 4456 loca
1766 4406 2011 4472 religion,
2052 4425 2157 4460 eam
2192 4409 2251 4459 ob
2286 4425 2477 4462 caunm
2516 4410 2766 4462 Trebatiu-
2792 4416 2901 4481 apud
