3192 5009
1365 324 1699 375 nomme.
2672 295 2713 365 9

625 489 877 571 Quem
921 496 1014 555 tu
1056 489 1575 575 Melpomene
1621 490 1876 556 semel

620 603 1101 663 nascentem
1144 597 1475 683 placido
1521 596 1841 663 lumine
1887 597 2249 675 videris,

353 726 410 771 e.
436 726 493 790 q.
520 726 568 769 s.
617 725 817 790 usque
864 704 944 769 ad
988 711 1308 789 postrema
1349 703 1464 770 illa

621 809 917 876 'I'otum
963 813 1332 875 muneris
1374 812 1524 875 hoc
1570 813 1699 875 tui
1743 816 1903 889 est,

621 916 838 1002 quod
883 923 1307 981 monstror
1352 917 1631 1003 digito
1676 918 2416 1001 praetereuntium

621 1022 1031 1087 Romanae
1077 1022 1397 1087 fidicen
1441 1022 1698 1110 lyrae.

622 1128 832 1214 quod
877 1130 1104 1213 spiro
1153 1135 1232 1194 et
1275 1128 1603 1214 placeO,
1655 1130 1724 1194 si
1769 1127 2097 1213 placen,
2145 1135 2381 1194 tuum
2426 1133 2571 1193 est.

349 1234 746 1316 Quibuscum
791 1235 1146 1301 conferatur
1189 1234 1222 1299 I
1269 1232 1350 1301 17

619 1342 718 1407 Di
763 1363 884 1407 me
931 1346 1313 1407 tuentur:
1363 1342 1492 1407 dis
1537 1343 1817 1427 pietas
1862 1362 2037 1408 mea

624 1454 702 1513 et
746 1446 982 1513 Musa
1027 1447 1259 1513 cordi
1305 1453 1431 1513 est

348 1562 416 1621 et
460 1557 702 1640 primae
748 1556 1058 1639 pueritiae
1103 1554 1448 1619 recordatio
1495 1558 1562 1619 in
1607 1552 1702 1619 III
1748 1554 1810 1632 4,
1857 1576 2005 1620 cum
2046 1553 2315 1619 Vulture
2350 1556 2417 1618 in
2453 1551 2708 1638 Appulo

348 1681 624 1747 puerum
682 1661 896 1726 fronde
957 1680 1120 1725 nova
1183 1666 1394 1725 texere
1454 1658 1794 1745 palumbae
1810 1709 1827 1739 ,
1874 1662 2116 1726 mirum
2162 1660 2330 1746 quod
2375 1660 2536 1725 foret
2582 1681 2711 1724 om-

349 1768 568 1845 nibus,
631 1772 706 1833 ut
765 1773 946 1832 tutus
1007 1788 1046 1831 a
1107 1767 1254 1831 feris
1316 1767 1621 1833 dormiret
1688 1788 1839 1832 non
1887 1770 2064 1833 sine
2112 1767 2237 1832 dis
2284 1769 2710 1833 animosus

345 1876 429 1939 in
447 1873 524 1938 fa
540 1896 581 1937 n
598 1894 647 1938 s.

437 1980 614 2045 Haec
659 2001 786 2044 non
835 1984 983 2044 sunt
1017 1977 1350 2044 humiliter
1388 1979 1464 2044 de
1503 1984 1639 2044 arte
1678 1981 2004 2044 sentientis
2022 2029 2039 2056 ,
2080 1980 2186 2045 sed
2224 2000 2375 2045 suae
2413 1978 2537 2043 sibi
2574 1976 2714 2043 alti-

349 2086 588 2151 tudinis
632 2087 876 2173 ingenii
921 2084 1117 2171 probe
1161 2087 1408 2150 conscii.

437 2191 677 2257 Verum
693 2241 710 2269 ,
774 2193 829 2256 si
888 2191 1186 2255 audimus
1241 2190 1715 2256 Hartmannum
1734 2240 1751 2269 ,
1800 2194 2099 2279 egregius
2146 2197 2311 2256 certe
2358 2194 2547 2276 poeta
2590 2189 2714 2254 fuit

348 2298 658 2365 Horatius
717 2300 785 2362 in
849 2297 1154 2383 Epistolis
1198 2304 1262 2363 et
1307 2297 1717 2363 Sermonibus
1764 2305 1828 2363 et
1872 2300 1939 2363 in
1986 2300 2077 2364 eis
2122 2297 2507 2363 carminibus
2555 2315 2712 2380 quae

345 2404 480 2470 iHis
525 2406 804 2470 maxime
853 2410 1122 2491 cognata
1169 2408 1318 2469 sunt
1333 2453 1350 2481 ,
1407 2425 1520 2469 nec
1567 2404 1743 2470 deest
1788 2426 1941 2470 suus
1988 2404 2172 2469 decor
2216 2402 2357 2469 aliis
2403 2404 2713 2488 poematis

349 2517 646 2576 naturam
665 2558 680 2587 ,
720 2512 995 2595 patriam
1014 2559 1030 2587 ,
1072 2512 1424 2595 principem
1463 2510 1922 2576 celebrantibus
1940 2560 1956 2588 ,
2000 2511 2109 2576 sed
2146 2511 2225 2575 ab
2266 2531 2385 2575 am
2404 2515 2535 2574 ato
2558 2512 2713 2574 riis

347 2617 734 2684 carminibus
751 2666 767 2694 ,
832 2637 992 2702 quae
1052 2619 1332 2681 maxime
1387 2617 1650 2702 prodere
1698 2617 1900 2682 solent
1945 2620 2179 2703 poetici
2224 2618 2468 2704 ingenii
2515 2616 2715 2681 effica-

347 2726 518 2789 ciam
577 2729 641 2787 et
701 2722 1098 2808 splendorem
1114 2772 1131 2800 ,
1195 2723 1370 2788 abest
1427 2726 1633 2788 omnis
1693 2744 1890 2809 paene
1949 2724 2157 2789 fervor
2202 2728 2393 2808 atque
2440 2725 2674 2788 veritas
2694 2771 2711 2800 ‚

349 2828 520 2916 quod
585 2834 730 2893 tum
795 2831 1169 2914 praesertim
1238 2835 1535 2915 appareat
1553 2878 1567 2907 ‚
1640 2850 1790 2895 cum
1857 2832 2038 2895 iuxta
2107 2834 2429 2915 ponuntur
2490 2827 2714 2914 elegiis

346 2934 798 3020 Propertianis.
867 2983 900 3011 „
909 2934 1050 2999 Non
1111 2936 1282 2999 enim
1345 2933 1528 3005 ἔνθεος
1597 2940 1695 3000 est
1739 2934 2091 3015 Horatius3
2136 2934 2382 3020 placida
2427 2936 2487 2998 ei
2531 2954 2711 2998 mens

353 3044 492 3119 „est
559 3047 622 3106 et
637 3089 654 3119 ,
724 3046 800 3104 ut
866 3043 960 3105 ita
1026 3040 1234 3105 dicam
1252 3090 1268 3118 ,
1333 3040 1546 3128 tepida
1559 3063 1576 3119 ;
1642 3040 1933 3107 flammas
1992 3034 2299 3129 ignes'que
2357 3060 2711 3125 numquam

353 3148 608 3224 „sensit
658 3144 798 3211 Hoc
845 3151 940 3211 est
983 3166 1097 3211 cur
1143 3148 1422 3211 carmina
1467 3149 1605 3211 eius
1653 3150 1961 3212 amatoria
2003 3148 2187 3212 nobis
2234 3153 2367 3213 tam
2407 3146 2713 3234 languida

353 3251 762 3330 „videanturz
831 3250 1044 3316 lentus
1105 3254 1279 3317 enim
1339 3259 1436 3317 est
1497 3258 1761 3318 amator.
1828 3252 2131 3333 Quotiens
2193 3260 2412 3320 autem
2459 3274 2713 3319 summa

353 3358 673 3443 „Pimplei
731 3361 968 3423 montis
1028 3360 1356 3424 cacumina
1415 3358 1786 3424 adscendere
1848 3365 2129 3436 conatur,
2194 3360 2385 3425 verba
2454 3360 2714 3445 quidem

355 3465 542 3543 „inde
581 3464 771 3530 refert
809 3484 1123 3551 magnum
1165 3464 1408 3549 aliquid
1444 3468 1731 3530 sonantia
1749 3514 1766 3543 ,
1807 3465 1916 3530 sed
1938 3467 2143 3529 inanis
2166 3486 2388 3531 eorum
2412 3470 2714 3552 strepitus

357 3578 528 3651 „est,
567 3574 635 3636 in
674 3577 957 3636 mentem
995 3572 1407 3656 animumque
1442 3570 1697 3636 lectoris
1736 3593 1859 3636 non
1898 3572 2271 3657 penetrant”
2298 3578 2387 3658 (p.
2421 3571 2545 3637 195
2572 3582 2711 3658 sq.).

441 3676 563 3742 His
610 3677 842 3741 verbis·
869 3679 1182 3742 contraxit
1227 3679 1327 3741 vir
1372 3678 1595 3743 doctus
1641 3677 1877 3743 iudicia
1920 3698 2081 3763 quae
2126 3677 2203 3743 de
2250 3677 2522 3765 singulis
2578 3678 2713 3743 odis

353 3785 604 3849 eroticis
665 3781 819 3847 tulit
881 3786 949 3846 in
1012 3804 1147 3870 cap.
1198 3782 1358 3848 VIII
1404 3806 1465 3869 p.
1519 3782 1895 3861 128—170,
1948 3804 2104 3869 quas
2148 3786 2371 3849 ceteris
2419 3785 2713 3850 omnibus

351 3891 677 3977 postponit
732 3891 966 3974 quippe
1009 3910 1159 3954 vero
1207 3896 1270 3954 et
1317 3892 1557 3954 sincero
1604 3892 1803 3954 animi
1850 3888 2076 3955 affectu
2122 3892 2379 3956 omnino
2427 3899 2715 3976 expertes

352 4003 418 4064 et
462 3997 602 4061 ideo
650 4002 931 4061 carentes
981 3999 1156 4061 omni
1200 3999 1446 4082 poetico
1493 3997 1711 4062 ardore
1756 4002 1820 4061 et
1868 3997 2127 4062 fervore.

445 4102 582 4167 Hac
629 4108 846 4167 autem
893 4101 970 4167 de
1015 4124 1081 4168 re
1129 4102 1240 4167 alii
1285 4102 1469 4167 aliter
1511 4102 1817 4167 iudicant.

443 4208 626 4273 Luc.
691 4206 1163 4273 Muellerus
1234 4211 1302 4273 in
1363 4208 1709 4274 utilissimo
1773 4208 1987 4275 libello
2036 4230 2225 4295 supra
2272 4213 2502 4289 citato,
2549 4217 2717 4296 post-

355 4335 549 4401 quam
610 4318 872 4401 negavit
928 4314 1210 4400 palmam
1257 4315 1661 4381 tribuendam
1706 4337 1838 4381 esse
1886 4317 2273 4381 carminibus
2325 4317 2606 4402 politicis
2653 4325 2717 4383 et

356 4422 580 4488 ethicis
597 4470 614 4500 ‚
677 4425 765 4487 sic
825 4424 1036 4508 pergit
1083 4444 1143 4507 p.
1199 4420 1362 4487 121:
1429 4420 1779 4510 „Dagegen
1826 4422 2103 4488 strahlen
2148 4422 2343 4489 frisch
2388 4424 2521 4489 und
2564 4424 2715 4504 hell,
