3192 5009
996 282 1093 361 nn⁸
1126 283 1277 333 man
1326 283 1782 335 oanunnmm.
2463 268 2590 335 241

264 460 508 521 cel-entur
546 462 605 518 et
647 452 866 517 locum
912 451 1131 517 cedere
1178 458 1561 540 cogerentur
1605 449 1868 539 reliquis
1917 453 2272 519 actionibus
2317 453 2590 538 publicis

256 562 473 647 (quibus
510 561 757 623 secunda
803 564 1014 624 essent
1054 559 1276 625 eadem
1315 562 1645 645 auspicia),
1686 559 1756 623 id
1796 565 1982 625 antea
2023 559 2236 646 aliqua
2276 582 2355 626 ex
2388 567 2593 648 parte,

258 667 347 732 sed
377 688 554 752 neque
588 666 769 752 plene
803 686 1006 751 neque
1047 672 1361 751 quantum
1400 669 1553 731 satis
1596 673 1732 732 erat
1757 688 1869 753 per
1893 668 2444 733 obnuntiationem
2469 668 2596 733 effi-

254 772 509 848 ciebatur,
540 793 685 836 cum
723 771 801 837 de
838 770 1009 837 caelo
1048 792 1299 837 servare
1338 794 1462 836 non
1500 772 1723 838 liceret
1746 774 2235 861 magistratibus
2261 777 2316 839 si
2342 779 2590 839 vetaret

252 882 426 943 maior
464 885 749 964 potestas.
801 879 969 943 Ante
1016 899 1071 943 a.
1129 876 1277 956 154,
1326 882 1383 943 si
1423 878 1668 944 consuli
1721 886 1833 944 aut
1874 880 2129 945 tribuno
2168 879 2256 966 pl.
2299 881 2589 967 placebat

248 983 431 1070 legem
464 986 609 1051 ferre
628 1034 644 1062 ,
686 992 751 1049 et
784 985 863 1049 ob
900 1006 1045 1049 eam
1083 1006 1337 1050 causam
1379 985 1643 1051 iubebat
1667 986 1958 1051 tabernas
1984 986 2196 1051 claudi
2219 994 2284 1052 et
2305 988 2593 1052 iurisdic-

246 1094 453 1157 tionem
486 1094 545 1155 in
574 1092 705 1156 foro
729 1094 1077 1156 intermitti
1110 1091 1175 1173 ¹),
1208 1091 1443 1177 reliqui
1465 1095 1887 1180 magistratus
1911 1099 2130 1159 contra
2152 1115 2258 1159 eos
2283 1097 2589 1181 respirare

166 1222 173 1227 ·
245 1218 355 1261 non
394 1204 695 1282 poterant,
745 1197 878 1263 dies
918 1196 1061 1263 aliis
1101 1199 1457 1263 actionibus
1500 1198 1798 1264 destinati
1830 1200 1908 1264 ab
1949 1202 2039 1265 eis
2063 1204 2390 1286 occupari,
2416 1204 2592 1288 ipsae

242 1306 481 1369 actiones
540 1307 745 1369 vetari
814 1310 1139 1390 poterant,
1203 1308 1330 1391 ipsi
1393 1326 1518 1371 non
1583 1312 1878 1391 poterant
1941 1310 2204 1393 reprimi
2265 1310 2587 1395 auspiciis.

240 1410 342 1474 Ex.
396 1432 481 1498 gr.
540 1432 823 1476 censores
872 1410 1037 1475 nihil
1083 1432 1271 1499 agere
1317 1418 1613 1497 poterant
1663 1414 1718 1477 si
1767 1412 2024 1478 tribuno
2071 1413 2363 1499 placebat
2413 1415 2586 1480 diem

238 1520 299 1580 in
336 1539 505 1603 quem
547 1538 769 1583 census
816 1517 1096 1583 indictus
1134 1525 1247 1582 aut
1284 1517 1568 1583 lustrum
1608 1521 2036 1584 constitutum
2076 1528 2244 1586 esset
2282 1542 2586 1606 occupare

237 1624 484 1689 concilio.
544 1624 685 1689 Hoc
744 1626 1044 1710 inprimis
1104 1624 1490 1710 reipublicae
1554 1646 1776 1691 nocere
1825 1633 2112 1713 poterat,
2162 1648 2312 1692 cum
2359 1630 2584 1715 magni

236 1732 508 1795 momenti
567 1736 747 1795 esset.
781 1736 856 1795 ut
902 1751 1125 1795 census
1165 1736 1230 1795 et
1273 1730 1556 1796 lustrum
1604 1738 1892 1818 tempore
1941 1736 2113 1799 iusto
2160 1735 2548 1801 haberentur
2563 1757 2580 1814 ;

236 1836 328 1900 sed
388 1836 542 1922 quod
603 1835 750 1922 plus
816 1840 1016 1902 etiam
1079 1836 1331 1902 valebat
1353 1888 1369 1915 ,
1434 1860 1585 1903 cum
1648 1837 1834 1904 facile
1904 1840 2181 1905 tribunis
2228 1842 2402 1907 cordi
2447 1864 2584 1908 esse

234 1948 415 2026 posset
470 1950 541 2008 nt
604 1942 685 2007 ad
745 1942 1028 2008 lustrum
1088 1946 1349 2008 omnino
1397 1966 1476 2009 ne
1522 1948 1985 2028 perveniretur,
2035 1950 2216 2034 copia
2255 1949 2402 2013 data
2448 1955 2586 2015 erat

234 2049 469 2113 tribunis
526 2048 717 2113 lustri
776 2048 1043 2114 tollendi
1091 2050 1314 2114 diebus
1364 2053 1690 2135 occupatis
1737 2056 1802 2115 et
1850 2056 2166 2138 exemptis
2185 2102 2200 2131 ,
2252 2057 2388 2120 sive
2441 2059 2578 2133 „vi-

232 2155 421 2218 tiatis”
462 2158 504 2220 i.
529 2178 582 2220 e.
632 2154 975 2222 inutilibus
1024 2157 1244 2233 factis,
1294 2157 1404 2221 cfr.
1454 2156 1699 2223 Mnem.
1751 2157 1970 2223 XVIII
2018 2182 2079 2245 p.
2133 2160 2264 2225 418
2314 2161 2456 2227 adn.
2511 2162 2578 2227 3.

230 2260 421 2347 Itaque
453 2262 562 2328 hoc
600 2284 681 2327 ne
716 2261 930 2340 fieret,
970 2265 1269 2348 inprimis
1308 2269 1573 2329 cautum
1607 2269 1712 2329 ‚est
1749 2265 1871 2330 hoc
1911 2269 2116 2352 capite
2157 2267 2322 2354 legis
2360 2268 2581 2334 Aeliae
2625 2276 2634 2284 '

228 2365 434 2432 Fufiae.
491 2368 581 2433 Eo
648 2371 911 2455 vigente
957 2375 1041 2449 (a.
1098 2367 1455 2450 154—58),
1506 2373 1561 2435 si
1607 2373 1676 2435 in
1721 2372 1995 2437 eundem
2045 2373 2217 2438 diem
2264 2378 2332 2438 in
2379 2397 2574 2462 quem

228 2494 420 2538 censor
474 2496 734 2540 censum
798 2480 912 2540 aut
966 2474 1249 2540 lustrum
1310 2477 1668 2554 indixerat,
1735 2479 2032 2543 tribunus
2097 2480 2186 2566 pl.
2237 2482 2317 2547 ad
2362 2482 2578 2568 legem

229 2578 517 2645 ferendam
576 2580 833 2668 plebem
894 2581 1099 2647 edicto
1163 2582 1545 2662 advocabat,
1611 2586 1906 2650 vincebat
1969 2586 2253 2653 edictum
2299 2593 2576 2655 censoris

222 2687 275 2749 in
330 2708 445 2772 quo
502 2687 895 2774 adscriptum
955 2695 1091 2753 erat
1156 2710 1265 2765 „se
1313 2710 1387 2755 eo
1436 2690 1538 2754 die
1586 2689 1663 2755 de
1714 2690 1890 2756 caelo
1939 2713 2074 2759 esse
2123 2696 2574 2762 servaturum'’

224 2791 359 2867 (vid.
403 2814 567 2879 supr.
616 2814 763 2880 pag.
820 2792 947 2859 103
995 2800 1061 2859 et
1110 2793 1265 2879 105)
1282 2817 1300 2873 ;
1342 2796 1759 2861 auferendum
1796 2803 1932 2862 erat
1971 2798 2255 2864 edictum
2296 2802 2573 2881 tribuni;

223 2901 265 2961 si
298 2900 582 2964 tribunus
622 2901 1089 2987 perseverabat,
1132 2922 1353 2967 censor
1391 2902 1467 2968 de
1509 2902 1682 2968 caelo
1723 2905 2029 2970 servando
2055 2911 2120 2970 et
2144 2908 2577 2975 obnuntiando

223 3004 529 3072 dirimebat
584 3011 723 3074 eius
784 3008 1147 3074 concilium.
1200 3007 1383 3089 Quod
1430 3017 1747 3095 quantum
1793 3011 2072 3090 valeret,
2122 3016 2346 3081 statim
2391 3037 2578 3102 appa-

222 3114 327 3176 ruit
380 3134 529 3178 cum
587 3114 897 3200 abrogata
942 3113 1085 3200 lege
1131 3114 1315 3180 Aelia
1359 3114 1542 3181 Fufia
1589 3116 1922 3182 sublatum
1970 3127 2137 3184 esset
2182 3120 2300 3186 hoc
2348 3126 2580 3207 praesi-

222 3217 393 3283 dium.
444 3218 605 3285 Cum
643 3222 933 3305 primum
970 3241 1256 3287 censores
1297 3222 1558 3286 fuerunt
1597 3230 1743 3308 post
1779 3223 1994 3312 legem
2019 3223 2312 3292 Clodiam
2334 3228 2572 3308 latam,

219 3344 260 3387 a.
298 3325 407 3403 55,
474 3329 695 3391 statim
763 3348 1043 3414 magnus
1107 3335 1320 3394 metus
1381 3336 1519 3395 erat
1579 3352 1658 3395 ne
1723 3332 1968 3397 tribuni
2029 3332 2118 3417 pl.
2185 3336 2574 3421 impedirent

220 3452 485 3510 censum,
558 3434 825 3510 „diebus
893 3435 1265 3512 vitiandis”‚
1334 3441 1411 3500 ut
1480 3436 1706 3501 scribit
1777 3436 1998 3504 Cicero
2072 3440 2236 3519 (Att.
2311 3441 2372 3505 4.
2403 3441 2465 3507 9.
2498 3444 2570 3508 1:

220 3560 383 3614 „sane
443 3538 643 3605 velim
704 3542 864 3605 scire
884 3590 899 3617 ‚
964 3563 1124 3605 num
1172 3562 1437 3607 censum
1481 3542 1839 3629 impediant
1888 3546 2164 3624 tribuni,
2215 3547 2436 3613 diebus
2481 3552 2573 3615 vi-

216 3647 455 3723 tiandis,
498 3653 593 3711 est
630 3649 804 3712 enim
848 3648 955 3713 hic
1001 3648 1333 3730 rumor’');
1385 3653 1449 3713 et
1480 3670 1718 3715 revera
1763 3651 1884 3715 hoc
1930 3652 2174 3717 factum
2220 3675 2355 3719 esse
2401 3656 2572 3722 vide-

218 3751 393 3831 detur,
456 3755 763 3838 quoniam
824 3757 1116 3839 proximo
1165 3775 1327 3820 anno
1379 3754 1706 3833 „lustrum
1751 3760 1882 3822 iam
1931 3758 2337 3845 desperatum
2387 3763 2565 3827 esse''

215 3862 405 3925 scribit
450 3856 673 3926 Cicero
720 3861 883 3940 (Att.
936 3861 999 3927 4.
1030 3860 1133 3926 16.
1162 3861 1203 3926 8
1251 3861 1461 3943 Boot).
1512 3862 1658 3928 Non
1698 3863 1849 3929 licet
1886 3863 2049 3930 illud
2091 3865 2266 3943 „dies
2289 3870 2564 3939 vitiare''

216 3988 303 4051 quo
350 3966 601 4033 tribuni
647 3988 909 4033 censum
952 3968 1329 4054 impedituri
1374 3990 1509 4035 esse
1557 3969 1877 4050 dicuntur,
1917 3975 2010 4037 ita
2047 3976 2452 4059 interpretari
2490 3983 2564 4043 ut

261 4262 300 4325 1)
342 4259 447 4309 Cfr.
492 4258 649 4307 Varro
681 4257 751 4309 l.1.
790 4260 835 4309 6.
858 4260 949 4319 91;
984 4259 1081 4310 Cic.
1120 4262 1247 4311 dom.
1282 4261 1475 4321 83.90;
1511 4263 1630 4339 ¹Aur.
1671 4260 1791 4310 vict.
1830 4260 1920 4311 vir.
1958 4260 2028 4313 ill.
2068 4262 2228 4314 73.2=
2271 4265 2566 4331 -Appnleius

210 4346 257 4391 tr.
292 4344 354 4411 pl.
408 4340 646 4391 Glauciae
690 4342 930 4407 praetori,
976 4343 1103 4407 quod
1148 4343 1188 4391 is
1222 4360 1277 4393 eo
1313 4344 1389 4393 die
1423 4360 1519 4409 quo
1552 4344 1652 4410 ipse
1685 4343 1958 4394 contionem
1992 4343 2221 4405 habebat,
2258 4346 2334 4397 ins
2366 4348 2564 4399 dicendo

213 4432 355 4489 purtem
388 4423 569 4492 populi
604 4427 870 4484 avocasset,
908 4425 1076 4476 sellam
1108 4424 1365 4476 concidit’'.
