3192 5009
954 281 1039 332 na
1082 281 1702 333 mauamnnomus
1747 283 2045 333 nomme.
2554 263 2686 334 437

322 449 550 516 fiebant
613 457 940 516 manerent
991 472 1143 518 vera
1187 454 1447 518 comitia
1494 474 1698 539 neque
1755 453 1835 518 ad
1881 451 2236 518 celatorum
2278 473 2483 538 genus
2532 452 2694 518 dela—

321 557 618 623 berentur
634 607 649 636 ,
718 579 868 623 cum
914 564 1130 624 tamen
1176 561 1437 630 comitia
1482 560 1713 646 quibus
1761 559 2204 625 detestationes
2250 558 2484 625 fiebant
2530 560 2695 625 facta

321 671 527 731 essent
582 669 963 753 imaginaria
980 715 997 744 ,
1061 668 1229 753 quod
1287 667 1367 732 ad
1419 666 1532 732 illa
1592 666 1908 753 applicata
1968 672 2130 732 esset
2189 667 2351 732 ratio
2412 665 2696 732 edicendi

320 774 562 837 trinum
608 772 967 858 nundinum
981 822 998 851 ,
1048 772 1128 838 ad
1172 774 1327 839 haec
1372 795 1498 840 non
1543 776 1725 840 item.

974 989 1010 1072 ς
1062 986 1101 1051 3
1148 1005 1231 1052 ns
1280 1003 1790 1053 001111111161101111
1837 1005 2050 1054 anem.

410 1183 675 1250 Peracta
736 1187 1101 1271 quaestione
1165 1185 1241 1250 de
1303 1186 1579 1250 comitiis
1647 1185 1867 1251 calatis
1885 1234 1902 1264 ‚
1959 1186 2284 1253 ostendere
2331 1189 2700 1254 conabimur

320 1291 475 1378 quid
534 1294 601 1356 in
662 1293 1261 1378 inaugurationibus
1324 1292 1722 1358 sacerdotum
1787 1291 2106 1358 valuerint
2167 1295 2426 1359 comitia
2479 1300 2544 1360 et
2587 1315 2700 1360 cur

321 1397 606 1464 adhibita
664 1399 809 1463 sint.
880 1398 974 1463 Ea
1037 1419 1136 1464 res
1184 1397 1545 1464 deducenda
1595 1419 1731 1464 esse
1777 1398 2034 1464 videtur
2077 1399 2155 1465 ab
2200 1403 2702 1488 inaugurationi-

321 1504 441 1570 bus
500 1524 729 1590 regum
748 1552 764 1582 ,
828 1525 987 1590 (11166
1048 1504 1280 1570 fiebant
1338 1510 1680 1590 antequam
1727 1507 2028 1571 instituta
2073 1512 2209 1571 erat
2245 1505 2444 1572 libera
2488 1528 2702 1593 respu—

318 1611 505 1676 blica.
576 1613 881 1676 Auctores
941 1614 1144 1676 nostri
1159 1661 1176 1689 ‚
1242 1632 1631 1697 quamquam
1691 1633 1817 1677 non
1878 1633 2136 1697 prorsus
2195 1612 2367 1678 idem
2416 1616 2702 1679 sentiunt

322 1717 400 1783 de
461 1719 703 1782 ratione
762 1738 887 1803 qua
941 1720 1224 1802 primum
1288 1718 1664 1783 creabantur
1724 1721 1874 1782 novi
1933 1739 2117 1804 reges
2135 1767 2151 1796 ‚
2213 1724 2431 1784 tamen
2484 1741 2701 1785 omnes

323 1824 573 1910 copiam
617 1823 799 1888 nobis
848 1822 999 1887 dant
1046 1822 1482 1910 distinguendi
1532 1825 1700 1888 inter
1745 1826 2124 1890 creationem
2171 1827 2343 1911 regis
2389 1845 2546 1910 quae
2601 1824 2700 1891 fie-

322 1931 434 1996 bat
482 1930 559 1996 ab
608 1933 923 2015 interrege
942 1979 958 2008 ,
1007 1937 1071 1996 et
1117 1925 1660 1997 confirmationem
1707 1933 1844 1996 61116
1882 1934 2066 2018 regni
2106 1951 2266 2017 (11166
2306 1930 2497 1998 fiebat
2535 1937 2703 2018 post-

325 2057 520 2122 quam
581 2044 828 2103 creatus
884 2041 1037 2102 erat.
1108 2035 1249 2102 Hoc
1309 2043 1383 2102 ut
1446 2037 1773 2102 ostendam
1791 2084 1807 2113 ,
1867 2037 2046 2103 brevi
2105 2038 2481 2122 percensebo
2542 2058 2701 2124 quae

322 2144 494 2229 apud
539 2141 904 2210 Ciceronem
923 2192 940 2222 ‚
990 2143 1253 2210 Livium
1272 2192 1289 2221 ‚
1336 2142 1726 2230 Dionysium
1773 2143 2112 2208 traduntur
2158 2143 2232 2209 de
2279 2146 2589 2210 creatione
2637 2151 2702 2210 et

324 2249 798 2316 confirmatione
846 2271 1099 2337 regum.

415 2355 778 2422 Secundum
826 2355 1309 2424 Ciceronem
1354 2378 1539 2444 reges
1584 2359 1780 2422 creati
1828 2363 1978 2422 sunt
2017 2377 2056 2422 a
2093 2356 2328 2443 populo
2347 2377 2364 2436 ;
2414 2360 2470 2422 is
2511 2356 2700 2434 dicit,

324 2462 609 2528 Numam
656 2468 809 2549 (rep.
853 2463 917 2528 2.
950 2462 1053 2528 13.
1080 2461 1229 2544 25),
1271 2463 1538 2528 Tullum
1578 2462 1668 2543 (2.
1699 2459 1800 2528 17.
1829 2462 1978 2544 31),
2020 2465 2271 2529 Αι1011111
2295 2463 2384 2543 (2.
2417 2462 2520 2528 18.
2549 2461 2698 2544 33),

322 2571 619 2635 Ρ116611111
681 2569 770 2649 (2.
798 2570 905 2636 20.
934 2569 1047 2648 35)
1111 2591 1189 2635 ex
1250 2571 1437 2635 Auct.
1498 2568 1770 2634 Patrum
1815 2591 1852 2634 a
1898 2568 2136 2656 populo
2183 2573 2460 2636 comitiis
2509 2571 2702 2635 curia-

322 2679 407 2742 tis
468 2682 707 2742 creatos
770 2697 903 2742 esse
921 2725 937 2753 ,
998 2678 1315 2763 interrege
1377 2677 1638 2740 comitia
1698 2676 1968 2740 habente
2030 2681 2094 2740 et
2155 2682 2416 2763 rogante
2435 2724 2452 2753 ‚
2502 2681 2576 2740 ut
2625 2675 2700 2740 de

323 2780 499 2846 'ruffi
557 2802 753 2868 regno
815 2801 1010 2868 agens
1071 2779 1296 2862 (2.17.
1326 2780 1439 2861 31)
1501 2781 1731 2846 diserte
1805 2779 2013 2860 addit;
2087 2781 2386 2846 Servium
2457 2779 2702 2858 solum,

325 2910 474 2955 cum
531 2889 664 2952 iam
724 2893 909 2952 antea
952 2909 1169 2953 16111111
1214 2891 1461 2974 potitus
1508 2892 1676 2954 esset
1694 2936 1710 2965 ,
1757 2909 1882 2952 non
1929 2888 2008 2951 ab
2054 2889 2373 2973 interrege
2421 2893 2705 2953 creatum

326 3015 461 3062 6666
478 3043 495 3072 ,
558 2993 669 3060 sed
722 3014 884 3059 novo
934 2992 1222 3079 exemplo
1268 2994 1347 3058 de
1395 3015 1461 3059 se
1508 2997 1647 3079 ipso
1699 3014 1850 3080 rege
1899 2991 2163 3060 creando
2209 2995 2521 3080 populum
2568 3015 2709 3060 con-

326 3101 599 3167 suluisse
644 3106 858 3166 narrat
896 3101 985 3181 (2.
1012 3099 1121 3165 21.
1152 3099 1286 3186 38).
1335 3101 1434 3164 Ab
1480 3100 1579 3164 his
1628 3085 2052 3165 creationibus
2103 3097 2320 3167 Cicero
2365 3099 2706 3186 diligenter

328 3209 670 3295 distinguit
732 3210 1091 3294 rogationes
1150 3206 1379 3295 legum
1440 3210 1832 3272 curiatarum
1852 3256 1867 3286 ,
1932 3228 2087 3293 quas
2153 3206 2439 3294 singulos
2485 3228 2668 3293 reges
2686 3257 2702 3285 ‚

329 3317 527 3379 etiam
587 3312 884 3379 Servium
901 3361 917 3391 ,
979 3311 1195 3398 paullo
1255 3319 1477 3398 postea
1535 3313 1613 3378 de
1675 3335 1791 3379 suo
1848 3316 2119 3398 imperio
2179 3313 2404 3379 tulisse
2458 3335 2706 3400 semper

328 3419 545 3485 tradit.
608 3457 695 3467 —
753 3418 1002 3484 Liviu
1020 3441 1049 3483 s
1112 3418 1188 3484 de
1250 3419 1670 3484 creationibus
1733 3440 1964 3506 regum
2027 3419 2155 3484 fere
2212 3439 2362 3484 cum
2409 3415 2706 3485 Cicerone

330 3526 640 3590 consentit
658 3547 673 3602 ;
738 3524 1071 3611 plerosque
1124 3546 1309 3611 reges
1355 3524 1649 3605 (Tullum
1703 3525 1760 3589 1.
1789 3523 1900 3590 22.
1932 3525 1964 3589 1
1988 3573 2005 3603 ,
2054 3525 2306 3589 Ancum
2359 3523 2417 3589 1.
2470 3524 2576 3590 32.
2632 3526 2664 3589 1
2688 3575 2706 3604 ,

330 3629 624 3696 Ρ116011111
688 3631 745 3694 1.
775 3627 881 3695 35.
914 3629 947 3694 1
976 3637 1097 3716 sq.)
1163 3652 1200 3695 a
1260 3629 1494 3716 populo
1542 3637 1784 3696 creatos
1835 3652 1969 3696 esse
2015 3630 2169 3695 dicit
2214 3633 2491 3696 comitiis
2509 3680 2524 3708 ,
2575 3635 2710 3716 qui-

331 3736 449 3802 bus
494 3741 844 3822 interreges
891 3737 1239 3822 praefuisse
1287 3742 1351 3801 et
1396 3737 1620 3802 Patres
1667 3738 1974 3803 Auctores
2019 3736 2216 3802 factos
2261 3757 2396 3801 esse
2436 3736 2710 3802 affirmat

332 3842 421 3922 (1.
452 3841 557 3908 32.
591 3843 654 3924 1)
664 3864 681 3921 3
747 3842 855 3908 sed
910 3841 1211 3908 Servium
1254 3845 1504 3909 1111116611
1551 3842 1776 3930 populi
1794 3892 1811 3921 ,
1857 3842 2186 3908 voluntate
2233 3847 2524 3929 patrum,
2571 3865 2710 3930 reg-

332 3969 512 4016 nasse
572 3948 768 4014 tradit
830 3950 918 4030 (1.
948 3949 1053 4014 41.
1085 3950 1187 4031 6),
1249 3953 1319 4014 in
1380 3970 1656 4014 errorem
1677 3998 1692 4027 ,
1740 3955 1816 4014 ut
1862 3949 2117 4015 videtur
2135 3997 2150 4027 ,
2199 3949 2516 4014 inductus.
2587 3949 2712 4016 Sed

332 4055 590 4134 Livius,
640 4056 717 4121 de
762 4055 1013 4120 Numae
1060 4077 1255 4144 regno
1302 4055 1517 4142 paullo
1566 4054 1945 4143 diligentius
1992 4076 2188 4143 agens
2237 4055 2326 4136 (1.
2360 4053 2505 4138 17),
2552 4058 2711 4126 dicit

332 4161 503 4230 hunc
560 4184 687 4229 non
747 4184 784 4228 a
844 4161 1082 4249 populo
1147 4183 1282 4228 esse
1343 4161 1621 4228 electum
1641 4211 1658 4240 ,
1706 4162 1816 4229 sed
1864 4183 1901 4227 a
1946 4163 2236 4250 patribus
2253 4182 2270 4241 ;
2320 4165 2708 4253 interregem

334 4272 505 4336 enim
566 4272 851 4356 primum
909 4271 979 4333 in
1038 4272 1329 4334 contione
1392 4271 1561 4335 cives
1625 4272 1920 4335 certiores
1983 4269 2204 4334 fecisse
2265 4269 2341 4334 de
2403 4291 2475 4335 eo
2545 4272 2714 4357 quod

334 4376 621 4463 patribus
680 4378 897 4441 visum
958 4381 1125 4442 esset
1146 4425 1162 4453 ‚
1226 4396 1446 4462 regem
1510 4375 1852 4442 creandum
1907 4396 2081 4454 esse;
2133 4374 2356 4440 deinde
2399 4377 2714 4462 populum

2361 4495 2426 4546 28
