3192 5009
1300 354 1815 406 ranormusrus.
2632 331 2761 399 321

359 528 586 610 pertus
631 524 776 590 fuit.
839 523 1010 590 Hinc
1055 525 1111 588 si
1157 525 1405 609 quaeris
1422 571 1440 602 ‚
1489 543 1603 588 cur
1650 521 1907 588 tandem
1951 525 2021 588 in
2066 541 2303 608 magna
2347 517 2740 605 reliquorum

355 632 609 696 iactura
656 628 1061 698 Characteres
1108 631 1346 695 servati
1381 631 1544 707 sint,
1593 629 1744 694 audi
1790 628 1947 715 quid
1988 626 2421 714 respondeam.

459 736 786 817 Quomodo
856 740 923 802 in
992 735 1518 824 philosophorum
1579 735 1813 802 scholis
1874 741 2093 822 postea
2150 735 2489 826 hominum
2531 751 2741 796 mores

358 843 887 922 describerentur,
934 843 1173 910 efficere
1217 863 1558 929 possumus
1605 863 1685 907 ex
1729 841 2091 908 Philodemi
2134 840 2511 926 fragmentis
2527 886 2544 916 ,
2594 839 2707 922 qui
2720 885 2737 914 ,

358 951 524 1016 dum
589 953 726 1037 ipse
796 950 1160 1016 Aristonem
1227 949 1485 1027 laudat,
1546 949 1719 1014 haud
1782 950 2046 1015 obscure
2105 951 2323 1036 arguit
2367 944 2742 1012 huiusmodi

354 1059 720 1122 notationes
781 1055 941 1122 olim
984 1059 1053 1122 in
1097 1075 1334 1143 magno
1379 1055 1612 1121 honore
1658 1056 1889 1134 fuisse;
1940 1054 2049 1121 sed
2094 1053 2402 1120 Rhetores
2445 1052 2705 1118 fuerunt
2725 1099 2740 1126 ,

355 1165 478 1248 qui
539 1165 722 1229 iuxta
781 1162 1046 1229 subtiles
1109 1168 1174 1228 et
1237 1164 1518 1250 spinosas
1580 1160 1976 1248 reliquorum
2036 1163 2460 1227 enarrationes
2479 1207 2495 1236 ‚
2542 1156 2741 1222 Theo-

352 1271 644 1355 phrastei
710 1273 955 1356 ingenii
1023 1269 1499 1356 lepidissimum
1566 1268 1815 1334 foetum
1885 1270 1965 1334 ab
2038 1271 2307 1334 interitu
2384 1269 2737 1332 servarunt.

351 1375 581 1440 Efficio
638 1376 759 1441 hoc
822 1397 898 1441 ex
959 1374 1206 1441 Rutilio
1267 1374 1447 1461 Lupo
1466 1424 1482 1452 ,
1529 1377 1642 1460 qui
1687 1376 1807 1441 hoc
1855 1375 2043 1440 modo
2092 1373 2599 1454 Χαρακτηρισμὸν
2645 1373 2739 1436 in-

351 1487 750 1567 terpretatur
811 1487 876 1546 et
935 1481 1369 1547 commendat:
1421 1480 2017 1561 „Quemadmodum
2063 1484 2267 1567 pictor
2312 1477 2627 1545 coloribus
2672 1475 2741 1540 fi-

349 1608 556 1675 guras
616 1587 948 1666 describit,
1011 1591 1101 1653 sic
1163 1595 1364 1651 orator
1417 1588 1535 1653 hoc
1579 1588 1899 1653 schemate
1946 1592 2060 1652 aut
2102 1588 2263 1652 vitia
2310 1593 2421 1650 aut
2466 1585 2739 1648 virtutes

348 1714 583 1758 eorum
599 1742 615 1770 ‚
679 1693 756 1759 de
820 1694 1052 1779 quibus
1111 1693 1418 1780 loquitur,
1466 1693 1840 1759 deformat''.
1890 1692 2133 1759 Deinde
2179 1714 2257 1758 ex
2303 1691 2557 1777 Lycone
2602 1689 2739 1774 phi-

343 1799 619 1884 losopho
667 1801 1078 1885 peripatetico
1124 1800 1350 1866 ebriosi
1397 1800 1673 1864 hominis
1720 1799 2211 1885 descriptionem
2255 1797 2451 1863 affert.
2520 1794 2739 1881 Magis

349 1908 559 1970 etiam
597 1905 822 1971 eodem
857 1908 1133 1991 pertinet
1169 1905 1348 1972 locus
1381 1909 1451 1970 in
1475 1905 1833 1972 Rhetoricis
1856 1905 1937 1970 ad
1956 1905 2355 1972 Herennium
2377 1902 2459 1968 IV
2492 1901 2597 1966 50.
2627 1900 2734 1979 63,

351 2012 478 2077 ubi
536 2011 888 2077 ostenditur
935 2012 1250 2097 quomodo
1297 2015 1463 2095 apud
1505 2012 1736 2076 iudices
1779 2015 1984 2077 notari
2031 2013 2275 2098 possint
2318 2009 2585 2097 gloriosi
2628 2008 2738 2072 ho-

351 2119 554 2183 minis
617 2138 828 2183 mores
848 2166 864 2194 ,
934 2121 1047 2202 qui
1104 2120 1172 2182 in
1233 2121 1413 2184 tenui
1473 2140 1538 2184 re
1587 2120 1966 2204 pecuniosus
2011 2116 2172 2183 velit
2214 2116 2451 2181 haberi.
2521 2113 2738 2178 Refert

350 2230 572 2290 orator
616 2244 764 2290 vere
812 2223 1058 2290 Atticos
1103 2223 1346 2310 lepores
1392 2246 1464 2290 ac
1511 2224 1695 2291 facile
1742 2225 1904 2291 foret
1949 2225 2164 2289 omnia
2204 2226 2299 2288 ita
2343 2221 2631 2308 redigere
2666 2222 2735 2285 in
2778 2293 2787 2302 ,

345 2332 721 2396 breviorem
778 2330 1052 2396 formam
1072 2380 1087 2409 ,
1143 2337 1218 2395 ut
1266 2339 1457 2417 caput
1503 2334 1706 2397 exiret
1749 2352 1876 2396 non
1924 2328 2108 2395 valde
2158 2328 2470 2394 dissimile
2517 2325 2741 2408 ἀλαζο-

352 2439 525 2507 νείας
597 2434 1002 2522 descriptioni
1058 2439 1127 2500 in
1189 2439 1394 2522 capite
1442 2436 1528 2501 23
1590 2436 1761 2523 apud
1806 2436 2335 2523 Theophrastum.
2405 2435 2738 2500 Postrema
2790 2477 2794 2481 -

349 2540 680 2610 Cornificii
725 2541 802 2607 de
850 2563 922 2624 eo
970 2550 1350 2629 argumento
1395 2543 1590 2609 verba
1636 2551 1821 2609 sunt:
1874 2542 2310 2620 „Huiusmodi
2352 2543 2705 2607 notationes
2722 2590 2739 2618 ,

349 2667 522 2736 quae
581 2646 963 2725 describunt,
1021 2649 1174 2734 quid
1219 2655 1713 2715 consentaneum
1760 2641 1845 2713 s'it
1892 2651 2395 2733 uniuscuiusque
2440 2652 2701 2712 naturae
2721 2694 2738 2724 ,

347 2752 769 2820 vehementer
812 2754 1048 2820 habent
1084 2775 1391 2841 magnam
1428 2753 1944 2832 delectationem;
1988 2761 2191 2820 totam
2231 2755 2405 2820 enim
2440 2758 2737 2818 naturam

349 2861 720 2945 cuiuspiam
789 2866 1038 2946 ponunt
1106 2866 1252 2927 ante
1319 2859 1532 2926 oculos
1548 2909 1564 2937 ,
1630 2866 1743 2925 aut
1800 2860 2098 2947 gloriosi,
2161 2867 2236 2925 ut
2298 2880 2411 2925 nos
2458 2858 2737 2945 exempli

351 2985 550 3032 causa
566 3014 582 3042 ‚
631 2987 1036 3051 coeperamus
1056 3014 1071 3043 ,
1120 2972 1232 3031 aut
1275 2965 1482 3031 invidi
1527 2970 1641 3030 aut
1683 2965 1900 3031 timidi
1917 3014 1934 3044 ,
1982 2974 2095 3030 aut
2140 2969 2315 3032 avari
2331 3014 2347 3042 ‚
2391 2966 2735 3043 ambitiosi,

351 3075 664 3139 amatoris
682 3121 699 3149 ‚
735 3071 1084 3150 luxuriosi,
1134 3073 1294 3137 furis
1311 3121 1328 3150 ‚
1378 3071 1922 3158 quadruplatoris3
1972 3073 2239 3158 denique
2284 3075 2569 3137 cuiusvis
2612 3076 2745 3136 stu-

351 3178 542 3244 dium
588 3177 870 3262 protrahi
918 3184 1127 3263 potest
1170 3181 1238 3242 in
1283 3177 1574 3243 medium
1622 3177 1740 3242 tali
1782 3177 2172 3243 notatione'’.

452 3283 731 3369 Apparet
767 3283 920 3370 quid
956 3283 1172 3349 velim.
1213 3283 1457 3349 Rhetor
1492 3283 1725 3369 aliquis
1762 3284 1923 3349 forte
1945 3288 2166 3350 nactus
2191 3283 2742 3370 Theophrasteum

355 3388 698 3465 ὑπόμνημα
719 3437 736 3467 ,
800 3389 1110 3476 quidquid
1171 3389 1534 3456 Aristotelis
1594 3410 1769 3456 more
1833 3389 1909 3456 de
1971 3389 2375 3478 singulorum
2436 3393 2744 3457 vitiorum

356 3498 611 3583 origine
656 3501 722 3561 et
765 3503 992 3561 natura
1040 3496 1442 3582 disputatum
1485 3496 1695 3562 fuerat
1714 3545 1730 3573 ,
1780 3503 2087 3581 tanquam
2128 3495 2382 3562 aridum
2429 3517 2500 3562 ac
2548 3497 2753 3565 rheto-

353 3602 538 3668 ribus
582 3601 812 3667 inutile
859 3605 1130 3667 resecuit
1177 3609 1241 3668 et
1287 3605 1442 3667 satis
1490 3601 1717 3666 habuit
1756 3602 1977 3667 breves
2024 3604 2431 3686 praemittere
2480 3601 2749 3668 definiti-

362 3729 516 3773 ones
535 3755 552 3784 ,
625 3728 779 3792 quas
850 3707 1038 3773 modo
1107 3729 1184 3773 ex
1248 3707 1683 3792 Theophrasto
1744 3711 1883 3793 ipso
1945 3705 2350 3794 negligenter
2397 3707 2745 3774 admodum

357 3812 693 3898 descripsit
712 3861 727 3889 ,
793 3812 980 3878 modo
1041 3816 1177 3899 ipse
1233 3816 1529 3899 imperite
1576 3816 1940 3899 composuit
1957 3833 1973 3890 ;
2024 3813 2133 3878 sed
2183 3812 2493 3899 quidquid
2539 3814 2749 3900 lepide

358 3918 609 4004 dictum
655 3923 788 3983 erat
827 3939 896 3982 ac
934 3919 1232 3996 ridicule,
1277 3919 1625 4006 diligenter
1664 3921 1964 3996 retinuit,
2008 3923 2081 3982 ut
2121 3918 2423 4005 discipuli
2445 3920 2748 3986 haberent

359 4023 534 4109 quod
598 4025 667 4088 in
738 4022 1298 4090 declamationibus
1360 4028 1493 4090 suis
1555 4027 1805 4110 copiose
1872 4030 2164 4090 ornarent
2224 4030 2290 4090 et
2336 4025 2744 4111 explicarent.

357 4129 506 4216 Ipse
567 4151 814 4216 quoque
863 4128 1081 4196 Cicero
1130 4132 1324 4196 huius
1371 4131 1627 4197 artificii
1674 4134 1813 4196 vim
1860 4133 2128 4196 minime
2171 4134 2497 4218 ignoravit
2514 4181 2530 4210 ‚
2578 4132 2747 4218 quod

359 4257 513 4302 cum
579 4235 739 4301 aliae
809 4238 1121 4301 orationes
1185 4235 1540 4316 declarant,
1607 4244 1751 4302 tum
1820 4239 2157 4303 Pisoniana
2220 4237 2486 4323 reliquis
2548 4241 2745 4303 etiam

357 4340 752 4408 luculentius
797 4342 1092 4408 ostendit.
1144 4341 1267 4408 Sed
1305 4344 1520 4409 rhetor
1558 4343 1668 4408 ille
1707 4365 1903 4429 quem
1940 4343 2113 4430 fingo
2129 4391 2147 4420 ,
2191 4346 2326 4408 sive
2363 4346 2499 4429 ipse
2538 4343 2747 4410 multa

363 4448 685 4526 turbavit,
744 4451 879 4514 sive
928 4449 1260 4514 turbatum
1307 4448 1590 4515 codicem
1636 4456 1858 4515 nactus
1905 4455 2002 4516 est
2019 4498 2035 4527 ,
2086 4452 2221 4516 sive
2268 4456 2488 4536 postea
2534 4454 2748 4518 omnia
