3192 5009
1368 368 1720 417 nmmum.
2593 349 2724 415 245

432 546 482 603 Φ
513 534 639 601 126
698 534 964 617 θρῴσκων
1008 558 1099 606 τις
1148 534 1320 599 κατὰ
1358 537 1540 612 κῦμα
1590 532 1899 611 μέλαιναν
1943 532 2126 615 φρίχ·
2176 531 2404 615 ὖπαΐξῃ

700 640 912 722 ἰχθύς,
960 638 997 705 ὅ
1008 666 1037 713 ς
1085 666 1155 705 κε
1204 640 1450 723 φάγῃσι
1501 639 1811 712 Λυκάονος
1864 638 2111 719 α’ργέτα
2156 636 2366 716 δημόν.

336 747 509 817 cnm
551 746 614 822 ὅς
663 772 731 813 κε
776 747 1025 831 φάγῃσι
1074 747 1237 813 nihil
1277 746 1455 812 aliud
1494 746 1853 833 significare
1893 748 2094 833 possit
2132 768 2328 833 quam
2366 747 2472 833 qui
2510 746 2724 825 ederit,

334 857 652 921 sententia
711 874 863 921 vero
928 860 1144 939 aperte
1204 852 1490 940 postulet
1549 860 1620 917 ut
1678 854 1818 917 edat
1834 902 1851 931 ‚
1916 852 2188 918 dubium
2251 874 2376 918 non
2422 858 2520 919 est
2564 855 2719 939 quin

332 968 507 1027 recte
552 960 1009 1046 Aristophanes
1054 959 1289 1047 legerit
1334 956 1421 1032 ὥς
1470 983 1542 1023 κε
1587 959 1864 1042 φάγῃσι.

432 1183 483 1240 Φ
514 1173 640 1240 161
704 1170 777 1246 ὦς
826 1174 989 1254 φατ’
1035 1173 1422 1251 ἀπειλήσας,
1474 1163 1501 1235 ὃ
1553 1172 1606 1237 δ’
1655 1171 1956 1252 ἀνέσχετο
2007 1172 2126 1245 δῖος
2178 1174 2516 1253 Ἀχιλλεύς

703 1279 991 1355 Πηλιάδα
1039 1281 1293 1353 μελίην·
1344 1270 1371 1343 ὃ
1420 1278 1472 1343 δ’
1524 1279 1762 1358 θμαρτῇ
1816 1278 2196 1354 δούρασιν
2244 1280 2512 1361 α’μφὶς

704 1384 847 1467 ἥρως
896 1388 1371 1467 Ἀστεροπαῖος,
1421 1386 1600 1449 ἐπεὶ
1653 1384 2110 1464 περιδέξιος
2161 1380 2279 1458 ἦεν.

334 1492 648 1559 Videatur
713 1492 788 1559 de
848 1494 967 1558 hoc
1011 1491 1150 1558 loco
1198 1490 1734 1578 Lugdunensium
1782 1490 2105 1557 editorum
2151 1494 2494 1558 annotatio.
2562 1490 2723 1559 Con-

334 1601 607 1665 iecturis
649 1598 899 1665 accedat
946 1600 1101 1664 haec
1151 1618 1330 1664 mea:

1340 1700 1367 1769 ὃ
1416 1702 1471 1768 δ’
1522 1704 1764 1785 δμαρτῦ
1815 1703 2015 1784 δοῦρ’
2059 1701 2159 1769 ἵει
2211 1703 2454 1786 ἄμφω

340 1815 427 1877 ut
471 1812 813 1898 recipiatur
860 1808 1057 1890 ἄμφω
1106 1832 1139 1876 e
1185 1809 1350 1875 libro
1394 1808 1806 1875 Massiliensi.
2531 1812 2542 1821 '

440 1916 793 1983 Difficultas
857 1937 1017 2003 quae
1074 1924 1171 1982 est
1230 1919 1301 1980 in
1349 1914 1710 1994 περιδέξιος,
1758 1914 1926 2001 quod
1970 1937 2084 2002 pro
2132 1915 2497 1995 ἀμφιδέξιος
2544 1938 2735 1981 usur-

340 2028 489 2111 pari
534 2044 659 2090 non
704 2026 989 2110 potuisse
1036 2021 1218 2088 credo
1265 2044 1412 2087 cum
1460 2020 1593 2087 illis
1611 2071 1628 2101 ,
1679 2028 1921 2087 remota
1967 2022 2130 2087 foret
2175 2022 2499 2089 scribendo

712 2126 855 2207 ἥρως
902 2130 1373 2208 Ἀστεροπαῖος,
1422 2124 1499 2201 ὃς
1547 2130 1815 2206 ἀμφὶς
1867 2124 2127 2204 δεξιὸς
2179 2124 2275 2201 ἦεν

342 2238 477 2301 nisi
518 2238 689 2302 iusto
734 2235 1074 2302 violentior
1118 2235 1446 2300 videretur
1490 2239 1669 2299 tanta
1712 2237 1988 2300 mutatio
2033 2241 2099 2299 et
2135 2255 2365 2321 parum
2402 2233 2728 2322 eleganter

345 2342 477 2408 duo
540 2364 760 2408 versus
822 2364 971 2408 cum
1040 2341 1315 2427 spondeo
1385 2347 1531 2405 ante
1601 2361 1928 2406 caesuram
1995 2340 2350 2407 bucolicam
2421 2362 2554 2407 sese
2626 2362 2728 2407 ex-

356 2452 659 2535 ciperent.

447 2660 655 2727 0282
717 2658 1085 2740 ἐρχθέντ’
1131 2661 1193 2724 ἐν
1240 2659 1507 2739 μεγάλῳ
1558 2661 1847 2738 ποταμῷ.

352 2766 574 2837 Grates
610 2770 679 2832 in
717 2766 973 2833 scholiis
1013 2764 1491 2833 Genevensibus
1529 2765 1654 2845 (ed.
1692 2765 1754 2830 Ν
1755 2764 1963 2846 icole),
2003 2769 2115 2852 qui
2155 2766 2408 2833 εἷλθέντ·
2433 2766 2727 2849 (debebat

350 2874 584 2941 saltem
632 2873 885 2955 ἐλθέντ“)
928 2873 1183 2961 legebat
1228 2894 1263 2938 e
1300 2894 1463 2938 nono
1501 2871 1756 2939 Solonis
1795 2892 1994 2938 axone
2032 2873 2193 2939 hanc
2230 2873 2445 2961 legem
2470 2873 2725 2941 attulit:

354 2979 643 3056 ἐξούλης·
695 2979 803 3044 ἐάν
847 3002 939 3049 τις
988 2977 1233 3064 ἐξίλλῃ,
1285 2975 1433 3044 ὅταν
1478 3001 1569 3050 τις
1621 2979 1754 3058 δίκῃ
1802 2982 2028 3059 νικήσῃ,
2078 2980 2296 3045 ὁπόσου
2345 2979 2422 3045 ἂν
2460 2977 2626 3055 ἄξιον
2672 2976 2728 3062 ᾖ,

356 3089 460 3153 καὶ
522 3088 605 3168 τῷ
671 3086 931 3166 δημοσίῳ
994 3089 1318 3164 ὀφλανῆ
1368 3084 1471 3148 καὶ
1521 3088 1602 3162 τῶ
1654 3084 1894 3167 ἰδιώτῃ,
1944 3085 2266 3165 ἑκατέροις.
2314 3084 2440 3151 Pro
2487 3086 2732 3164 θφλανῆ

354 3192 575 3258 Nicole
636 3194 910 3257 correxit
954 3192 1251 3270 θφλανεῒ,
1304 3190 1472 3276 quod
1520 3193 1670 3276 quia
1717 3189 1966 3277 syllaba
2015 3200 2088 3253 Ξῖ
2137 3211 2260 3257 non
2306 3192 2458 3257 facit
2503 3191 2733 3259 radicis

352 3304 607 3386 partem
644 3298 982 3365 barbarum
1018 3302 1133 3363 est.
1173 3295 1531 3373 Futurum,
1575 3295 1746 3383 quod
1782 3316 1972 3361 nemo
2010 3299 2298 3384 ignorat,
2326 3301 2423 3362 est
2447 3298 2732 3377 ὀφλήσει,

356 3425 648 3490 praesens
717 3403 1138 3486 θφλ[ισκ]αἰνει
1159 3451 1175 3480 ,
1249 3402 1416 3489 quod
1486 3403 1754 3468 fortasse
1824 3403 2310 3469 restituendum.
2398 3402 2580 3483 Quod
2652 3405 2731 3470 ad

356 3513 611 3577 εἶλθέντ·
658 3507 977 3592 (tioium)
1026 3512 1290 3584 attinet,
1338 3508 1698 3574 Homerum
1737 3511 1804 3573 in
1843 3508 2105 3575 Passivo
2143 3510 2440 3577 adhibere
2477 3516 2732 3576 tantum

360 3620 668 3683 aoristum
714 3615 1064 3682 secundum
1112 3614 1330 3689 ἑνάλην
1377 3622 1610 3680 norunt
1655 3636 1894 3681 omnes.

455 3828 660 3896 0477
722 3826 926 3893 ἄντα
977 3828 1380 3901 Ποσειδάωνος
1432 3829 1907 3907 ἐναντίβιον
1959 3828 2368 3912 πτολεμίζειν.
2440 3852 2446 3859 ·

360 3935 437 4001 In
502 3937 621 4001 hoc
689 3957 879 4001 versu
946 3956 1096 4000 cum
1158 3935 1403 4000 duobus
1463 3938 1850 4022 praegressis
1911 3936 2082 4000 haud
2143 3943 2380 4003 temere
2443 3944 2734 4023 suspecto

360 4041 725 4108 Aristarcho
786 4061 1015 4127 parum
1078 4040 1399 4127 eleganter
1458 4040 1836 4127 copulantur
1895 4040 2056 4106 ἄντα
2107 4047 2170 4108 et
2218 4044 2574 4121 ἐναντίβιον,
2625 4043 2734 4109 sed

359 4147 549 4236 longe
612 4150 793 4234 peius
840 4152 936 4213 est
983 4147 1151 4233 quod
1198 4148 1316 4212 hoc
1363 4147 1628 4212 fortasse
1674 4146 1813 4213 loco
1860 4148 2129 4213 confisus
2176 4128 2498 4215 commisit
2545 4150 2734 4229 Quin-

358 4259 467 4318 tus
512 4251 901 4341 Smyrnaeus
946 4252 978 4317 I
1029 4251 1157 4317 130
1184 4273 1274 4338 sq.
1324 4253 1638 4317 scribens:

723 4352 832 4423 κἀί
873 4383 979 4435 μιν
1024 4359 1421 4438 ἐποτρύνεσκε
1468 4357 1796 4439 ποδάρκεος
1844 4356 2010 4423 ἄντ’
2060 4361 2355 4440 Ἀχιλῆος

724 4463 1071 4547 θαρσαλέως
1120 4464 1467 4544 μάρνασθαι
1517 4466 1924 4530 ἐναντίον·
1975 4464 2104 4531 xri.
