<?xml version="1.0" encoding="UTF-8"?>
<!DOCTYPE html PUBLIC "-//W3C//DTD XHTML 1.0 Transitional//EN"
    "http://www.w3.org/TR/xhtml1/DTD/xhtml1-transitional.dtd">
<html xmlns="http://www.w3.org/1999/xhtml" xml:lang="en" lang="en">
 <head>
  <title>
</title>
<meta http-equiv="Content-Type" content="text/html;charset=utf-8" />
  <meta name='ocr-system' content='tesseract 3.04.00' />
  <meta name='ocr-capabilities' content='ocr_page ocr_carea ocr_par ocr_line ocrx_word'/>
</head>
<body>
  <div class='ocr_page' id='page_1' title='image "./mnemosyne07servgoog_0223.png"; bbox 0 0 3192 5009; ppageno 0'>
   <div class='ocr_carea' id='block_1_1' title="bbox 1196 256 2586 327">
    <p class='ocr_par' dir='ltr' id='par_1_1' title="bbox 1196 256 2586 327">
     <span class='ocr_line' id='line_1_1' title="bbox 1196 256 2586 327; baseline -0.002 -1"><span class='ocrx_word' id='word_1_1' title='bbox 1196 276 1596 327; x_wconf 67' lang='lat' dir='ltr'><strong>unumne.</strong></span> <span class='ocrx_word' id='word_1_2' title='bbox 2453 256 2586 324; x_wconf 81' lang='lat'><strong><em>215</em></strong></span> 
     </span>
    </p>
   </div>
   <div class='ocr_carea' id='block_1_2' title="bbox 236 436 2588 4461">
    <p class='ocr_par' dir='ltr' id='par_1_2' title="bbox 238 436 2587 1037">
     <span class='ocr_line' id='line_1_2' title="bbox 244 436 2581 529; baseline 0 -22"><span class='ocrx_word' id='word_1_3' title='bbox 244 451 467 523; x_wconf 67' lang='grc' dir='ltr'><strong><em>ποιητῇ,</em></strong></span> <span class='ocrx_word' id='word_1_4' title='bbox 512 436 551 505; x_wconf 70' lang='lat'><strong><em>3&#39;</em></strong></span> <span class='ocrx_word' id='word_1_5' title='bbox 559 467 644 506; x_wconf 90' lang='grc' dir='ltr'><strong><em>τε</em></strong></span> <span class='ocrx_word' id='word_1_6' title='bbox 688 442 795 506; x_wconf 73' lang='grc' dir='ltr'><strong><em>καὶ</em></strong></span> <span class='ocrx_word' id='word_1_7' title='bbox 847 442 923 507; x_wconf 74' lang='grc' dir='ltr'><strong><em>δι’</em></strong></span> <span class='ocrx_word' id='word_1_8' title='bbox 970 444 1153 522; x_wconf 69' lang='grc' dir='ltr'><strong><em>ὀργὴν</em></strong></span> <span class='ocrx_word' id='word_1_9' title='bbox 1202 442 1488 523; x_wconf 66' lang='grc' dir='ltr'><strong><em>ἀπέκειρε</em></strong></span> <span class='ocrx_word' id='word_1_10' title='bbox 1527 443 1631 508; x_wconf 79' lang='grc' dir='ltr'><strong><em>τὸν</em></strong></span> <span class='ocrx_word' id='word_1_11' title='bbox 1670 443 1976 522; x_wconf 79' lang='grc' dir='ltr'><strong><em>ἐρώμενον.</em></strong></span> <span class='ocrx_word' id='word_1_12' title='bbox 2016 442 2297 529; x_wconf 84' lang='lat' dir='ltr'><strong>Requiro</strong></span> <span class='ocrx_word' id='word_1_13' title='bbox 2344 437 2430 507; x_wconf 80' lang='grc' dir='ltr'><strong><em>οὗ</em></strong></span> <span class='ocrx_word' id='word_1_14' title='bbox 2471 442 2581 508; x_wconf 80' lang='grc' dir='ltr'><strong><em>’καὶ</em></strong></span> 
     </span>
     <span class='ocr_line' id='line_1_3' title="bbox 242 549 2585 635; baseline 0 -24"><span class='ocrx_word' id='word_1_15' title='bbox 242 550 371 625; x_wconf 70' lang='grc' dir='ltr'><strong><em>πετὲ,</em></strong></span> <span class='ocrx_word' id='word_1_16' title='bbox 418 554 479 613; x_wconf 86' lang='lat' dir='ltr'><strong><em>et</em></strong></span> <span class='ocrx_word' id='word_1_17' title='bbox 523 550 671 635; x_wconf 87' lang='lat' dir='ltr'><strong>quia</strong></span> <span class='ocrx_word' id='word_1_18' title='bbox 716 570 845 614; x_wconf 86' lang='lat' dir='ltr'><strong><em>non</em></strong></span> <span class='ocrx_word' id='word_1_19' title='bbox 889 554 1146 614; x_wconf 84' lang='lat' dir='ltr'><strong>tantum</strong></span> <span class='ocrx_word' id='word_1_20' title='bbox 1193 550 1431 621; x_wconf 77' lang='grc' dir='ltr'><strong><em>παῖδας</em></strong></span> <span class='ocrx_word' id='word_1_21' title='bbox 1479 550 1591 615; x_wconf 80' lang='lat' dir='ltr'><strong><em>sed</em></strong></span> <span class='ocrx_word' id='word_1_22' title='bbox 1637 552 1836 615; x_wconf 83' lang='lat' dir='ltr'><strong>etiam</strong></span> <span class='ocrx_word' id='word_1_23' title='bbox 1879 558 2188 627; x_wconf 73' lang='grc' dir='ltr'><strong><em>γυναῖκας</em></strong></span> <span class='ocrx_word' id='word_1_24' title='bbox 2230 549 2585 634; x_wconf 87' lang='lat' dir='ltr'><strong>praecedit,</strong></span> 
     </span>
     <span class='ocr_line' id='line_1_4' title="bbox 240 654 2584 735; baseline -0 -16"><span class='ocrx_word' id='word_1_25' title='bbox 240 656 422 719; x_wconf 79' lang='lat' dir='ltr'><strong>nescio</strong></span> <span class='ocrx_word' id='word_1_26' title='bbox 479 675 557 719; x_wconf 79' lang='lat' dir='ltr'><strong><em>an</em></strong></span> <span class='ocrx_word' id='word_1_27' title='bbox 616 656 813 721; x_wconf 75' lang='lat' dir='ltr'><strong>filorit</strong></span> <span class='ocrx_word' id='word_1_28' title='bbox 874 656 1073 720; x_wconf 85' lang='grc' dir='ltr'><strong><em>καίτοι</em></strong></span> <span class='ocrx_word' id='word_1_29' title='bbox 1138 658 1269 734; x_wconf 74' lang='grc' dir='ltr'><strong><em>περὶ</em></strong></span> <span class='ocrx_word' id='word_1_30' title='bbox 1320 656 1437 729; x_wconf 70' lang='grc' dir='ltr'><strong><em>τὰς</em></strong></span> <span class='ocrx_word' id='word_1_31' title='bbox 1486 663 1604 721; x_wconf 84' lang='grc' dir='ltr'><strong><em>τῶν</em></strong></span> <span class='ocrx_word' id='word_1_32' title='bbox 1651 656 1874 735; x_wconf 69' lang='grc' dir='ltr'><strong><em>ἀνδρῶν</em></strong></span> <span class='ocrx_word' id='word_1_33' title='bbox 1925 654 2285 734; x_wconf 74' lang='grc' dir='ltr'><strong><em>(μάλισθ’)</em></strong></span> <span class='ocrx_word' id='word_1_34' title='bbox 2334 656 2584 732; x_wconf 77' lang='grc' dir='ltr'><strong><em>ὁμιλίας</em></strong></span> 
     </span>
     <span class='ocr_line' id='line_1_5' title="bbox 244 760 2585 847; baseline 0.001 -25"><span class='ocrx_word' id='word_1_35' title='bbox 244 760 573 833; x_wconf 74' lang='grc' dir='ltr'><em>ἐπτοημένος</em></span> <span class='ocrx_word' id='word_1_36' title='bbox 593 809 609 839; x_wconf 83' lang='grc'><strong><em>,</em></strong></span> <span class='ocrx_word' id='word_1_37' title='bbox 660 760 847 846; x_wconf 87' lang='lat' dir='ltr'><strong>quale</strong></span> <span class='ocrx_word' id='word_1_38' title='bbox 893 761 1283 827; x_wconf 84' lang='lat' dir='ltr'><strong>vocabulum</strong></span> <span class='ocrx_word' id='word_1_39' title='bbox 1330 768 1476 827; x_wconf 85' lang='lat' dir='ltr'><strong>ante</strong></span> <span class='ocrx_word' id='word_1_40' title='bbox 1522 763 1864 827; x_wconf 77' lang='lat' dir='ltr'><strong>6M1A1Ac</strong></span> <span class='ocrx_word' id='word_1_41' title='bbox 1910 760 2094 826; x_wconf 82' lang='lat' dir='ltr'><strong>facile</strong></span> <span class='ocrx_word' id='word_1_42' title='bbox 2140 760 2304 826; x_wconf 80' lang='lat' dir='ltr'><strong>elabi</strong></span> <span class='ocrx_word' id='word_1_43' title='bbox 2350 764 2585 847; x_wconf 86' lang='lat' dir='ltr'><strong>potuit.</strong></span> 
     </span>
     <span class='ocr_line' id='line_1_6' title="bbox 238 865 2587 953; baseline 0.002 -24"><span class='ocrx_word' id='word_1_44' title='bbox 238 865 489 931; x_wconf 80' lang='lat' dir='ltr'><strong>Eandem</strong></span> <span class='ocrx_word' id='word_1_45' title='bbox 545 888 774 933; x_wconf 82' lang='lat' dir='ltr'><strong>vocem</strong></span> <span class='ocrx_word' id='word_1_46' title='bbox 834 890 896 953; x_wconf 90' lang='lat' dir='ltr'><strong><em>p.</em></strong></span> <span class='ocrx_word' id='word_1_47' title='bbox 949 866 1075 931; x_wconf 82' lang='lat'><strong><em>541</em></strong></span> <span class='ocrx_word' id='word_1_48' title='bbox 1104 867 1145 932; x_wconf 91' lang='lat' dir='ltr'>b</span> <span class='ocrx_word' id='word_1_49' title='bbox 1195 870 1314 953; x_wconf 80' lang='lat' dir='ltr'><strong>(ve.</strong></span> <span class='ocrx_word' id='word_1_50' title='bbox 1366 866 1481 949; x_wconf 82' lang='lat'><strong><em>20)</em></strong></span> <span class='ocrx_word' id='word_1_51' title='bbox 1543 867 1830 953; x_wconf 81' lang='lat' dir='ltr'><strong>elapsam</strong></span> <span class='ocrx_word' id='word_1_52' title='bbox 1873 870 2144 933; x_wconf 80' lang='lat' dir='ltr'><strong>inseruit</strong></span> <span class='ocrx_word' id='word_1_53' title='bbox 2188 867 2272 932; x_wconf 87' lang='lat' dir='ltr'><strong><em>K.</em></strong></span> <span class='ocrx_word' id='word_1_54' title='bbox 2322 888 2356 931; x_wconf 85' lang='lat' dir='ltr'><strong>e</strong></span> <span class='ocrx_word' id='word_1_55' title='bbox 2402 872 2587 933; x_wconf 85' lang='lat' dir='ltr'><strong>textu</strong></span> 
     </span>
     <span class='ocr_line' id='line_1_7' title="bbox 238 970 589 1037; baseline 0.006 -2"><span class='ocrx_word' id='word_1_56' title='bbox 238 970 589 1037; x_wconf 65' lang='lat' dir='ltr'><strong>Aristotelia</strong></span> 
     </span>
    </p>

    <p class='ocr_par' dir='ltr' id='par_1_3' title="bbox 236 1076 2588 1486">
     <span class='ocr_line' id='line_1_8' title="bbox 310 1076 2582 1161; baseline 0.002 -22"><span class='ocrx_word' id='word_1_57' title='bbox 310 1100 365 1161; x_wconf 87' lang='lat' dir='ltr'><strong>p.</strong></span> <span class='ocrx_word' id='word_1_58' title='bbox 409 1076 550 1156; x_wconf 80' lang='lat'><strong>542,</strong></span> <span class='ocrx_word' id='word_1_59' title='bbox 576 1100 631 1145; x_wconf 87' lang='lat' dir='ltr'><strong><em>c.</em></strong></span> <span class='ocrx_word' id='word_1_60' title='bbox 705 1079 811 1142; x_wconf 77' lang='grc' dir='ltr'><strong><em>καὶ</em></strong></span> <span class='ocrx_word' id='word_1_61' title='bbox 881 1087 1023 1151; x_wconf 81' lang='grc' dir='ltr'><strong><em>ταῖς</em></strong></span> <span class='ocrx_word' id='word_1_62' title='bbox 1093 1082 1207 1157; x_wconf 75' lang='grc' dir='ltr'><strong><em>μὲν</em></strong></span> <span class='ocrx_word' id='word_1_63' title='bbox 1270 1079 1582 1152; x_wconf 70' lang='grc' dir='ltr'><strong><em>δαπάναις</em></strong></span> <span class='ocrx_word' id='word_1_64' title='bbox 1649 1088 1791 1153; x_wconf 80' lang='grc' dir='ltr'><strong><em>ταῖς</em></strong></span> <span class='ocrx_word' id='word_1_65' title='bbox 1853 1080 1939 1150; x_wconf 79' lang='grc' dir='ltr'><strong><em>εἷς</em></strong></span> <span class='ocrx_word' id='word_1_66' title='bbox 2005 1082 2088 1146; x_wconf 74' lang='grc' dir='ltr'><strong><em>τὰ</em></strong></span> <span class='ocrx_word' id='word_1_67' title='bbox 2153 1082 2373 1145; x_wconf 76' lang='grc' dir='ltr'><strong><em>δεῖπνα</em></strong></span> <span class='ocrx_word' id='word_1_68' title='bbox 2439 1079 2582 1152; x_wconf 85' lang='grc' dir='ltr'><strong><em>τοὺς</em></strong></span> 
     </span>
     <span class='ocr_line' id='line_1_9' title="bbox 236 1184 2586 1268; baseline 0.002 -22"><span class='ocrx_word' id='word_1_69' title='bbox 236 1184 563 1255; x_wconf 75' lang='grc' dir='ltr'><strong><em>Μακεδόνας</em></strong></span> <span class='ocrx_word' id='word_1_70' title='bbox 628 1186 1025 1264; x_wconf 69' lang='grc' dir='ltr'><strong><em>ὑπερέβαλλε</em></strong></span> <span class='ocrx_word' id='word_1_71' title='bbox 1096 1185 1490 1265; x_wconf 77' lang='lat' dir='ltr'><strong>(Demetrius</strong></span> <span class='ocrx_word' id='word_1_72' title='bbox 1536 1187 1930 1268; x_wconf 81' lang='lat' dir='ltr'>Phalereus),</span> <span class='ocrx_word' id='word_1_73' title='bbox 1981 1197 2058 1267; x_wconf 66' lang='grc' dir='ltr'><strong><em>τῇ</em></strong></span> <span class='ocrx_word' id='word_1_74' title='bbox 2105 1187 2168 1251; x_wconf 74' lang='grc' dir='ltr'><strong><em>δὲ</em></strong></span> <span class='ocrx_word' id='word_1_75' title='bbox 2218 1185 2586 1265; x_wconf 72' lang='grc' dir='ltr'><strong><em>καθαριό-</em></strong></span> 
     </span>
     <span class='ocr_line' id='line_1_10' title="bbox 237 1292 2588 1379; baseline 0.003 -28"><span class='ocrx_word' id='word_1_76' title='bbox 237 1314 389 1359; x_wconf 85' lang='grc' dir='ltr'><strong><em>τητι</em></strong></span> <span class='ocrx_word' id='word_1_77' title='bbox 454 1292 741 1370; x_wconf 72' lang='grc' dir='ltr'><strong><em>Κυπρίους</em></strong></span> <span class='ocrx_word' id='word_1_78' title='bbox 809 1296 913 1357; x_wconf 77' lang='grc' dir='ltr'><strong><em>καὶ</em></strong></span> <span class='ocrx_word' id='word_1_79' title='bbox 984 1293 1284 1363; x_wconf 77' lang='grc' dir='ltr'><strong><em>Φοίνικας.</em></strong></span> <span class='ocrx_word' id='word_1_80' title='bbox 1337 1293 1514 1373; x_wconf 85' lang='lat' dir='ltr'><strong>Quae</strong></span> <span class='ocrx_word' id='word_1_81' title='bbox 1562 1294 1788 1359; x_wconf 85' lang='lat' dir='ltr'><strong>deinde</strong></span> <span class='ocrx_word' id='word_1_82' title='bbox 1833 1294 1910 1357; x_wconf 86' lang='lat' dir='ltr'><strong><em>de</em></strong></span> <span class='ocrx_word' id='word_1_83' title='bbox 1954 1296 2228 1379; x_wconf 79' lang='lat' dir='ltr'><strong>impuris</strong></span> <span class='ocrx_word' id='word_1_84' title='bbox 2271 1292 2588 1359; x_wconf 74' lang='lat' dir='ltr'><strong>Demetrii</strong></span> 
     </span>
     <span class='ocr_line' id='line_1_11' title="bbox 236 1397 2340 1486; baseline 0.002 -26"><span class='ocrx_word' id='word_1_85' title='bbox 236 1397 485 1462; x_wconf 72' lang='lat' dir='ltr'><strong>moribus</strong></span> <span class='ocrx_word' id='word_1_86' title='bbox 524 1406 865 1465; x_wconf 87' lang='lat' dir='ltr'><strong>narrantur</strong></span> <span class='ocrx_word' id='word_1_87' title='bbox 911 1403 1133 1486; x_wconf 88' lang='lat' dir='ltr'><strong>reponi</strong></span> <span class='ocrx_word' id='word_1_88' title='bbox 1178 1400 1403 1465; x_wconf 88' lang='lat' dir='ltr'><strong>iubent</strong></span> <span class='ocrx_word' id='word_1_89' title='bbox 1451 1410 1527 1481; x_wconf 66' lang='grc' dir='ltr'><strong><em>τῇ</em></strong></span> <span class='ocrx_word' id='word_1_90' title='bbox 1578 1400 1640 1465; x_wconf 79' lang='grc' dir='ltr'><strong><em>δὲ</em></strong></span> <span class='ocrx_word' id='word_1_91' title='bbox 1692 1401 1848 1464; x_wconf 70' lang='grc' dir='ltr'><strong><em>ὦκα</em></strong></span> <span class='ocrx_word' id='word_1_92' title='bbox 1871 1400 2167 1482; x_wconf 72' lang='grc' dir='ltr'><strong><em>θαρσία</em></strong></span> <span class='ocrx_word' id='word_1_93' title='bbox 2213 1399 2340 1464; x_wconf 81' lang='grc' dir='ltr'><strong><em>κτέ.</em></strong></span> 
     </span>
    </p>

    <p class='ocr_par' dir='ltr' id='par_1_4' title="bbox 238 1501 2581 1803">
     <span class='ocr_line' id='line_1_12' title="bbox 307 1501 2581 1588; baseline 0.002 -24"><span class='ocrx_word' id='word_1_94' title='bbox 307 1525 362 1588; x_wconf 89' lang='lat' dir='ltr'><strong><em>p.</em></strong></span> <span class='ocrx_word' id='word_1_95' title='bbox 408 1501 554 1582; x_wconf 85' lang='grc'>547,</span> <span class='ocrx_word' id='word_1_96' title='bbox 577 1505 641 1569; x_wconf 91' lang='lat' dir='ltr'><strong><em>b.</em></strong></span> <span class='ocrx_word' id='word_1_97' title='bbox 702 1507 777 1577; x_wconf 79' lang='grc' dir='ltr'><strong><em>ὥς</em></strong></span> <span class='ocrx_word' id='word_1_98' title='bbox 829 1504 905 1583; x_wconf 74' lang='grc' dir='ltr'><strong><em>ἂν</em></strong></span> <span class='ocrx_word' id='word_1_99' title='bbox 951 1502 1051 1571; x_wconf 85' lang='grc' dir='ltr'><strong><em>οὖν</em></strong></span> <span class='ocrx_word' id='word_1_100' title='bbox 1098 1505 1309 1587; x_wconf 66' lang='grc' dir='ltr'><strong><em>λάβῃς</em></strong></span> <span class='ocrx_word' id='word_1_101' title='bbox 1358 1506 1467 1577; x_wconf 67' lang='grc' dir='ltr'><strong><em>τὴν</em></strong></span> <span class='ocrx_word' id='word_1_102' title='bbox 1518 1505 1867 1583; x_wconf 75' lang='grc' dir='ltr'><strong><em>ἐπιστολήν,</em></strong></span> <span class='ocrx_word' id='word_1_103' title='bbox 1919 1505 2216 1582; x_wconf 75' lang='grc' dir='ltr'><strong><em>σύνταξον</em></strong></span> <span class='ocrx_word' id='word_1_104' title='bbox 2265 1504 2581 1585; x_wconf 72' lang='grc' dir='ltr'><strong><em>κήρυγμα.</em></strong></span> 
     </span>
     <span class='ocr_line' id='line_1_13' title="bbox 238 1607 2580 1696; baseline 0.001 -24"><span class='ocrx_word' id='word_1_105' title='bbox 238 1607 313 1673; x_wconf 90' lang='lat' dir='ltr'><strong><em>De</em></strong></span> <span class='ocrx_word' id='word_1_106' title='bbox 364 1612 585 1675; x_wconf 84' lang='lat' dir='ltr'><strong>rariore</strong></span> <span class='ocrx_word' id='word_1_107' title='bbox 646 1611 925 1676; x_wconf 83' lang='lat' dir='ltr'><strong>formula</strong></span> <span class='ocrx_word' id='word_1_108' title='bbox 984 1613 1061 1682; x_wconf 79' lang='grc' dir='ltr'><strong><em>ὥς</em></strong></span> <span class='ocrx_word' id='word_1_109' title='bbox 1117 1610 1213 1689; x_wconf 75' lang='grc' dir='ltr'><strong><em>ἄν,</em></strong></span> <span class='ocrx_word' id='word_1_110' title='bbox 1268 1633 1394 1677; x_wconf 87' lang='lat' dir='ltr'><strong><em>non</em></strong></span> <span class='ocrx_word' id='word_1_111' title='bbox 1441 1610 1656 1676; x_wconf 89' lang='lat' dir='ltr'><strong>addito</strong></span> <span class='ocrx_word' id='word_1_112' title='bbox 1702 1617 1969 1691; x_wconf 82' lang='grc' dir='ltr'><strong><em>πρῶτον,</em></strong></span> <span class='ocrx_word' id='word_1_113' title='bbox 2018 1612 2096 1676; x_wconf 89' lang='lat' dir='ltr'><strong><em>cf.</em></strong></span> <span class='ocrx_word' id='word_1_114' title='bbox 2147 1610 2367 1696; x_wconf 84' lang='lat' dir='ltr'><strong>Steph.</strong></span> <span class='ocrx_word' id='word_1_115' title='bbox 2418 1612 2580 1676; x_wconf 79' lang='lat' dir='ltr'><strong>thee.</strong></span> 
     </span>
     <span class='ocr_line' id='line_1_14' title="bbox 240 1713 1255 1803; baseline 0.008 -26"><span class='ocrx_word' id='word_1_116' title='bbox 240 1713 451 1795; x_wconf 81' lang='lat' dir='ltr'><strong>(Dind.)</strong></span> <span class='ocrx_word' id='word_1_117' title='bbox 494 1716 620 1781; x_wconf 84' lang='lat' dir='ltr'><strong>vol.</strong></span> <span class='ocrx_word' id='word_1_118' title='bbox 668 1716 821 1783; x_wconf 85' lang='lat' dir='ltr'>VIII</span> <span class='ocrx_word' id='word_1_119' title='bbox 868 1739 930 1803; x_wconf 90' lang='lat' dir='ltr'><strong><em>p.</em></strong></span> <span class='ocrx_word' id='word_1_120' title='bbox 981 1716 1159 1783; x_wconf 81' lang='lat'>2112</span> <span class='ocrx_word' id='word_1_121' title='bbox 1184 1718 1255 1785; x_wconf 93' lang='grc' dir='ltr'><strong><em>Β.</em></strong></span> 
     </span>
    </p>

    <p class='ocr_par' dir='ltr' id='par_1_5' title="bbox 239 1821 2584 2122">
     <span class='ocr_line' id='line_1_15' title="bbox 308 1821 2584 1906; baseline 0.001 -21"><span class='ocrx_word' id='word_1_122' title='bbox 308 1844 362 1906; x_wconf 87' lang='lat' dir='ltr'><strong>p.</strong></span> <span class='ocrx_word' id='word_1_123' title='bbox 408 1821 555 1901; x_wconf 85' lang='lat'><strong>549,</strong></span> <span class='ocrx_word' id='word_1_124' title='bbox 580 1844 637 1888; x_wconf 89' lang='lat' dir='ltr'><strong><em>a.</em></strong></span> <span class='ocrx_word' id='word_1_125' title='bbox 703 1824 1175 1905; x_wconf 75' lang='grc' dir='ltr'><strong><em>κνισότερος</em></strong></span> <span class='ocrx_word' id='word_1_126' title='bbox 1242 1824 1318 1888; x_wconf 81' lang='grc' dir='ltr'><strong><em>ὢν</em></strong></span> <span class='ocrx_word' id='word_1_127' title='bbox 1368 1830 1475 1889; x_wconf 84' lang='grc' dir='ltr'><strong><em>τοῦ</em></strong></span> <span class='ocrx_word' id='word_1_128' title='bbox 1522 1823 1868 1897; x_wconf 78' lang='grc' dir='ltr'><strong><em>Ὀδυσσέως</em></strong></span> <span class='ocrx_word' id='word_1_129' title='bbox 1921 1826 2289 1890; x_wconf 72' lang='grc' dir='ltr'><strong><em>Μελανθίου.</em></strong></span> <span class='ocrx_word' id='word_1_130' title='bbox 2352 1823 2584 1889; x_wconf 84' lang='lat' dir='ltr'><strong>Kaibel</strong></span> 
     </span>
     <span class='ocr_line' id='line_1_16' title="bbox 239 1928 2584 2016; baseline 0.003 -28"><span class='ocrx_word' id='word_1_131' title='bbox 239 1928 708 2008; x_wconf 76' lang='grc' dir='ltr'><strong><em>κνισολοιχότερος</em></strong></span> <span class='ocrx_word' id='word_1_132' title='bbox 775 1932 1077 2009; x_wconf 83' lang='lat' dir='ltr'><strong>coniecit,</strong></span> <span class='ocrx_word' id='word_1_133' title='bbox 1142 1938 1311 1996; x_wconf 82' lang='lat' dir='ltr'><strong>recte</strong></span> <span class='ocrx_word' id='word_1_134' title='bbox 1328 1980 1346 2009; x_wconf 90' lang='lat'><em>‚</em></span> <span class='ocrx_word' id='word_1_135' title='bbox 1395 1934 1452 1995; x_wconf 77' lang='lat' dir='ltr'><strong><em>si</em></strong></span> <span class='ocrx_word' id='word_1_136' title='bbox 1499 1931 1872 2010; x_wconf 80' lang='grc' dir='ltr'><strong><em>κνισολοιχὸς</em></strong></span> <span class='ocrx_word' id='word_1_137' title='bbox 1923 1934 2434 2016; x_wconf 80' lang='lat' dir='ltr'><strong>comparativum</strong></span> <span class='ocrx_word' id='word_1_138' title='bbox 2479 1930 2584 1996; x_wconf 90' lang='lat' dir='ltr'><strong><em>ad-</em></strong></span> 
     </span>
     <span class='ocr_line' id='line_1_17' title="bbox 240 2035 1908 2122; baseline 0.003 -26"><span class='ocrx_word' id='word_1_139' title='bbox 240 2035 442 2113; x_wconf 81' lang='lat' dir='ltr'><strong>mittit,</strong></span> <span class='ocrx_word' id='word_1_140' title='bbox 486 2038 584 2099; x_wconf 80' lang='lat' dir='ltr'><strong><em>sin</em></strong></span> <span class='ocrx_word' id='word_1_141' title='bbox 630 2038 851 2101; x_wconf 77' lang='lat' dir='ltr'><strong>minus</strong></span> <span class='ocrx_word' id='word_1_142' title='bbox 870 2085 886 2113; x_wconf 94' lang='lat'><strong><em>,</em></strong></span> <span class='ocrx_word' id='word_1_143' title='bbox 935 2036 1355 2122; x_wconf 82' lang='lat' dir='ltr'><strong>praetulerim</strong></span> <span class='ocrx_word' id='word_1_144' title='bbox 1401 2037 1908 2117; x_wconf 82' lang='grc' dir='ltr'><strong><em>Φιλοκνισότερος.</em></strong></span> 
     </span>
    </p>

    <p class='ocr_par' dir='ltr' id='par_1_6' title="bbox 242 2138 2580 2441">
     <span class='ocr_line' id='line_1_18' title="bbox 309 2138 2580 2228; baseline 0.002 -26"><span class='ocrx_word' id='word_1_145' title='bbox 309 2160 363 2223; x_wconf 92' lang='lat' dir='ltr'><strong><em>p.</em></strong></span> <span class='ocrx_word' id='word_1_146' title='bbox 401 2138 546 2218; x_wconf 82' lang='lat'><strong>552,</strong></span> <span class='ocrx_word' id='word_1_147' title='bbox 571 2141 631 2206; x_wconf 91' lang='lat' dir='ltr'><strong><em>b.</em></strong></span> <span class='ocrx_word' id='word_1_148' title='bbox 674 2142 1175 2220; x_wconf 82' lang='grc' dir='ltr'><strong><em>λεπτότερος</em></strong></span> <span class='ocrx_word' id='word_1_149' title='bbox 1219 2144 1272 2207; x_wconf 81' lang='grc' dir='ltr'><strong><em>δ’</em></strong></span> <span class='ocrx_word' id='word_1_150' title='bbox 1315 2138 1380 2215; x_wconf 80' lang='grc' dir='ltr'><strong><em>ἦν</em></strong></span> <span class='ocrx_word' id='word_1_151' title='bbox 1418 2144 1521 2206; x_wconf 73' lang='grc' dir='ltr'><strong><em>καὶ</em></strong></span> <span class='ocrx_word' id='word_1_152' title='bbox 1548 2147 1850 2218; x_wconf 70' lang='grc' dir='ltr'><strong><em>Φιλητᾶς.</em></strong></span> <span class='ocrx_word' id='word_1_153' title='bbox 1899 2142 2053 2209; x_wconf 83' lang='lat' dir='ltr'>Loci</span> <span class='ocrx_word' id='word_1_154' title='bbox 2075 2146 2235 2208; x_wconf 83' lang='lat' dir='ltr'><strong>ratio</strong></span> <span class='ocrx_word' id='word_1_155' title='bbox 2260 2142 2580 2228; x_wconf 80' lang='lat' dir='ltr'><strong>postulare</strong></span> 
     </span>
     <span class='ocr_line' id='line_1_19' title="bbox 242 2244 2579 2336; baseline 0.001 -28"><span class='ocrx_word' id='word_1_156' title='bbox 242 2244 459 2311; x_wconf 73' lang='lat' dir='ltr'><strong>videtur</strong></span> <span class='ocrx_word' id='word_1_157' title='bbox 518 2246 893 2313; x_wconf 85' lang='grc' dir='ltr'><strong><em>λεπτότα</em></strong></span> <span class='ocrx_word' id='word_1_158' title='bbox 913 2272 1043 2320; x_wconf 90' lang='grc' dir='ltr'><strong><em>τος</em></strong></span> <span class='ocrx_word' id='word_1_159' title='bbox 1064 2297 1082 2327; x_wconf 87' lang='grc'><strong><em>,</em></strong></span> <span class='ocrx_word' id='word_1_160' title='bbox 1146 2252 1364 2336; x_wconf 81' lang='lat' dir='ltr'><strong>agitur</strong></span> <span class='ocrx_word' id='word_1_161' title='bbox 1422 2252 1599 2314; x_wconf 89' lang='lat' dir='ltr'><strong>enim</strong></span> <span class='ocrx_word' id='word_1_162' title='bbox 1643 2249 1893 2315; x_wconf 85' lang='lat' dir='ltr'><strong>nonde</strong></span> <span class='ocrx_word' id='word_1_163' title='bbox 1939 2248 2419 2335; x_wconf 78' lang='lat' dir='ltr'><strong>gracilioribue,</strong></span> <span class='ocrx_word' id='word_1_164' title='bbox 2469 2248 2579 2314; x_wconf 84' lang='lat' dir='ltr'><strong><em>sed</em></strong></span> 
     </span>
     <span class='ocr_line' id='line_1_20' title="bbox 242 2349 1082 2441; baseline 0.007 -28"><span class='ocrx_word' id='word_1_165' title='bbox 242 2349 301 2415; x_wconf 87' lang='lat' dir='ltr'><strong><em>de</em></strong></span> <span class='ocrx_word' id='word_1_166' title='bbox 338 2352 668 2419; x_wconf 80' lang='lat' dir='ltr'><strong>admodum</strong></span> <span class='ocrx_word' id='word_1_167' title='bbox 716 2354 1082 2441; x_wconf 72' lang='lat' dir='ltr'><strong>gracilibuS.</strong></span> 
     </span>
    </p>

    <p class='ocr_par' dir='ltr' id='par_1_7' title="bbox 238 2458 2580 3178">
     <span class='ocr_line' id='line_1_21' title="bbox 308 2458 2578 2542; baseline 0.002 -21"><span class='ocrx_word' id='word_1_168' title='bbox 308 2478 361 2542; x_wconf 88' lang='lat' dir='ltr'><strong><em>p.</em></strong></span> <span class='ocrx_word' id='word_1_169' title='bbox 404 2458 627 2538; x_wconf 82' lang='lat' dir='ltr'><strong>554,c.</strong></span> <span class='ocrx_word' id='word_1_170' title='bbox 696 2462 806 2542; x_wconf 89' lang='grc' dir='ltr'><strong><em>καί</em></strong></span> <span class='ocrx_word' id='word_1_171' title='bbox 868 2486 1018 2526; x_wconf 87' lang='grc' dir='ltr'><strong><em>ποτε</em></strong></span> <span class='ocrx_word' id='word_1_172' title='bbox 1070 2461 1393 2540; x_wconf 70' lang='grc' dir='ltr'><strong><em>παριόντος</em></strong></span> <span class='ocrx_word' id='word_1_173' title='bbox 1443 2463 1756 2527; x_wconf 73' lang='grc' dir='ltr'><strong><em>νεανίσκου</em></strong></span> <span class='ocrx_word' id='word_1_174' title='bbox 1801 2461 2047 2542; x_wconf 83' lang='grc' dir='ltr'><strong><em>πατέρα</em></strong></span> <span class='ocrx_word' id='word_1_175' title='bbox 2099 2463 2578 2541; x_wconf 73' lang='grc' dir='ltr'><strong><em>πρεσβύτην</em></strong></span> 
     </span>
     <span class='ocr_line' id='line_1_22' title="bbox 242 2559 2579 2649; baseline 0.003 -24"><span class='ocrx_word' id='word_1_176' title='bbox 242 2559 446 2643; x_wconf 78' lang='grc' dir='ltr'><strong><em>ἔχοντος</em></strong></span> <span class='ocrx_word' id='word_1_177' title='bbox 496 2566 818 2643; x_wconf 76' lang='grc' dir='ltr'><strong><em>ἐπέδειξαν</em></strong></span> <span class='ocrx_word' id='word_1_178' title='bbox 864 2568 1092 2638; x_wconf 78' lang='grc' dir='ltr'><strong><em>ἑαυτὰς</em></strong></span> <span class='ocrx_word' id='word_1_179' title='bbox 1146 2568 1249 2633; x_wconf 74' lang='grc' dir='ltr'><strong><em>καὶ</em></strong></span> <span class='ocrx_word' id='word_1_180' title='bbox 1296 2569 1513 2649; x_wconf 80' lang='grc' dir='ltr'><strong><em>τούτῳ.</em></strong></span> <span class='ocrx_word' id='word_1_181' title='bbox 1563 2568 1744 2648; x_wconf 81' lang='lat' dir='ltr'><strong>Quod</strong></span> <span class='ocrx_word' id='word_1_182' title='bbox 1790 2572 2060 2634; x_wconf 83' lang='lat' dir='ltr'><strong>coniecit</strong></span> <span class='ocrx_word' id='word_1_183' title='bbox 2095 2568 2179 2633; x_wconf 89' lang='lat' dir='ltr'><strong><em>K.</em></strong></span> <span class='ocrx_word' id='word_1_184' title='bbox 2223 2568 2579 2649; x_wconf 71' lang='grc' dir='ltr'><strong><em>πρεσβύτην</em></strong></span> 
     </span>
     <span class='ocr_line' id='line_1_23' title="bbox 241 2672 2579 2760; baseline 0.003 -28"><span class='ocrx_word' id='word_1_185' title='bbox 241 2672 362 2745; x_wconf 72' lang='grc' dir='ltr'><strong><em>(καὶ</em></strong></span> <span class='ocrx_word' id='word_1_186' title='bbox 400 2673 729 2749; x_wconf 81' lang='grc' dir='ltr'><strong><em>πλούσιον)</em></strong></span> <span class='ocrx_word' id='word_1_187' title='bbox 769 2695 995 2740; x_wconf 83' lang='lat' dir='ltr'><strong>vereor</strong></span> <span class='ocrx_word' id='word_1_188' title='bbox 1016 2680 1091 2739; x_wconf 91' lang='lat' dir='ltr'><strong><em>ut</em></strong></span> <span class='ocrx_word' id='word_1_189' title='bbox 1131 2676 1281 2741; x_wconf 88' lang='lat' dir='ltr'><strong>huic</strong></span> <span class='ocrx_word' id='word_1_190' title='bbox 1317 2674 1457 2740; x_wconf 87' lang='lat' dir='ltr'><strong>loco</strong></span> <span class='ocrx_word' id='word_1_191' title='bbox 1496 2674 1850 2753; x_wconf 76' lang='lat' dir='ltr'><strong>medeatur,</strong></span> <span class='ocrx_word' id='word_1_192' title='bbox 1889 2678 1952 2739; x_wconf 88' lang='lat' dir='ltr'><strong><em>in</em></strong></span> <span class='ocrx_word' id='word_1_193' title='bbox 1995 2696 2119 2760; x_wconf 91' lang='lat' dir='ltr'><strong><em>quo</em></strong></span> <span class='ocrx_word' id='word_1_194' title='bbox 2161 2678 2375 2759; x_wconf 82' lang='lat' dir='ltr'><strong>ipsum</strong></span> <span class='ocrx_word' id='word_1_195' title='bbox 2412 2673 2579 2739; x_wconf 92' lang='lat' dir='ltr'><strong>illud</strong></span> 
     </span>
     <span class='ocr_line' id='line_1_24' title="bbox 242 2776 2575 2867; baseline 0.003 -29"><span class='ocrx_word' id='word_1_196' title='bbox 242 2776 569 2857; x_wconf 81' lang='grc' dir='ltr'><strong><em>τρεσβύτην,</em></strong></span> <span class='ocrx_word' id='word_1_197' title='bbox 620 2782 773 2865; x_wconf 90' lang='lat' dir='ltr'><strong>quia</strong></span> <span class='ocrx_word' id='word_1_198' title='bbox 818 2779 989 2846; x_wconf 79' lang='lat' dir='ltr'><strong>solae</strong></span> <span class='ocrx_word' id='word_1_199' title='bbox 1033 2784 1235 2867; x_wconf 80' lang='lat' dir='ltr'><strong>patris</strong></span> <span class='ocrx_word' id='word_1_200' title='bbox 1285 2802 1435 2866; x_wconf 82' lang='lat' dir='ltr'><strong>opes</strong></span> <span class='ocrx_word' id='word_1_201' title='bbox 1482 2787 1597 2845; x_wconf 89' lang='lat' dir='ltr'><strong><em>aut</em></strong></span> <span class='ocrx_word' id='word_1_202' title='bbox 1642 2779 1943 2847; x_wconf 73' lang='lat' dir='ltr'><strong>nobilitas</strong></span> <span class='ocrx_word' id='word_1_203' title='bbox 1989 2781 2068 2845; x_wconf 90' lang='lat' dir='ltr'><strong><em>ad</em></strong></span> <span class='ocrx_word' id='word_1_204' title='bbox 2115 2802 2247 2845; x_wconf 91' lang='lat' dir='ltr'><strong><em>rem</em></strong></span> <span class='ocrx_word' id='word_1_205' title='bbox 2299 2780 2541 2845; x_wconf 85' lang='lat' dir='ltr'><strong>faciunt</strong></span> <span class='ocrx_word' id='word_1_206' title='bbox 2559 2830 2575 2858; x_wconf 86' lang='lat'><strong><em>,</em></strong></span> 
     </span>
     <span class='ocr_line' id='line_1_25' title="bbox 238 2882 2580 2962; baseline 0.002 -16"><span class='ocrx_word' id='word_1_207' title='bbox 238 2882 369 2946; x_wconf 84' lang='lat' dir='ltr'><strong>nihil</strong></span> <span class='ocrx_word' id='word_1_208' title='bbox 411 2906 552 2949; x_wconf 86' lang='lat' dir='ltr'><strong>vero</strong></span> <span class='ocrx_word' id='word_1_209' title='bbox 599 2885 794 2951; x_wconf 85' lang='lat' dir='ltr'><strong>refert</strong></span> <span class='ocrx_word' id='word_1_210' title='bbox 840 2893 1070 2951; x_wconf 85' lang='lat' dir='ltr'><strong>utrum</strong></span> <span class='ocrx_word' id='word_1_211' title='bbox 1118 2888 1325 2952; x_wconf 71' lang='lat' dir='ltr'><strong>senior</strong></span> <span class='ocrx_word' id='word_1_212' title='bbox 1372 2907 1452 2951; x_wconf 88' lang='lat' dir='ltr'><strong><em>an</em></strong></span> <span class='ocrx_word' id='word_1_213' title='bbox 1496 2890 1709 2951; x_wconf 89' lang='lat' dir='ltr'><strong>iunior</strong></span> <span class='ocrx_word' id='word_1_214' title='bbox 1753 2887 1949 2953; x_wconf 84' lang='lat' dir='ltr'><strong>fuerit</strong></span> <span class='ocrx_word' id='word_1_215' title='bbox 1967 2936 1982 2962; x_wconf 94' lang='lat'><em>,</em></span> <span class='ocrx_word' id='word_1_216' title='bbox 2027 2886 2376 2951; x_wconf 80' lang='lat' dir='ltr'><strong>admodum</strong></span> <span class='ocrx_word' id='word_1_217' title='bbox 2413 2886 2580 2951; x_wconf 90' lang='lat' dir='ltr'><strong>mihi</strong></span> 
     </span>
     <span class='ocr_line' id='line_1_26' title="bbox 238 2990 2577 3078; baseline 0.003 -28"><span class='ocrx_word' id='word_1_218' title='bbox 238 2998 563 3072; x_wconf 77' lang='lat' dir='ltr'><strong>suspectum</strong></span> <span class='ocrx_word' id='word_1_219' title='bbox 626 2996 745 3057; x_wconf 80' lang='lat' dir='ltr'><strong>eet.</strong></span> <span class='ocrx_word' id='word_1_220' title='bbox 808 2990 976 3072; x_wconf 84' lang='lat' dir='ltr'><strong>Quid</strong></span> <span class='ocrx_word' id='word_1_221' title='bbox 1040 2992 1239 3058; x_wconf 84' lang='lat' dir='ltr'><strong>lateat</strong></span> <span class='ocrx_word' id='word_1_222' title='bbox 1288 3014 1416 3057; x_wconf 92' lang='lat' dir='ltr'><strong><em>non</em></strong></span> <span class='ocrx_word' id='word_1_223' title='bbox 1462 2995 1729 3078; x_wconf 75' lang='lat' dir='ltr'><strong>reperio,</strong></span> <span class='ocrx_word' id='word_1_224' title='bbox 1783 3031 1868 3041; x_wconf 94' lang='lat'>—</span> <span class='ocrx_word' id='word_1_225' title='bbox 1917 2991 2010 3057; x_wconf 89' lang='lat' dir='ltr'><strong><em>Ib.</em></strong></span> <span class='ocrx_word' id='word_1_226' title='bbox 2059 2992 2176 3057; x_wconf 79' lang='lat' dir='ltr'><strong><em>sub</em></strong></span> <span class='ocrx_word' id='word_1_227' title='bbox 2223 3013 2257 3056; x_wconf 85' lang='lat' dir='ltr'><strong>e</strong></span> <span class='ocrx_word' id='word_1_228' title='bbox 2280 2993 2314 3056; x_wconf 87' lang='lat' dir='ltr'>f</span> <span class='ocrx_word' id='word_1_229' title='bbox 2349 2991 2577 3057; x_wconf 87' lang='lat' dir='ltr'><strong>malim</strong></span> 
     </span>
     <span class='ocr_line' id='line_1_27' title="bbox 240 3086 1203 3178; baseline 0.008 -23"><span class='ocrx_word' id='word_1_230' title='bbox 240 3086 465 3174; x_wconf 74' lang='grc' dir='ltr'><strong><em>ὅσησπερ</em></strong></span> <span class='ocrx_word' id='word_1_231' title='bbox 510 3095 585 3161; x_wconf 75' lang='grc' dir='ltr'><strong><em>ἄν</em></strong></span> <span class='ocrx_word' id='word_1_232' title='bbox 635 3122 729 3170; x_wconf 90' lang='grc' dir='ltr'><strong><em>τις</em></strong></span> <span class='ocrx_word' id='word_1_233' title='bbox 778 3099 1203 3178; x_wconf 63' lang='grc' dir='ltr'><strong><em>(πλησθείη.</em></strong></span> 
     </span>
    </p>

    <p class='ocr_par' dir='ltr' id='par_1_8' title="bbox 236 3201 2574 3496">
     <span class='ocr_line' id='line_1_28' title="bbox 304 3201 2573 3291; baseline 0.001 -26"><span class='ocrx_word' id='word_1_234' title='bbox 304 3223 361 3286; x_wconf 90' lang='lat' dir='ltr'><strong><em>p.</em></strong></span> <span class='ocrx_word' id='word_1_235' title='bbox 404 3202 546 3282; x_wconf 84' lang='lat'><strong>564,</strong></span> <span class='ocrx_word' id='word_1_236' title='bbox 572 3226 627 3270; x_wconf 84' lang='lat' dir='ltr'><strong><em>e.</em></strong></span> <span class='ocrx_word' id='word_1_237' title='bbox 678 3203 1126 3291; x_wconf 82' lang='lat' dir='ltr'><strong>Supplendum</strong></span> <span class='ocrx_word' id='word_1_238' title='bbox 1170 3206 1392 3271; x_wconf 89' lang='lat' dir='ltr'><strong>credo:</strong></span> <span class='ocrx_word' id='word_1_239' title='bbox 1442 3205 1776 3284; x_wconf 81' lang='grc' dir='ltr'><strong><em>Λικύμνιος</em></strong></span> <span class='ocrx_word' id='word_1_240' title='bbox 1827 3207 1879 3270; x_wconf 80' lang='grc' dir='ltr'><strong><em>δ’</em></strong></span> <span class='ocrx_word' id='word_1_241' title='bbox 1930 3207 1958 3270; x_wconf 80' lang='grc' dir='ltr'><strong><em>ὁ</em></strong></span> <span class='ocrx_word' id='word_1_242' title='bbox 2009 3214 2149 3276; x_wconf 84' lang='grc' dir='ltr'><strong><em>Χῖος</em></strong></span> <span class='ocrx_word' id='word_1_243' title='bbox 2200 3205 2303 3269; x_wconf 80' lang='grc' dir='ltr'><strong><em>τὸν</em></strong></span> <span class='ocrx_word' id='word_1_244' title='bbox 2342 3201 2573 3268; x_wconf 72' lang='grc' dir='ltr'><strong><em>Ὕπνον</em></strong></span> 
     </span>
     <span class='ocr_line' id='line_1_29' title="bbox 236 3306 2574 3391; baseline 0.003 -22"><span class='ocrx_word' id='word_1_245' title='bbox 236 3306 409 3382; x_wconf 75' lang='grc' dir='ltr'><strong><em>Φῆσας</em></strong></span> <span class='ocrx_word' id='word_1_246' title='bbox 481 3311 616 3387; x_wconf 73' lang='grc' dir='ltr'><strong><em>ἐραν</em></strong></span> <span class='ocrx_word' id='word_1_247' title='bbox 696 3311 1091 3386; x_wconf 74' lang='grc' dir='ltr'><strong><em>Ἐνδυμίωνος</em></strong></span> <span class='ocrx_word' id='word_1_248' title='bbox 1169 3310 1450 3391; x_wconf 71' lang='grc' dir='ltr'><strong><em>(ἐπάγει</em></strong></span> <span class='ocrx_word' id='word_1_249' title='bbox 1516 3307 1660 3389; x_wconf 76' lang='grc' dir='ltr'><strong><em>ὅτι)</em></strong></span> <span class='ocrx_word' id='word_1_250' title='bbox 1725 3312 1855 3377; x_wconf 75' lang='grc' dir='ltr'><strong><em>οὐδὲ</em></strong></span> <span class='ocrx_word' id='word_1_251' title='bbox 1923 3312 2317 3383; x_wconf 80' lang='grc' dir='ltr'><strong><em>καθεύδοντος</em></strong></span> <span class='ocrx_word' id='word_1_252' title='bbox 2383 3312 2574 3375; x_wconf 79' lang='grc' dir='ltr'><strong><em>αὐτοῦ</em></strong></span> 
     </span>
     <span class='ocr_line' id='line_1_30' title="bbox 240 3416 1455 3496; baseline 0.009 -23"><span class='ocrx_word' id='word_1_253' title='bbox 240 3416 673 3480; x_wconf 76' lang='grc' dir='ltr'><strong><em>κατακαλύπτει</em></strong></span> <span class='ocrx_word' id='word_1_254' title='bbox 721 3417 859 3489; x_wconf 84' lang='grc' dir='ltr'><strong><em>τοὺς</em></strong></span> <span class='ocrx_word' id='word_1_255' title='bbox 911 3416 1275 3496; x_wconf 75' lang='grc' dir='ltr'><strong><em>ὀφθαλμούς</em></strong></span> <span class='ocrx_word' id='word_1_256' title='bbox 1325 3418 1455 3484; x_wconf 80' lang='grc' dir='ltr'><strong><em>κτὲ.</em></strong></span> 
     </span>
    </p>

    <p class='ocr_par' dir='ltr' id='par_1_9' title="bbox 240 3519 2578 3803">
     <span class='ocr_line' id='line_1_31' title="bbox 308 3519 2576 3605; baseline 0.002 -22"><span class='ocrx_word' id='word_1_257' title='bbox 308 3540 361 3604; x_wconf 88' lang='lat' dir='ltr'><strong><em>p.</em></strong></span> <span class='ocrx_word' id='word_1_258' title='bbox 404 3519 546 3599; x_wconf 86' lang='grc'>577,</span> <span class='ocrx_word' id='word_1_259' title='bbox 574 3544 629 3587; x_wconf 91' lang='lat' dir='ltr'><strong><em>e.</em></strong></span> <span class='ocrx_word' id='word_1_260' title='bbox 676 3522 751 3587; x_wconf 91' lang='lat' dir='ltr'><strong><em>In</em></strong></span> <span class='ocrx_word' id='word_1_261' title='bbox 798 3522 1147 3589; x_wconf 77' lang='lat' dir='ltr'><strong>MAonoms</strong></span> <span class='ocrx_word' id='word_1_262' title='bbox 1192 3525 1484 3589; x_wconf 78' lang='lat' dir='ltr'><strong>versibus</strong></span> <span class='ocrx_word' id='word_1_263' title='bbox 1531 3530 1655 3600; x_wconf 79' lang='lat' dir='ltr'><strong>(va.</strong></span> <span class='ocrx_word' id='word_1_264' title='bbox 1710 3521 1819 3605; x_wconf 88' lang='grc'><strong><em>19)</em></strong></span> <span class='ocrx_word' id='word_1_265' title='bbox 1867 3524 2132 3589; x_wconf 81' lang='lat' dir='ltr'><strong>fortasse</strong></span> <span class='ocrx_word' id='word_1_266' title='bbox 2170 3523 2576 3589; x_wconf 86' lang='lat' dir='ltr'><strong>retinendum</strong></span> 
     </span>
     <span class='ocr_line' id='line_1_32' title="bbox 240 3624 2578 3714; baseline 0.003 -27"><span class='ocrx_word' id='word_1_267' title='bbox 240 3624 321 3687; x_wconf 73' lang='grc' dir='ltr'><strong><em>καὶ</em></strong></span> <span class='ocrx_word' id='word_1_268' title='bbox 337 3673 354 3702; x_wconf 88' lang='grc'><strong><em>,</em></strong></span> <span class='ocrx_word' id='word_1_269' title='bbox 411 3629 571 3712; x_wconf 92' lang='lat' dir='ltr'><strong>quod</strong></span> <span class='ocrx_word' id='word_1_270' title='bbox 631 3634 975 3714; x_wconf 84' lang='lat' dir='ltr'><strong>praeeunte</strong></span> <span class='ocrx_word' id='word_1_271' title='bbox 1038 3628 1322 3695; x_wconf 85' lang='lat' dir='ltr'><strong>Iacobsio</strong></span> <span class='ocrx_word' id='word_1_272' title='bbox 1372 3629 1611 3695; x_wconf 85' lang='lat' dir='ltr'><strong>delevit</strong></span> <span class='ocrx_word' id='word_1_273' title='bbox 1657 3629 1880 3707; x_wconf 79' lang='lat' dir='ltr'><strong>editor,</strong></span> <span class='ocrx_word' id='word_1_274' title='bbox 1932 3637 1996 3695; x_wconf 87' lang='lat' dir='ltr'><strong><em>et</em></strong></span> <span class='ocrx_word' id='word_1_275' title='bbox 2041 3630 2377 3695; x_wconf 78' lang='lat' dir='ltr'><strong>statuenda</strong></span> <span class='ocrx_word' id='word_1_276' title='bbox 2426 3630 2578 3695; x_wconf 90' lang='lat' dir='ltr'><strong>duo-</strong></span> 
     </span>
     <span class='ocr_line' id='line_1_33' title="bbox 240 3734 2082 3803; baseline 0.003 -7"><span class='ocrx_word' id='word_1_277' title='bbox 240 3748 359 3795; x_wconf 86' lang='lat' dir='ltr'><strong><em>rum</em></strong></span> <span class='ocrx_word' id='word_1_278' title='bbox 397 3734 946 3802; x_wconf 79' lang='lat' dir='ltr'><strong>hemistichiorum</strong></span> <span class='ocrx_word' id='word_1_279' title='bbox 989 3734 1237 3801; x_wconf 89' lang='lat' dir='ltr'><strong>lacuna.</strong></span> <span class='ocrx_word' id='word_1_280' title='bbox 1288 3734 1383 3803; x_wconf 84' lang='lat' dir='ltr'><strong><em>Cf.</em></strong></span> <span class='ocrx_word' id='word_1_281' title='bbox 1435 3735 1689 3801; x_wconf 85' lang='lat' dir='ltr'><strong>Kaibeli</strong></span> <span class='ocrx_word' id='word_1_282' title='bbox 1737 3737 2082 3801; x_wconf 77' lang='lat' dir='ltr'><strong>adnotatio,</strong></span> 
     </span>
    </p>

    <p class='ocr_par' dir='ltr' id='par_1_10' title="bbox 312 3838 659 3923">
     <span class='ocr_line' id='line_1_34' title="bbox 312 3838 659 3923; baseline 0.017 -23"><span class='ocrx_word' id='word_1_283' title='bbox 312 3859 367 3923; x_wconf 91' lang='lat' dir='ltr'><strong>p.</strong></span> <span class='ocrx_word' id='word_1_284' title='bbox 410 3838 552 3919; x_wconf 85' lang='lat'><strong>579,</strong></span> <span class='ocrx_word' id='word_1_285' title='bbox 600 3841 659 3905; x_wconf 89' lang='lat' dir='ltr'><strong><em>d.</em></strong></span> 
     </span>
    </p>

    <p class='ocr_par' dir='ltr' id='par_1_11' title="bbox 252 3942 2577 4461">
     <span class='ocr_line' id='line_1_35' title="bbox 468 3942 1855 4029; baseline 0.003 -20"><span class='ocrx_word' id='word_1_286' title='bbox 468 3942 601 4029; x_wconf 76' lang='grc' dir='ltr'><strong><em>κᾷθ’</em></strong></span> <span class='ocrx_word' id='word_1_287' title='bbox 648 3948 723 4017; x_wconf 77' lang='grc' dir='ltr'><strong><em>ὥς</em></strong></span> <span class='ocrx_word' id='word_1_288' title='bbox 774 3947 1123 4025; x_wconf 75' lang='grc' dir='ltr'><strong><em>ἐπηρώτησε</em></strong></span> <span class='ocrx_word' id='word_1_289' title='bbox 1175 3946 1404 4027; x_wconf 79' lang='grc' dir='ltr'><strong><em>’πότερ’</em></strong></span> <span class='ocrx_word' id='word_1_290' title='bbox 1454 3945 1575 4012; x_wconf 78' lang='grc' dir='ltr'><strong><em>ἄνω</em></strong></span> <span class='ocrx_word' id='word_1_291' title='bbox 1625 3948 1855 4027; x_wconf 80' lang='grc' dir='ltr'><strong><em>θέλεις,</em></strong></span> 
     </span>
     <span class='ocr_line' id='line_1_36' title="bbox 469 4050 2300 4134; baseline 0.001 -17"><span class='ocrx_word' id='word_1_292' title='bbox 469 4052 773 4117; x_wconf 71' lang='grc' dir='ltr'><strong><em>ἑλόοῦσ’</em></strong></span> <span class='ocrx_word' id='word_1_293' title='bbox 822 4050 993 4129; x_wconf 74' lang='grc' dir='ltr'><strong><em>ἅμα</em></strong></span> <span class='ocrx_word' id='word_1_294' title='bbox 1041 4053 1343 4130; x_wconf 83' lang='grc' dir='ltr'><strong><em>βαλεῖν</em></strong></span> <span class='ocrx_word' id='word_1_295' title='bbox 1397 4054 1432 4130; x_wconf 79' lang='grc' dir='ltr'>ἢ</span> <span class='ocrx_word' id='word_1_296' title='bbox 1482 4054 1709 4134; x_wconf 56' lang='lat' dir='ltr'><strong><em>technas</em></strong></span> <span class='ocrx_word' id='word_1_297' title='bbox 1758 4054 2076 4133; x_wconf 69' lang='grc' dir='ltr'><strong><em>γελάσασ’</em></strong></span> <span class='ocrx_word' id='word_1_298' title='bbox 2123 4052 2300 4133; x_wconf 59' lang='grc' dir='ltr'><strong><em>Ἔνον,</em></strong></span> 
     </span>
     <span class='ocr_line' id='line_1_37' title="bbox 468 4158 1961 4240; baseline 0.003 -19"><span class='ocrx_word' id='word_1_299' title='bbox 468 4158 810 4236; x_wconf 61' lang='grc' dir='ltr'><strong><em>βέλτιστέ,</em></strong></span> <span class='ocrx_word' id='word_1_300' title='bbox 858 4158 1069 4239; x_wconf 82' lang='grc' dir='ltr'><strong><em>Φησίν.</em></strong></span> <span class='ocrx_word' id='word_1_301' title='bbox 1123 4159 1239 4224; x_wconf 83' lang='grc' dir='ltr'><strong><em>ὑπό</em></strong></span> <span class='ocrx_word' id='word_1_302' title='bbox 1284 4185 1343 4225; x_wconf 87' lang='grc' dir='ltr'><strong><em>τι</em></strong></span> <span class='ocrx_word' id='word_1_303' title='bbox 1395 4161 1519 4240; x_wconf 72' lang='grc' dir='ltr'><strong><em>γὰρ</em></strong></span> <span class='ocrx_word' id='word_1_304' title='bbox 1570 4159 1805 4225; x_wconf 71' lang='grc' dir='ltr'><strong><em>δέδοικά</em></strong></span> <span class='ocrx_word' id='word_1_305' title='bbox 1855 4184 1961 4240; x_wconf 85' lang='grc' dir='ltr'><strong><em>σε,</em></strong></span> 
     </span>
     <span class='ocr_line' id='line_1_38' title="bbox 470 4264 2105 4351; baseline 0.003 -24"><span class='ocrx_word' id='word_1_306' title='bbox 470 4264 554 4340; x_wconf 78' lang='grc' dir='ltr'><strong><em>μή</em></strong></span> <span class='ocrx_word' id='word_1_307' title='bbox 600 4286 718 4341; x_wconf 82' lang='grc' dir='ltr'><strong><em>μου</em></strong></span> <span class='ocrx_word' id='word_1_308' title='bbox 768 4264 1180 4344; x_wconf 83' lang='grc' dir='ltr'><strong><em>προπεσούσης</em></strong></span> <span class='ocrx_word' id='word_1_309' title='bbox 1229 4266 1640 4343; x_wconf 76' lang='grc' dir='ltr'><strong><em>τούμπλόκιον</em></strong></span> <span class='ocrx_word' id='word_1_310' title='bbox 1689 4266 2105 4351; x_wconf 63' lang='grc' dir='ltr'><strong><em>ὑπεκτράγῃς.</em></strong></span> 
     </span>
     <span class='ocr_line' id='line_1_39' title="bbox 252 4358 2577 4461; baseline 0.005 -35"><span class='ocrx_word' id='word_1_311' title='bbox 252 4358 363 4429; x_wconf 82' lang='lat' dir='ltr'><strong><em>Non</em></strong></span> <span class='ocrx_word' id='word_1_312' title='bbox 420 4366 488 4434; x_wconf 83' lang='lat' dir='ltr'><strong><em>de</em></strong></span> <span class='ocrx_word' id='word_1_313' title='bbox 546 4370 971 4437; x_wconf 84' lang='lat' dir='ltr'><strong>accumbendo</strong></span> <span class='ocrx_word' id='word_1_314' title='bbox 994 4421 1010 4449; x_wconf 95' lang='lat'>‚</span> <span class='ocrx_word' id='word_1_315' title='bbox 1074 4372 1183 4437; x_wconf 79' lang='lat' dir='ltr'><strong><em>sed</em></strong></span> <span class='ocrx_word' id='word_1_316' title='bbox 1230 4374 1307 4437; x_wconf 88' lang='lat' dir='ltr'><strong><em>de</em></strong></span> <span class='ocrx_word' id='word_1_317' title='bbox 1355 4373 1696 4437; x_wconf 85' lang='lat' dir='ltr'><strong>concubitu</strong></span> <span class='ocrx_word' id='word_1_318' title='bbox 1738 4376 1806 4437; x_wconf 90' lang='lat' dir='ltr'><strong><em>in</em></strong></span> <span class='ocrx_word' id='word_1_319' title='bbox 1851 4374 1970 4438; x_wconf 86' lang='lat' dir='ltr'><strong><em>hoc</em></strong></span> <span class='ocrx_word' id='word_1_320' title='bbox 2013 4372 2364 4439; x_wconf 76' lang='lat' dir='ltr'><strong>MAonoms</strong></span> <span class='ocrx_word' id='word_1_321' title='bbox 2409 4376 2577 4461; x_wconf 82' lang='lat' dir='ltr'><strong>frag-</strong></span> 
     </span>
    </p>
   </div>
  </div>
 </body>
</html>
