<?xml version="1.0" encoding="UTF-8"?>
<!DOCTYPE html PUBLIC "-//W3C//DTD XHTML 1.0 Transitional//EN"
    "http://www.w3.org/TR/xhtml1/DTD/xhtml1-transitional.dtd">
<html xmlns="http://www.w3.org/1999/xhtml" xml:lang="en" lang="en">
 <head>
  <title>
</title>
<meta http-equiv="Content-Type" content="text/html;charset=utf-8" />
  <meta name='ocr-system' content='tesseract 3.04.00' />
  <meta name='ocr-capabilities' content='ocr_page ocr_carea ocr_par ocr_line ocrx_word'/>
</head>
<body>
  <div class='ocr_page' id='page_1' title='image "./mnemosyne07servgoog_0598.png"; bbox 0 0 3192 5009; ppageno 0'>
   <div class='ocr_carea' id='block_1_1' title="bbox 522 291 1825 359">
    <p class='ocr_par' dir='ltr' id='par_1_1' title="bbox 522 291 1825 359">
     <span class='ocr_line' id='line_1_1' title="bbox 522 291 1825 359; baseline 0.002 -2"><span class='ocrx_word' id='word_1_1' title='bbox 522 291 651 358; x_wconf 87' lang='grc'><strong>118</strong></span> <span class='ocrx_word' id='word_1_2' title='bbox 1583 310 1825 359; x_wconf 75' lang='lat' dir='ltr'><strong>omnim.</strong></span> 
     </span>
    </p>
   </div>
   <div class='ocr_carea' id='block_1_2' title="bbox 514 475 2900 884">
    <p class='ocr_par' dir='ltr' id='par_1_2' title="bbox 514 475 2900 884">
     <span class='ocr_line' id='line_1_2' title="bbox 520 475 2896 557; baseline -0.002 -15"><span class='ocrx_word' id='word_1_3' title='bbox 520 500 645 543; x_wconf 90' lang='lat' dir='ltr'><strong>rae.</strong></span> <span class='ocrx_word' id='word_1_4' title='bbox 696 478 819 543; x_wconf 84' lang='lat' dir='ltr'><strong>Sed</strong></span> <span class='ocrx_word' id='word_1_5' title='bbox 864 479 1119 542; x_wconf 75' lang='lat' dir='ltr'><strong>munitos</strong></span> <span class='ocrx_word' id='word_1_6' title='bbox 1163 479 1427 545; x_wconf 89' lang='lat' dir='ltr'><strong>debetur</strong></span> <span class='ocrx_word' id='word_1_7' title='bbox 1472 481 1885 545; x_wconf 88' lang='lat' dir='ltr'><strong>coniecturae.</strong></span> <span class='ocrx_word' id='word_1_8' title='bbox 1936 477 2116 557; x_wconf 79' lang='lat' dir='ltr'><strong>Quod</strong></span> <span class='ocrx_word' id='word_1_9' title='bbox 2163 478 2232 541; x_wconf 91' lang='lat' dir='ltr'><strong>in</strong></span> <span class='ocrx_word' id='word_1_10' title='bbox 2275 475 2449 542; x_wconf 88' lang='lat' dir='ltr'><strong>Med.</strong></span> <span class='ocrx_word' id='word_1_11' title='bbox 2491 480 2588 541; x_wconf 88' lang='lat' dir='ltr'><strong>est</strong></span> <span class='ocrx_word' id='word_1_12' title='bbox 2623 475 2896 551; x_wconf 67' lang='lat' dir='ltr'><strong>miratos,</strong></span> 
     </span>
     <span class='ocr_line' id='line_1_3' title="bbox 516 580 2900 669; baseline -0.001 -20"><span class='ocrx_word' id='word_1_13' title='bbox 516 584 777 649; x_wconf 90' lang='lat' dir='ltr'><strong>Iunium</strong></span> <span class='ocrx_word' id='word_1_14' title='bbox 838 585 1093 650; x_wconf 81' lang='lat' dir='ltr'><strong>induxit</strong></span> <span class='ocrx_word' id='word_1_15' title='bbox 1154 592 1231 651; x_wconf 91' lang='lat' dir='ltr'><strong>ut</strong></span> <span class='ocrx_word' id='word_1_16' title='bbox 1276 594 1560 649; x_wconf 72' lang='lat' dir='ltr'><strong>moeratoe</strong></span> <span class='ocrx_word' id='word_1_17' title='bbox 1606 584 2010 651; x_wconf 90' lang='lat' dir='ltr'><strong>scribendum</strong></span> <span class='ocrx_word' id='word_1_18' title='bbox 2055 589 2313 669; x_wconf 87' lang='lat' dir='ltr'><strong>putaret</strong></span> <span class='ocrx_word' id='word_1_19' title='bbox 2355 586 2689 667; x_wconf 79' lang='lat' dir='ltr'><strong>movitque</strong></span> <span class='ocrx_word' id='word_1_20' title='bbox 2735 580 2900 667; x_wconf 79' lang='lat' dir='ltr'><strong>&#39;Pyr-</strong></span> 
     </span>
     <span class='ocr_line' id='line_1_4' title="bbox 515 691 2896 777; baseline -0.001 -22"><span class='ocrx_word' id='word_1_21' title='bbox 515 691 749 757; x_wconf 88' lang='lat' dir='ltr'><strong>rellum</strong></span> <span class='ocrx_word' id='word_1_22' title='bbox 768 740 784 769; x_wconf 89' lang='lat'><strong>,</strong></span> <span class='ocrx_word' id='word_1_23' title='bbox 858 697 933 757; x_wconf 90' lang='lat' dir='ltr'><strong>ut</strong></span> <span class='ocrx_word' id='word_1_24' title='bbox 1002 700 1261 756; x_wconf 75' lang='lat' dir='ltr'><strong>muratos</strong></span> <span class='ocrx_word' id='word_1_25' title='bbox 1321 693 1551 758; x_wconf 80' lang='lat' dir='ltr'><strong>ederet.</strong></span> <span class='ocrx_word' id='word_1_26' title='bbox 1623 692 1821 757; x_wconf 81' lang='lat' dir='ltr'><strong>Valde</strong></span> <span class='ocrx_word' id='word_1_27' title='bbox 1875 691 2120 777; x_wconf 87' lang='lat' dir='ltr'><strong>placet,</strong></span> <span class='ocrx_word' id='word_1_28' title='bbox 2185 694 2306 756; x_wconf 91' lang='lat' dir='ltr'><strong>etsi</strong></span> <span class='ocrx_word' id='word_1_29' title='bbox 2365 691 2520 755; x_wconf 88' lang='lat' dir='ltr'><strong>haec</strong></span> <span class='ocrx_word' id='word_1_30' title='bbox 2579 710 2704 754; x_wconf 88' lang='lat' dir='ltr'><strong>vox</strong></span> <span class='ocrx_word' id='word_1_31' title='bbox 2763 709 2896 753; x_wconf 89' lang='lat' dir='ltr'><strong>non</strong></span> 
     </span>
     <span class='ocr_line' id='line_1_5' title="bbox 514 796 2900 884; baseline -0.002 -21"><span class='ocrx_word' id='word_1_32' title='bbox 514 802 829 883; x_wconf 88' lang='lat' dir='ltr'><strong>reperitur</strong></span> <span class='ocrx_word' id='word_1_33' title='bbox 890 801 957 862; x_wconf 90' lang='lat' dir='ltr'><strong>in</strong></span> <span class='ocrx_word' id='word_1_34' title='bbox 1020 797 1337 865; x_wconf 80' lang='lat' dir='ltr'><strong>Ciceronis</strong></span> <span class='ocrx_word' id='word_1_35' title='bbox 1399 806 1463 864; x_wconf 87' lang='lat' dir='ltr'><strong>et</strong></span> <span class='ocrx_word' id='word_1_36' title='bbox 1522 798 1888 884; x_wconf 79' lang='lat' dir='ltr'><strong>aequalium</strong></span> <span class='ocrx_word' id='word_1_37' title='bbox 1942 800 2214 883; x_wconf 89' lang='lat' dir='ltr'><strong>scriptis.</strong></span> <span class='ocrx_word' id='word_1_38' title='bbox 2274 796 2561 861; x_wconf 81' lang='lat' dir='ltr'><strong>Eandem</strong></span> <span class='ocrx_word' id='word_1_39' title='bbox 2606 796 2900 860; x_wconf 86' lang='lat' dir='ltr'><strong>restituit</strong></span> 
     </span>
    </p>
   </div>
   <div class='ocr_carea' id='block_1_3' title="bbox 514 901 2900 1097">
    <p class='ocr_par' dir='ltr' id='par_1_3' title="bbox 514 901 2900 1097">
     <span class='ocr_line' id='line_1_6' title="bbox 514 901 2900 991; baseline -0.003 -21"><span class='ocrx_word' id='word_1_40' title='bbox 514 905 590 970; x_wconf 85' lang='lat' dir='ltr'><strong>R.</strong></span> <span class='ocrx_word' id='word_1_41' title='bbox 639 903 801 969; x_wconf 81' lang='lat' dir='ltr'><strong>Ellis</strong></span> <span class='ocrx_word' id='word_1_42' title='bbox 847 906 909 969; x_wconf 90' lang='lat' dir='ltr'><strong>in</strong></span> <span class='ocrx_word' id='word_1_43' title='bbox 963 902 1096 971; x_wconf 85' lang='lat' dir='ltr'><strong>Ciri</strong></span> <span class='ocrx_word' id='word_1_44' title='bbox 1142 926 1205 970; x_wconf 92' lang='lat' dir='ltr'><strong>v.</strong></span> <span class='ocrx_word' id='word_1_45' title='bbox 1262 905 1409 983; x_wconf 83' lang='lat'><strong>105,</strong></span> <span class='ocrx_word' id='word_1_46' title='bbox 1458 906 1570 971; x_wconf 88' lang='lat' dir='ltr'><strong>ubi</strong></span> <span class='ocrx_word' id='word_1_47' title='bbox 1609 904 1810 991; x_wconf 82' lang='lat' dir='ltr'><strong>vulgo</strong></span> <span class='ocrx_word' id='word_1_48' title='bbox 1848 904 2092 969; x_wconf 81' lang='lat' dir='ltr'><strong>editur:</strong></span> <span class='ocrx_word' id='word_1_49' title='bbox 2134 904 2268 966; x_wconf 76' lang='lat' dir='ltr'><strong>Stat</strong></span> <span class='ocrx_word' id='word_1_50' title='bbox 2291 903 2548 984; x_wconf 67' lang='lat' dir='ltr'><strong>Meque-a</strong></span> <span class='ocrx_word' id='word_1_51' title='bbox 2566 951 2583 979; x_wconf 91' lang='lat'><strong>,</strong></span> <span class='ocrx_word' id='word_1_52' title='bbox 2609 901 2900 965; x_wconf 69' lang='lat' dir='ltr'><strong>Alcathoi</strong></span> 
     </span>
     <span class='ocr_line' id='line_1_7' title="bbox 516 1010 2750 1097; baseline -0.001 -22"><span class='ocrx_word' id='word_1_53' title='bbox 516 1014 807 1097; x_wconf 78' lang='lat' dir='ltr'><strong>quondam</strong></span> <span class='ocrx_word' id='word_1_54' title='bbox 852 1011 1083 1075; x_wconf 75' lang='lat' dir='ltr'><strong>munita</strong></span> <span class='ocrx_word' id='word_1_55' title='bbox 1128 1012 1345 1075; x_wconf 79' lang='lat' dir='ltr'><strong>labore.</strong></span> <span class='ocrx_word' id='word_1_56' title='bbox 1394 1010 1517 1077; x_wconf 85' lang='lat' dir='ltr'><strong>Sed</strong></span> <span class='ocrx_word' id='word_1_57' title='bbox 1564 1010 1778 1097; x_wconf 90' lang='lat' dir='ltr'><strong>plures</strong></span> <span class='ocrx_word' id='word_1_58' title='bbox 1823 1010 2064 1075; x_wconf 86' lang='lat' dir='ltr'><strong>codices</strong></span> <span class='ocrx_word' id='word_1_59' title='bbox 2109 1010 2445 1096; x_wconf 79' lang='lat' dir='ltr'><strong>praebent:</strong></span> <span class='ocrx_word' id='word_1_60' title='bbox 2503 1014 2750 1072; x_wconf 71' lang='lat' dir='ltr'><strong>mutata.</strong></span> 
     </span>
    </p>
   </div>
   <div class='ocr_carea' id='block_1_4' title="bbox 516 1225 2912 2059">
    <p class='ocr_par' dir='ltr' id='par_1_4' title="bbox 516 1225 2912 2059">
     <span class='ocr_line' id='line_1_8' title="bbox 607 1225 2898 1315; baseline -0 -23"><span class='ocrx_word' id='word_1_61' title='bbox 607 1227 753 1292; x_wconf 92' lang='lat' dir='ltr'><strong>IIII.</strong></span> <span class='ocrx_word' id='word_1_62' title='bbox 807 1225 911 1306; x_wconf 86' lang='lat'><strong>17,</strong></span> <span class='ocrx_word' id='word_1_63' title='bbox 940 1227 1001 1293; x_wconf 85' lang='lat'><strong>3.</strong></span> <span class='ocrx_word' id='word_1_64' title='bbox 1051 1231 1132 1292; x_wconf 76' lang='lat' dir='ltr'><strong>At</strong></span> <span class='ocrx_word' id='word_1_65' title='bbox 1176 1236 1415 1293; x_wconf 72' lang='lat' dir='ltr'><strong>senatus</strong></span> <span class='ocrx_word' id='word_1_66' title='bbox 1460 1229 1726 1293; x_wconf 70' lang='lat' dir='ltr'><strong>decernit</strong></span> <span class='ocrx_word' id='word_1_67' title='bbox 1771 1235 1888 1294; x_wconf 88' lang='lat' dir='ltr'><strong>cet.</strong></span> <span class='ocrx_word' id='word_1_68' title='bbox 1954 1228 2174 1294; x_wconf 86' lang='lat' dir='ltr'><strong>Laudo</strong></span> <span class='ocrx_word' id='word_1_69' title='bbox 2236 1227 2638 1315; x_wconf 80' lang='lat' dir='ltr'><strong>Tyrrellum,</strong></span> <span class='ocrx_word' id='word_1_70' title='bbox 2695 1229 2808 1312; x_wconf 90' lang='lat' dir='ltr'><strong>qui</strong></span> <span class='ocrx_word' id='word_1_71' title='bbox 2858 1248 2898 1291; x_wconf 91' lang='lat' dir='ltr'><strong>e</strong></span> 
     </span>
     <span class='ocr_line' id='line_1_9' title="bbox 516 1331 2899 1421; baseline -0.001 -21"><span class='ocrx_word' id='word_1_72' title='bbox 516 1335 805 1401; x_wconf 87' lang='lat' dir='ltr'><strong>Mediceo</strong></span> <span class='ocrx_word' id='word_1_73' title='bbox 851 1355 1143 1420; x_wconf 86' lang='lat' dir='ltr'><strong>praesens</strong></span> <span class='ocrx_word' id='word_1_74' title='bbox 1188 1338 1473 1401; x_wconf 78' lang='lat' dir='ltr'><strong>restituit</strong></span> <span class='ocrx_word' id='word_1_75' title='bbox 1518 1342 1582 1400; x_wconf 92' lang='lat' dir='ltr'><strong>et</strong></span> <span class='ocrx_word' id='word_1_76' title='bbox 1628 1334 1846 1421; x_wconf 89' lang='lat' dir='ltr'><strong>paullo</strong></span> <span class='ocrx_word' id='word_1_77' title='bbox 1892 1342 2038 1421; x_wconf 92' lang='lat' dir='ltr'><strong>post</strong></span> <span class='ocrx_word' id='word_1_78' title='bbox 2082 1334 2362 1401; x_wconf 77' lang='lat' dir='ltr'><strong>defendit</strong></span> <span class='ocrx_word' id='word_1_79' title='bbox 2399 1334 2522 1397; x_wconf 73' lang='lat' dir='ltr'><strong>Res</strong></span> <span class='ocrx_word' id='word_1_80' title='bbox 2559 1331 2736 1411; x_wconf 71' lang='lat' dir='ltr'><strong>cedit,</strong></span> <span class='ocrx_word' id='word_1_81' title='bbox 2777 1354 2899 1419; x_wconf 87' lang='lat' dir='ltr'><strong>pro</strong></span> 
     </span>
     <span class='ocr_line' id='line_1_10' title="bbox 516 1440 2898 1528; baseline -0.001 -23"><span class='ocrx_word' id='word_1_82' title='bbox 516 1462 641 1527; x_wconf 89' lang='lat' dir='ltr'><strong>quo</strong></span> <span class='ocrx_word' id='word_1_83' title='bbox 707 1463 828 1528; x_wconf 85' lang='lat' dir='ltr'><strong>ego</strong></span> <span class='ocrx_word' id='word_1_84' title='bbox 890 1442 1013 1504; x_wconf 74' lang='lat' dir='ltr'><strong>Res</strong></span> <span class='ocrx_word' id='word_1_85' title='bbox 1071 1442 1261 1519; x_wconf 61' lang='lat' dir='ltr'><strong>scabit,</strong></span> <span class='ocrx_word' id='word_1_86' title='bbox 1325 1441 1698 1527; x_wconf 80' lang='lat' dir='ltr'><strong>Madvigius</strong></span> <span class='ocrx_word' id='word_1_87' title='bbox 1745 1443 1867 1506; x_wconf 67' lang='lat' dir='ltr'><strong>Res</strong></span> <span class='ocrx_word' id='word_1_88' title='bbox 1912 1441 2126 1505; x_wconf 69' lang='lat' dir='ltr'><strong>cecida‘t</strong></span> <span class='ocrx_word' id='word_1_89' title='bbox 2173 1440 2576 1505; x_wconf 86' lang='lat' dir='ltr'><strong>scribendum</strong></span> <span class='ocrx_word' id='word_1_90' title='bbox 2624 1442 2898 1505; x_wconf 88' lang='lat' dir='ltr'><strong>censuit.</strong></span> 
     </span>
     <span class='ocr_line' id='line_1_11' title="bbox 518 1545 2904 1634; baseline -0.002 -20"><span class='ocrx_word' id='word_1_91' title='bbox 518 1545 614 1614; x_wconf 82' lang='lat' dir='ltr'><strong>Cf.</strong></span> <span class='ocrx_word' id='word_1_92' title='bbox 679 1547 993 1613; x_wconf 87' lang='lat' dir='ltr'><strong>Praefatio</strong></span> <span class='ocrx_word' id='word_1_93' title='bbox 1055 1546 1179 1612; x_wconf 90' lang='lat' dir='ltr'><strong>vol.</strong></span> <span class='ocrx_word' id='word_1_94' title='bbox 1239 1547 1323 1612; x_wconf 93' lang='lat' dir='ltr'><strong>II.</strong></span> <span class='ocrx_word' id='word_1_95' title='bbox 1379 1571 1441 1634; x_wconf 91' lang='lat' dir='ltr'><strong>p.</strong></span> <span class='ocrx_word' id='word_1_96' title='bbox 1505 1547 1633 1611; x_wconf 86' lang='lat' dir='ltr'><strong>XII</strong></span> <span class='ocrx_word' id='word_1_97' title='bbox 1697 1553 1761 1614; x_wconf 87' lang='lat' dir='ltr'><strong>et</strong></span> <span class='ocrx_word' id='word_1_98' title='bbox 1822 1570 1884 1634; x_wconf 90' lang='lat' dir='ltr'><strong>p.</strong></span> <span class='ocrx_word' id='word_1_99' title='bbox 1953 1547 2100 1612; x_wconf 83' lang='lat'><strong>156.</strong></span> <span class='ocrx_word' id='word_1_100' title='bbox 2165 1547 2265 1613; x_wconf 91' lang='lat' dir='ltr'><strong>Ad</strong></span> <span class='ocrx_word' id='word_1_101' title='bbox 2334 1548 2494 1611; x_wconf 78' lang='lat' dir='ltr'><strong>cedit</strong></span> <span class='ocrx_word' id='word_1_102' title='bbox 2560 1546 2904 1631; x_wconf 79' lang='lat' dir='ltr'><strong>adscripsit</strong></span> 
     </span>
     <span class='ocr_line' id='line_1_12' title="bbox 520 1651 2906 1741; baseline -0.002 -22"><span class='ocrx_word' id='word_1_103' title='bbox 520 1675 715 1741; x_wconf 80' lang='lat' dir='ltr'><strong>„goes</strong></span> <span class='ocrx_word' id='word_1_104' title='bbox 760 1654 882 1718; x_wconf 92' lang='lat' dir='ltr'><strong>on&#39;&#39;</strong></span> <span class='ocrx_word' id='word_1_105' title='bbox 930 1672 997 1718; x_wconf 83' lang='lat' dir='ltr'><strong>o:</strong></span> <span class='ocrx_word' id='word_1_106' title='bbox 1045 1655 1358 1731; x_wconf 80' lang='lat' dir='ltr'><strong>succedit,</strong></span> <span class='ocrx_word' id='word_1_107' title='bbox 1423 1676 1618 1740; x_wconf 84' lang='lat' dir='ltr'><strong>quam</strong></span> <span class='ocrx_word' id='word_1_108' title='bbox 1666 1657 1803 1719; x_wconf 91' lang='lat' dir='ltr'><strong>vim</strong></span> <span class='ocrx_word' id='word_1_109' title='bbox 1851 1656 2123 1719; x_wconf 79' lang='lat' dir='ltr'><strong>comicos</strong></span> <span class='ocrx_word' id='word_1_110' title='bbox 2166 1654 2358 1719; x_wconf 90' lang='lat' dir='ltr'><strong>verbo</strong></span> <span class='ocrx_word' id='word_1_111' title='bbox 2408 1653 2689 1718; x_wconf 86' lang='lat' dir='ltr'><strong>tribuere</strong></span> <span class='ocrx_word' id='word_1_112' title='bbox 2735 1651 2906 1716; x_wconf 85' lang='lat' dir='ltr'><strong>affir-</strong></span> 
     </span>
     <span class='ocr_line' id='line_1_13' title="bbox 518 1759 2902 1844; baseline -0 -20"><span class='ocrx_word' id='word_1_113' title='bbox 518 1766 673 1825; x_wconf 89' lang='lat' dir='ltr'><strong>mat.</strong></span> <span class='ocrx_word' id='word_1_114' title='bbox 718 1760 995 1825; x_wconf 85' lang='lat' dir='ltr'><strong>Afferam</strong></span> <span class='ocrx_word' id='word_1_115' title='bbox 1039 1780 1261 1825; x_wconf 89' lang='lat' dir='ltr'><strong>versus</strong></span> <span class='ocrx_word' id='word_1_116' title='bbox 1309 1761 1623 1825; x_wconf 86' lang='lat' dir='ltr'><strong>Aeneidos</strong></span> <span class='ocrx_word' id='word_1_117' title='bbox 1670 1759 1816 1824; x_wconf 89' lang='lat' dir='ltr'><strong>XII.</strong></span> <span class='ocrx_word' id='word_1_118' title='bbox 1872 1759 2021 1838; x_wconf 88' lang='lat'>148,</span> <span class='ocrx_word' id='word_1_119' title='bbox 2061 1760 2173 1824; x_wconf 89' lang='lat' dir='ltr'><strong>ubi</strong></span> <span class='ocrx_word' id='word_1_120' title='bbox 2211 1759 2330 1825; x_wconf 91' lang='lat' dir='ltr'><strong>hoc</strong></span> <span class='ocrx_word' id='word_1_121' title='bbox 2369 1759 2559 1824; x_wconf 91' lang='lat' dir='ltr'><strong>modo</strong></span> <span class='ocrx_word' id='word_1_122' title='bbox 2599 1761 2902 1844; x_wconf 89' lang='lat' dir='ltr'><strong>ponitur:</strong></span> 
     </span>
     <span class='ocr_line' id='line_1_14' title="bbox 519 1865 2912 1952; baseline -0.001 -23"><span class='ocrx_word' id='word_1_123' title='bbox 519 1867 861 1952; x_wconf 80' lang='lat' dir='ltr'><strong>Parcaeque</strong></span> <span class='ocrx_word' id='word_1_124' title='bbox 907 1866 1179 1929; x_wconf 66' lang='lat' dir='ltr'><strong>sinebant</strong></span> <span class='ocrx_word' id='word_1_125' title='bbox 1224 1868 1427 1931; x_wconf 78' lang='lat' dir='ltr'><strong>cedere</strong></span> <span class='ocrx_word' id='word_1_126' title='bbox 1473 1890 1567 1931; x_wconf 72' lang='lat' dir='ltr'><strong>res</strong></span> <span class='ocrx_word' id='word_1_127' title='bbox 1611 1867 1791 1930; x_wconf 73' lang='lat' dir='ltr'><strong>Latio</strong></span> <span class='ocrx_word' id='word_1_128' title='bbox 1809 1916 1826 1945; x_wconf 96' lang='lat'><strong>,</strong></span> <span class='ocrx_word' id='word_1_129' title='bbox 1868 1872 1932 1932; x_wconf 86' lang='lat' dir='ltr'><strong>et</strong></span> <span class='ocrx_word' id='word_1_130' title='bbox 1972 1866 2119 1930; x_wconf 88' lang='lat' dir='ltr'><strong>XII.</strong></span> <span class='ocrx_word' id='word_1_131' title='bbox 2166 1865 2328 1931; x_wconf 85' lang='lat'><strong>183:</strong></span> <span class='ocrx_word' id='word_1_132' title='bbox 2365 1866 2616 1930; x_wconf 57' lang='lat' dir='ltr'><strong>Cessent</strong></span> <span class='ocrx_word' id='word_1_133' title='bbox 2639 1865 2912 1929; x_wconf 54' lang='lat' dir='ltr'><strong>Ausonio</strong></span> 
     </span>
     <span class='ocr_line' id='line_1_15' title="bbox 518 1972 1325 2059; baseline 0 -22"><span class='ocrx_word' id='word_1_134' title='bbox 518 1973 574 2037; x_wconf 75' lang='lat' dir='ltr'><strong>si</strong></span> <span class='ocrx_word' id='word_1_135' title='bbox 603 1975 756 2059; x_wconf 71' lang='lat' dir='ltr'><strong>fore</strong></span> <span class='ocrx_word' id='word_1_136' title='bbox 801 1972 1057 2036; x_wconf 75' lang='lat' dir='ltr'><strong>victoria</strong></span> <span class='ocrx_word' id='word_1_137' title='bbox 1110 1973 1325 2037; x_wconf 76' lang='lat' dir='ltr'><strong>Turno·</strong></span> 
     </span>
    </p>
   </div>
   <div class='ocr_carea' id='block_1_5' title="bbox 519 2188 2910 2490">
    <p class='ocr_par' dir='ltr' id='par_1_5' title="bbox 519 2188 2910 2490">
     <span class='ocr_line' id='line_1_16' title="bbox 607 2188 2908 2277; baseline 0 -22"><span class='ocrx_word' id='word_1_138' title='bbox 607 2190 754 2256; x_wconf 91' lang='lat' dir='ltr'><strong>IIII.</strong></span> <span class='ocrx_word' id='word_1_139' title='bbox 810 2188 915 2269; x_wconf 81' lang='lat'><strong>1¹7,</strong></span> <span class='ocrx_word' id='word_1_140' title='bbox 944 2190 1005 2255; x_wconf 87' lang='grc'><strong>4.</strong></span> <span class='ocrx_word' id='word_1_141' title='bbox 1058 2192 1176 2255; x_wconf 78' lang='lat' dir='ltr'><strong>Sed</strong></span> <span class='ocrx_word' id='word_1_142' title='bbox 1218 2198 1459 2255; x_wconf 69' lang='lat' dir='ltr'><strong>senatus</strong></span> <span class='ocrx_word' id='word_1_143' title='bbox 1504 2190 1682 2253; x_wconf 74' lang='lat' dir='ltr'><strong>hodie</strong></span> <span class='ocrx_word' id='word_1_144' title='bbox 1710 2190 1940 2276; x_wconf 74' lang='lat' dir='ltr'><strong>fuerat</strong></span> <span class='ocrx_word' id='word_1_145' title='bbox 1970 2191 2238 2277; x_wconf 67' lang='lat' dir='ltr'><strong>summ</strong></span> <span class='ocrx_word' id='word_1_146' title='bbox 2255 2239 2270 2268; x_wconf 91' lang='lat'><strong>,</strong></span> <span class='ocrx_word' id='word_1_147' title='bbox 2319 2190 2393 2254; x_wconf 79' lang='lat' dir='ltr'><strong>id</strong></span> <span class='ocrx_word' id='word_1_148' title='bbox 2427 2198 2515 2255; x_wconf 74' lang='lat' dir='ltr'><strong>eet</strong></span> <span class='ocrx_word' id='word_1_149' title='bbox 2532 2240 2548 2269; x_wconf 92' lang='lat'><strong>,</strong></span> <span class='ocrx_word' id='word_1_150' title='bbox 2593 2192 2663 2254; x_wconf 85' lang='lat' dir='ltr'><em>K</em></span> <span class='ocrx_word' id='word_1_151' title='bbox 2653 2192 2737 2255; x_wconf 79' lang='lat' dir='ltr'><strong>al.</strong></span> <span class='ocrx_word' id='word_1_152' title='bbox 2775 2192 2908 2255; x_wconf 75' lang='lat' dir='ltr'><strong>oet.</strong></span> 
     </span>
     <span class='ocr_line' id='line_1_17' title="bbox 519 2296 2910 2383; baseline -0.002 -20"><span class='ocrx_word' id='word_1_153' title='bbox 519 2298 594 2363; x_wconf 92' lang='lat' dir='ltr'><strong>In</strong></span> <span class='ocrx_word' id='word_1_154' title='bbox 676 2298 894 2363; x_wconf 87' lang='lat' dir='ltr'><strong>eadem</strong></span> <span class='ocrx_word' id='word_1_155' title='bbox 964 2298 1081 2362; x_wconf 89' lang='lat' dir='ltr'><strong>hac</strong></span> <span class='ocrx_word' id='word_1_156' title='bbox 1152 2298 1187 2382; x_wconf 57' lang='grc' dir='ltr'>ᾖ</span> <span class='ocrx_word' id='word_1_157' title='bbox 1246 2296 1527 2383; x_wconf 84' lang='lat' dir='ltr'><strong>legimus</strong></span> <span class='ocrx_word' id='word_1_158' title='bbox 1586 2296 1741 2360; x_wconf 86' lang='lat' dir='ltr'><strong>haec</strong></span> <span class='ocrx_word' id='word_1_159' title='bbox 1803 2299 2038 2381; x_wconf 86' lang='lat' dir='ltr'><strong>scripta</strong></span> <span class='ocrx_word' id='word_1_160' title='bbox 2108 2317 2242 2362; x_wconf 91' lang='lat' dir='ltr'><strong>esse</strong></span> <span class='ocrx_word' id='word_1_161' title='bbox 2295 2297 2512 2379; x_wconf 62' lang='lat' dir='ltr'><strong>predic</strong></span> <span class='ocrx_word' id='word_1_162' title='bbox 2571 2297 2716 2361; x_wconf 81' lang='lat' dir='ltr'><strong>Kal.</strong></span> <span class='ocrx_word' id='word_1_163' title='bbox 2776 2297 2910 2360; x_wconf 72' lang='lat' dir='ltr'><strong>Oct.</strong></span> 
     </span>
     <span class='ocr_line' id='line_1_18' title="bbox 522 2402 2908 2490; baseline -0 -22"><span class='ocrx_word' id='word_1_164' title='bbox 522 2405 738 2484; x_wconf 79' lang='lat' dir='ltr'><strong>Quum</strong></span> <span class='ocrx_word' id='word_1_165' title='bbox 777 2404 1021 2469; x_wconf 89' lang='lat' dir='ltr'><strong>videret</strong></span> <span class='ocrx_word' id='word_1_166' title='bbox 1057 2403 1373 2469; x_wconf 88' lang='lat' dir='ltr'><strong>lucescere</strong></span> <span class='ocrx_word' id='word_1_167' title='bbox 1393 2451 1409 2481; x_wconf 91' lang='lat'><strong>,</strong></span> <span class='ocrx_word' id='word_1_168' title='bbox 1456 2404 1672 2487; x_wconf 85' lang='lat' dir='ltr'><strong>itaque</strong></span> <span class='ocrx_word' id='word_1_169' title='bbox 1712 2423 1956 2467; x_wconf 87' lang='lat' dir='ltr'><strong>novum</strong></span> <span class='ocrx_word' id='word_1_170' title='bbox 1996 2402 2168 2467; x_wconf 89' lang='lat' dir='ltr'><strong>diem</strong></span> <span class='ocrx_word' id='word_1_171' title='bbox 2191 2405 2495 2489; x_wconf 88' lang='lat' dir='ltr'><strong>incipere,</strong></span> <span class='ocrx_word' id='word_1_172' title='bbox 2521 2424 2588 2469; x_wconf 90' lang='lat' dir='ltr'><strong>se</strong></span> <span class='ocrx_word' id='word_1_173' title='bbox 2615 2405 2908 2490; x_wconf 80' lang='lat' dir='ltr'><strong>corrig-it.</strong></span> 
     </span>
    </p>
   </div>
   <div class='ocr_carea' id='block_1_6' title="bbox 507 2620 2916 3217">
    <p class='ocr_par' dir='ltr' id='par_1_6' title="bbox 507 2620 2916 3217">
     <span class='ocr_line' id='line_1_19' title="bbox 611 2620 2908 2708; baseline 0 -23"><span class='ocrx_word' id='word_1_174' title='bbox 611 2621 687 2686; x_wconf 84' lang='lat' dir='ltr'><strong>V.</strong></span> <span class='ocrx_word' id='word_1_175' title='bbox 740 2620 799 2701; x_wconf 89' lang='lat'><strong>3,</strong></span> <span class='ocrx_word' id='word_1_176' title='bbox 832 2621 890 2686; x_wconf 86' lang='grc'><strong>1.</strong></span> <span class='ocrx_word' id='word_1_177' title='bbox 946 2622 1108 2703; x_wconf 73' lang='lat' dir='ltr'><strong>Quid</strong></span> <span class='ocrx_word' id='word_1_178' title='bbox 1152 2623 1224 2684; x_wconf 91' lang='lat' dir='ltr'><strong>de</strong></span> <span class='ocrx_word' id='word_1_179' title='bbox 1271 2620 1366 2684; x_wconf 70' lang='lat' dir='ltr'><strong>his</strong></span> <span class='ocrx_word' id='word_1_180' title='bbox 1410 2622 1628 2702; x_wconf 67' lang='lat' dir='ltr'><strong>coqitee</strong></span> <span class='ocrx_word' id='word_1_181' title='bbox 1672 2628 1730 2684; x_wconf 75' lang='lat' dir='ltr'><strong>et</strong></span> <span class='ocrx_word' id='word_1_182' title='bbox 1766 2623 2002 2706; x_wconf 75' lang='lat' dir='ltr'><strong>quando</strong></span> <span class='ocrx_word' id='word_1_183' title='bbox 2042 2643 2196 2685; x_wconf 62' lang='lat' dir='ltr'><strong>scere</strong></span> <span class='ocrx_word' id='word_1_184' title='bbox 2234 2621 2430 2685; x_wconf 71' lang='lat' dir='ltr'><strong>vebim.</strong></span> <span class='ocrx_word' id='word_1_185' title='bbox 2484 2620 2862 2708; x_wconf 79' lang='lat' dir='ltr'><strong>Madvigius</strong></span> <span class='ocrx_word' id='word_1_186' title='bbox 2889 2670 2908 2699; x_wconf 91' lang='lat'><strong>,</strong></span> 
     </span>
     <span class='ocr_line' id='line_1_20' title="bbox 521 2726 2916 2813; baseline 0 -21"><span class='ocrx_word' id='word_1_187' title='bbox 521 2730 703 2793; x_wconf 88' lang='lat' dir='ltr'><strong>cuius</strong></span> <span class='ocrx_word' id='word_1_188' title='bbox 747 2728 940 2792; x_wconf 88' lang='lat' dir='ltr'><strong>verba</strong></span> <span class='ocrx_word' id='word_1_189' title='bbox 986 2728 1065 2791; x_wconf 90' lang='lat' dir='ltr'><strong>ad</strong></span> <span class='ocrx_word' id='word_1_190' title='bbox 1106 2727 1170 2791; x_wconf 93' lang='lat' dir='ltr'><strong>h.</strong></span> <span class='ocrx_word' id='word_1_191' title='bbox 1196 2726 1240 2791; x_wconf 93' lang='lat'><strong>1.</strong></span> <span class='ocrx_word' id='word_1_192' title='bbox 1292 2729 1520 2803; x_wconf 83' lang='lat' dir='ltr'><strong>citavi,</strong></span> <span class='ocrx_word' id='word_1_193' title='bbox 1569 2732 1738 2792; x_wconf 89' lang='lat' dir='ltr'><strong>recte</strong></span> <span class='ocrx_word' id='word_1_194' title='bbox 1785 2728 2047 2793; x_wconf 89' lang='lat' dir='ltr'><strong>videtur</strong></span> <span class='ocrx_word' id='word_1_195' title='bbox 2090 2728 2244 2793; x_wconf 90' lang='lat' dir='ltr'><strong>haec</strong></span> <span class='ocrx_word' id='word_1_196' title='bbox 2291 2730 2604 2813; x_wconf 88' lang='lat' dir='ltr'><strong>accepisse</strong></span> <span class='ocrx_word' id='word_1_197' title='bbox 2653 2727 2730 2793; x_wconf 91' lang='lat' dir='ltr'><strong>de</strong></span> <span class='ocrx_word' id='word_1_198' title='bbox 2767 2748 2916 2813; x_wconf 91' lang='lat' dir='ltr'><strong>pro-</strong></span> 
     </span>
     <span class='ocr_line' id='line_1_21' title="bbox 522 2830 2914 2919; baseline 0 -22"><span class='ocrx_word' id='word_1_199' title='bbox 522 2834 789 2899; x_wconf 89' lang='lat' dir='ltr'><strong>fectione</strong></span> <span class='ocrx_word' id='word_1_200' title='bbox 836 2835 1071 2910; x_wconf 88' lang='lat' dir='ltr'><strong>Attici,</strong></span> <span class='ocrx_word' id='word_1_201' title='bbox 1121 2854 1315 2918; x_wconf 82' lang='lat' dir='ltr'><strong>quam</strong></span> <span class='ocrx_word' id='word_1_202' title='bbox 1363 2830 1583 2899; x_wconf 82' lang='lat' dir='ltr'><strong>Cicero</strong></span> <span class='ocrx_word' id='word_1_203' title='bbox 1628 2836 1866 2898; x_wconf 85' lang='lat' dir='ltr'><strong>instare</strong></span> <span class='ocrx_word' id='word_1_204' title='bbox 1915 2834 2168 2898; x_wconf 84' lang='lat' dir='ltr'><strong>sciebat.</strong></span> <span class='ocrx_word' id='word_1_205' title='bbox 2221 2830 2316 2899; x_wconf 84' lang='lat' dir='ltr'><strong>Of.</strong></span> <span class='ocrx_word' id='word_1_206' title='bbox 2369 2854 2468 2919; x_wconf 92' lang='lat' dir='ltr'><strong>ep.</strong></span> <span class='ocrx_word' id='word_1_207' title='bbox 2523 2833 2582 2911; x_wconf 88' lang='lat'><strong>5,</strong></span> <span class='ocrx_word' id='word_1_208' title='bbox 2620 2832 2662 2897; x_wconf 82' lang='lat'>2</span> <span class='ocrx_word' id='word_1_209' title='bbox 2710 2856 2914 2919; x_wconf 74' lang='lat' dir='ltr'><em>quam-</em></span> 
     </span>
     <span class='ocr_line' id='line_1_22' title="bbox 523 2938 2914 3026; baseline 0.001 -24"><span class='ocrx_word' id='word_1_210' title='bbox 523 2940 633 3003; x_wconf 80' lang='lat' dir='ltr'><strong>diu</strong></span> <span class='ocrx_word' id='word_1_211' title='bbox 680 2941 901 3003; x_wconf 78' lang='lat' dir='ltr'><strong>Romae</strong></span> <span class='ocrx_word' id='word_1_212' title='bbox 928 2941 1196 3024; x_wconf 71' lang='lat' dir='ltr'><strong>futurus</strong></span> <span class='ocrx_word' id='word_1_213' title='bbox 1232 2939 1349 3015; x_wconf 73' lang='lat' dir='ltr'><strong>eie,</strong></span> <span class='ocrx_word' id='word_1_214' title='bbox 1400 2961 1496 3026; x_wconf 93' lang='lat' dir='ltr'><strong>ep.</strong></span> <span class='ocrx_word' id='word_1_215' title='bbox 1543 2938 1605 3017; x_wconf 87' lang='lat'><strong>6,</strong></span> <span class='ocrx_word' id='word_1_216' title='bbox 1634 2939 1674 3004; x_wconf 84' lang='lat'>2</span> <span class='ocrx_word' id='word_1_217' title='bbox 1715 2940 1995 3003; x_wconf 61' lang='lat' dir='ltr'><strong>dubitem?</strong></span> <span class='ocrx_word' id='word_1_218' title='bbox 2034 2941 2330 3004; x_wconf 76' lang='lat' dir='ltr'><strong>Romaene</strong></span> <span class='ocrx_word' id='word_1_219' title='bbox 2367 2941 2453 3003; x_wconf 70' lang='lat' dir='ltr'><strong>sis</strong></span> <span class='ocrx_word' id='word_1_220' title='bbox 2494 2964 2576 3003; x_wconf 74' lang='lat' dir='ltr'><strong>em</strong></span> <span class='ocrx_word' id='word_1_221' title='bbox 2615 2940 2735 3003; x_wconf 79' lang='lat' dir='ltr'><strong>iam</strong></span> <span class='ocrx_word' id='word_1_222' title='bbox 2760 2962 2914 3024; x_wconf 81' lang='lat' dir='ltr'><strong>pro-</strong></span> 
     </span>
     <span class='ocr_line' id='line_1_23' title="bbox 507 3045 2912 3133; baseline 0 -23"><span class='ocrx_word' id='word_1_223' title='bbox 507 3048 739 3133; x_wconf 72' lang='lat' dir='ltr'><strong>fectus.</strong></span> <span class='ocrx_word' id='word_1_224' title='bbox 803 3045 1116 3110; x_wconf 90' lang='lat' dir='ltr'><strong>Mendum</strong></span> <span class='ocrx_word' id='word_1_225' title='bbox 1162 3048 1378 3130; x_wconf 88' lang='lat' dir='ltr'><strong>itaque</strong></span> <span class='ocrx_word' id='word_1_226' title='bbox 1426 3052 1523 3110; x_wconf 92' lang='lat' dir='ltr'><strong>est</strong></span> <span class='ocrx_word' id='word_1_227' title='bbox 1567 3048 1636 3109; x_wconf 91' lang='lat' dir='ltr'><strong>in</strong></span> <span class='ocrx_word' id='word_1_228' title='bbox 1682 3047 1756 3109; x_wconf 84' lang='lat' dir='ltr'><strong>de</strong></span> <span class='ocrx_word' id='word_1_229' title='bbox 1801 3046 1930 3124; x_wconf 70' lang='lat' dir='ltr'><strong>hie,</strong></span> <span class='ocrx_word' id='word_1_230' title='bbox 1989 3068 2102 3131; x_wconf 90' lang='lat' dir='ltr'><strong>pro</strong></span> <span class='ocrx_word' id='word_1_231' title='bbox 2151 3067 2275 3131; x_wconf 91' lang='lat' dir='ltr'><strong>quo</strong></span> <span class='ocrx_word' id='word_1_232' title='bbox 2322 3045 2587 3111; x_wconf 87' lang='lat' dir='ltr'><strong>fortasse</strong></span> <span class='ocrx_word' id='word_1_233' title='bbox 2635 3047 2912 3112; x_wconf 88' lang='lat' dir='ltr'><strong>scriben-</strong></span> 
     </span>
     <span class='ocr_line' id='line_1_24' title="bbox 526 3152 1131 3217; baseline -0.003 0"><span class='ocrx_word' id='word_1_234' title='bbox 526 3153 681 3217; x_wconf 90' lang='lat' dir='ltr'><strong>dum</strong></span> <span class='ocrx_word' id='word_1_235' title='bbox 730 3154 803 3215; x_wconf 81' lang='lat' dir='ltr'><strong>de</strong></span> <span class='ocrx_word' id='word_1_236' title='bbox 850 3152 1131 3215; x_wconf 68' lang='lat' dir='ltr'><strong>discessu.</strong></span> 
     </span>
    </p>
   </div>
   <div class='ocr_carea' id='block_1_7' title="bbox 527 3353 2917 4183">
    <p class='ocr_par' dir='ltr' id='par_1_7' title="bbox 527 3353 2917 4183">
     <span class='ocr_line' id='line_1_25' title="bbox 617 3353 2917 3436; baseline 0.002 -19"><span class='ocrx_word' id='word_1_237' title='bbox 617 3354 691 3419; x_wconf 93' lang='lat' dir='ltr'><strong>V.</strong></span> <span class='ocrx_word' id='word_1_238' title='bbox 743 3353 804 3431; x_wconf 87' lang='lat'><strong>4,</strong></span> <span class='ocrx_word' id='word_1_239' title='bbox 833 3353 894 3419; x_wconf 85' lang='lat'><strong>3.</strong></span> <span class='ocrx_word' id='word_1_240' title='bbox 943 3362 1009 3417; x_wconf 77' lang='lat' dir='ltr'><strong>ut</strong></span> <span class='ocrx_word' id='word_1_241' title='bbox 1057 3377 1228 3435; x_wconf 71' lang='lat' dir='ltr'><strong>aqam</strong></span> <span class='ocrx_word' id='word_1_242' title='bbox 1275 3354 1553 3436; x_wconf 71' lang='lat' dir='ltr'><strong>ampbiue.</strong></span> <span class='ocrx_word' id='word_1_243' title='bbox 1602 3354 1676 3419; x_wconf 91' lang='lat' dir='ltr'><strong>In</strong></span> <span class='ocrx_word' id='word_1_244' title='bbox 1721 3354 1822 3419; x_wconf 90' lang='lat' dir='ltr'><strong>his</strong></span> <span class='ocrx_word' id='word_1_245' title='bbox 1868 3354 2229 3420; x_wconf 85' lang='lat' dir='ltr'><strong>enarrandis</strong></span> <span class='ocrx_word' id='word_1_246' title='bbox 2269 3360 2526 3421; x_wconf 87' lang='lat' dir='ltr'><strong>secutus</strong></span> <span class='ocrx_word' id='word_1_247' title='bbox 2568 3377 2716 3421; x_wconf 86' lang='lat' dir='ltr'><strong>sum</strong></span> <span class='ocrx_word' id='word_1_248' title='bbox 2755 3354 2917 3421; x_wconf 79' lang='lat' dir='ltr'><strong>Gro-</strong></span> 
     </span>
     <span class='ocr_line' id='line_1_26' title="bbox 527 3459 2914 3548; baseline 0.001 -23"><span class='ocrx_word' id='word_1_249' title='bbox 527 3464 829 3539; x_wconf 89' lang='lat' dir='ltr'><strong>novium,</strong></span> <span class='ocrx_word' id='word_1_250' title='bbox 879 3460 988 3525; x_wconf 92' lang='lat' dir='ltr'><strong>sed</strong></span> <span class='ocrx_word' id='word_1_251' title='bbox 1033 3481 1384 3546; x_wconf 87' lang='lat' dir='ltr'><strong>perperam.</strong></span> <span class='ocrx_word' id='word_1_252' title='bbox 1434 3459 1640 3526; x_wconf 87' lang='lat' dir='ltr'><strong>Verba</strong></span> <span class='ocrx_word' id='word_1_253' title='bbox 1675 3480 1800 3525; x_wconf 90' lang='lat' dir='ltr'><strong>non</strong></span> <span class='ocrx_word' id='word_1_254' title='bbox 1839 3461 2114 3547; x_wconf 90' lang='lat' dir='ltr'><strong>pendent</strong></span> <span class='ocrx_word' id='word_1_255' title='bbox 2153 3460 2232 3526; x_wconf 86' lang='lat' dir='ltr'><strong>ab</strong></span> <span class='ocrx_word' id='word_1_256' title='bbox 2276 3462 2467 3544; x_wconf 83' lang='lat' dir='ltr'><strong>effice,</strong></span> <span class='ocrx_word' id='word_1_257' title='bbox 2495 3463 2604 3528; x_wconf 89' lang='lat' dir='ltr'><strong>sed</strong></span> <span class='ocrx_word' id='word_1_258' title='bbox 2626 3460 2914 3548; x_wconf 88' lang='lat' dir='ltr'><strong>reliquae</strong></span> 
     </span>
     <span class='ocr_line' id='line_1_27' title="bbox 530 3565 2912 3654; baseline 0 -21"><span class='ocrx_word' id='word_1_259' title='bbox 530 3570 803 3633; x_wconf 89' lang='lat' dir='ltr'><strong>orationi</strong></span> <span class='ocrx_word' id='word_1_260' title='bbox 860 3570 1373 3652; x_wconf 89' lang='lat' dir='ltr'><strong>interponuntur.</strong></span> <span class='ocrx_word' id='word_1_261' title='bbox 1448 3565 1666 3633; x_wconf 84' lang='lat' dir='ltr'><strong>Cicero</strong></span> <span class='ocrx_word' id='word_1_262' title='bbox 1727 3567 2020 3633; x_wconf 89' lang='lat' dir='ltr'><strong>Atticum</strong></span> <span class='ocrx_word' id='word_1_263' title='bbox 2085 3572 2271 3653; x_wconf 86' lang='lat' dir='ltr'><strong>rogat</strong></span> <span class='ocrx_word' id='word_1_264' title='bbox 2289 3616 2304 3644; x_wconf 94' lang='lat'><strong>,</strong></span> <span class='ocrx_word' id='word_1_265' title='bbox 2368 3574 2443 3632; x_wconf 89' lang='lat' dir='ltr'><strong>ut</strong></span> <span class='ocrx_word' id='word_1_266' title='bbox 2505 3589 2655 3633; x_wconf 90' lang='lat' dir='ltr'><strong>cum</strong></span> <span class='ocrx_word' id='word_1_267' title='bbox 2702 3566 2912 3654; x_wconf 91' lang='lat' dir='ltr'><strong>Oppio</strong></span> 
     </span>
     <span class='ocr_line' id='line_1_28' title="bbox 528 3672 2914 3761; baseline 0 -23"><span class='ocrx_word' id='word_1_268' title='bbox 528 3675 844 3759; x_wconf 80' lang='lat' dir='ltr'><strong>transigat</strong></span> <span class='ocrx_word' id='word_1_269' title='bbox 890 3678 955 3737; x_wconf 91' lang='lat' dir='ltr'><strong>et</strong></span> <span class='ocrx_word' id='word_1_270' title='bbox 1001 3672 1119 3737; x_wconf 91' lang='lat' dir='ltr'><strong>hoc</strong></span> <span class='ocrx_word' id='word_1_271' title='bbox 1166 3673 1387 3750; x_wconf 85' lang='lat' dir='ltr'><strong>faciat,</strong></span> <span class='ocrx_word' id='word_1_272' title='bbox 1438 3678 1782 3757; x_wconf 89' lang='lat' dir='ltr'><strong>antequam</strong></span> <span class='ocrx_word' id='word_1_273' title='bbox 1827 3672 2100 3738; x_wconf 88' lang='lat' dir='ltr'><strong>Romam</strong></span> <span class='ocrx_word' id='word_1_274' title='bbox 2139 3672 2472 3759; x_wconf 86' lang='lat' dir='ltr'><strong>relinquat.</strong></span> <span class='ocrx_word' id='word_1_275' title='bbox 2514 3673 2687 3761; x_wconf 81' lang='lat' dir='ltr'><strong>Ergo</strong></span> <span class='ocrx_word' id='word_1_276' title='bbox 2713 3676 2914 3760; x_wconf 86' lang='lat' dir='ltr'><strong>priori</strong></span> 
     </span>
     <span class='ocr_line' id='line_1_29' title="bbox 528 3778 2910 3865; baseline -0 -21"><span class='ocrx_word' id='word_1_277' title='bbox 528 3781 823 3865; x_wconf 89' lang='lat' dir='ltr'><strong>petitioni</strong></span> <span class='ocrx_word' id='word_1_278' title='bbox 884 3778 1060 3843; x_wconf 89' lang='lat' dir='ltr'><strong>addit</strong></span> <span class='ocrx_word' id='word_1_279' title='bbox 1120 3799 1373 3844; x_wconf 88' lang='lat' dir='ltr'><strong>novam.</strong></span> <span class='ocrx_word' id='word_1_280' title='bbox 1446 3778 1587 3844; x_wconf 89' lang='lat' dir='ltr'><strong>Hoc</strong></span> <span class='ocrx_word' id='word_1_281' title='bbox 1645 3778 1925 3844; x_wconf 88' lang='lat' dir='ltr'><strong>&#39;declarat</strong></span> <span class='ocrx_word' id='word_1_282' title='bbox 1969 3779 2217 3845; x_wconf 89' lang='lat' dir='ltr'><strong>verbis:</strong></span> <span class='ocrx_word' id='word_1_283' title='bbox 2283 3786 2349 3843; x_wconf 72' lang='lat' dir='ltr'><strong>ut</strong></span> <span class='ocrx_word' id='word_1_284' title='bbox 2396 3803 2568 3860; x_wconf 72' lang='lat' dir='ltr'><strong>aqam</strong></span> <span class='ocrx_word' id='word_1_285' title='bbox 2614 3780 2910 3863; x_wconf 75' lang='lat' dir='ltr'><strong>ampbiue,</strong></span> 
     </span>
     <span class='ocr_line' id='line_1_30' title="bbox 529 3882 2910 3971; baseline 0 -22"><span class='ocrx_word' id='word_1_286' title='bbox 529 3906 688 3971; x_wconf 90' lang='lat' dir='ltr'><strong>quae</strong></span> <span class='ocrx_word' id='word_1_287' title='bbox 758 3884 931 3949; x_wconf 91' lang='lat' dir='ltr'><strong>idem</strong></span> <span class='ocrx_word' id='word_1_288' title='bbox 1001 3882 1216 3949; x_wconf 89' lang='lat' dir='ltr'><strong>valent</strong></span> <span class='ocrx_word' id='word_1_289' title='bbox 1286 3906 1356 3949; x_wconf 89' lang='lat' dir='ltr'><strong>ac</strong></span> <span class='ocrx_word' id='word_1_290' title='bbox 1420 3886 1476 3949; x_wconf 90' lang='lat' dir='ltr'><strong>si</strong></span> <span class='ocrx_word' id='word_1_291' title='bbox 1536 3886 1920 3969; x_wconf 85' lang='lat' dir='ltr'><strong>scripsisset:</strong></span> <span class='ocrx_word' id='word_1_292' title='bbox 1985 3890 2062 3949; x_wconf 88' lang='lat' dir='ltr'><strong>ut</strong></span> <span class='ocrx_word' id='word_1_293' title='bbox 2122 3884 2268 3970; x_wconf 88' lang='lat' dir='ltr'><strong>plus</strong></span> <span class='ocrx_word' id='word_1_294' title='bbox 2316 3905 2353 3950; x_wconf 87' lang='lat' dir='ltr'><strong>a</strong></span> <span class='ocrx_word' id='word_1_295' title='bbox 2401 3891 2466 3951; x_wconf 87' lang='lat' dir='ltr'><strong>te</strong></span> <span class='ocrx_word' id='word_1_296' title='bbox 2512 3886 2910 3952; x_wconf 89' lang='lat' dir='ltr'><strong>contendam.</strong></span> 
     </span>
     <span class='ocr_line' id='line_1_31' title="bbox 528 3988 2914 4077; baseline 0 -21"><span class='ocrx_word' id='word_1_297' title='bbox 528 3991 721 4056; x_wconf 86' lang='lat' dir='ltr'><strong>Recte</strong></span> <span class='ocrx_word' id='word_1_298' title='bbox 781 3988 1111 4077; x_wconf 81' lang='lat' dir='ltr'><strong>&#39;Pyrrellus</strong></span> <span class='ocrx_word' id='word_1_299' title='bbox 1175 3993 1415 4076; x_wconf 89' lang='lat' dir='ltr'><strong>sprevit</strong></span> <span class='ocrx_word' id='word_1_300' title='bbox 1461 3989 1817 4055; x_wconf 87' lang='lat' dir='ltr'><strong>Lehmanni</strong></span> <span class='ocrx_word' id='word_1_301' title='bbox 1863 3994 2293 4055; x_wconf 84' lang='lat' dir='ltr'><strong>coniecturam</strong></span> <span class='ocrx_word' id='word_1_302' title='bbox 2315 4039 2329 4067; x_wconf 92' lang='lat'><strong>,</strong></span> <span class='ocrx_word' id='word_1_303' title='bbox 2379 3994 2492 4076; x_wconf 91' lang='lat' dir='ltr'><strong>qui</strong></span> <span class='ocrx_word' id='word_1_304' title='bbox 2540 3992 2798 4075; x_wconf 73' lang='lat' dir='ltr'><strong>ampbiue</strong></span> <span class='ocrx_word' id='word_1_305' title='bbox 2841 3994 2914 4057; x_wconf 87' lang='lat' dir='ltr'><strong>in</strong></span> 
     </span>
     <span class='ocr_line' id='line_1_32' title="bbox 529 4094 2341 4183; baseline 0 -22"><span class='ocrx_word' id='word_1_306' title='bbox 529 4097 799 4181; x_wconf 64' lang='lat' dir='ltr'><strong>apertius</strong></span> <span class='ocrx_word' id='word_1_307' title='bbox 843 4096 1228 4162; x_wconf 88' lang='lat' dir='ltr'><strong>mutandum</strong></span> <span class='ocrx_word' id='word_1_308' title='bbox 1274 4098 1549 4174; x_wconf 86' lang='lat' dir='ltr'><strong>censuit,</strong></span> <span class='ocrx_word' id='word_1_309' title='bbox 1602 4094 1857 4176; x_wconf 83' lang='lat' dir='ltr'><strong>Quaest.</strong></span> <span class='ocrx_word' id='word_1_310' title='bbox 1907 4094 2075 4161; x_wconf 83' lang='lat' dir='ltr'><strong>Tull.</strong></span> <span class='ocrx_word' id='word_1_311' title='bbox 2127 4120 2188 4183; x_wconf 94' lang='lat' dir='ltr'><strong>p.</strong></span> <span class='ocrx_word' id='word_1_312' title='bbox 2235 4096 2341 4161; x_wconf 80' lang='lat'><strong>32.</strong></span> 
     </span>
    </p>
   </div>
   <div class='ocr_carea' id='block_1_8' title="bbox 528 4299 2911 4497">
    <p class='ocr_par' dir='ltr' id='par_1_8' title="bbox 528 4299 2911 4497">
     <span class='ocr_line' id='line_1_33' title="bbox 620 4299 2911 4388; baseline 0 -23"><span class='ocrx_word' id='word_1_313' title='bbox 620 4300 695 4365; x_wconf 87' lang='lat' dir='ltr'><strong>V.</strong></span> <span class='ocrx_word' id='word_1_314' title='bbox 760 4300 822 4378; x_wconf 83' lang='lat'><strong>8,</strong></span> <span class='ocrx_word' id='word_1_315' title='bbox 866 4300 933 4367; x_wconf 60' lang='lat'><strong>3»</strong></span> <span class='ocrx_word' id='word_1_316' title='bbox 992 4301 1163 4365; x_wconf 73' lang='lat' dir='ltr'><strong>nihil·</strong></span> <span class='ocrx_word' id='word_1_317' title='bbox 1214 4299 1381 4365; x_wconf 68' lang='lat' dir='ltr'><strong>nobis</strong></span> <span class='ocrx_word' id='word_1_318' title='bbox 1423 4300 1654 4386; x_wconf 78' lang='lat' dir='ltr'><strong>fuerat</strong></span> <span class='ocrx_word' id='word_1_319' title='bbox 1701 4300 1876 4364; x_wconf 58' lang='lat' dir='ltr'><strong>taxati.</strong></span> <span class='ocrx_word' id='word_1_320' title='bbox 1946 4299 2211 4367; x_wconf 84' lang='lat' dir='ltr'><strong>Temere</strong></span> <span class='ocrx_word' id='word_1_321' title='bbox 2256 4303 2326 4365; x_wconf 86' lang='lat' dir='ltr'><strong>in</strong></span> <span class='ocrx_word' id='word_1_322' title='bbox 2371 4302 2472 4365; x_wconf 85' lang='lat' dir='ltr'><strong>his</strong></span> <span class='ocrx_word' id='word_1_323' title='bbox 2519 4299 2911 4388; x_wconf 80' lang='lat' dir='ltr'><strong>explicandis</strong></span> 
     </span>
     <span class='ocr_line' id='line_1_34' title="bbox 528 4404 2908 4497; baseline 0 -25"><span class='ocrx_word' id='word_1_324' title='bbox 528 4407 850 4497; x_wconf 81' lang='lat' dir='ltr'><strong>Madvigii</strong></span> <span class='ocrx_word' id='word_1_325' title='bbox 897 4412 1239 4477; x_wconf 87' lang='lat' dir='ltr'><strong>auctoritas</strong></span> <span class='ocrx_word' id='word_1_326' title='bbox 1286 4407 1429 4497; x_wconf 89' lang='lat' dir='ltr'><strong>plus</strong></span> <span class='ocrx_word' id='word_1_327' title='bbox 1479 4406 1648 4491; x_wconf 88' lang='lat' dir='ltr'><strong>apud</strong></span> <span class='ocrx_word' id='word_1_328' title='bbox 1695 4427 1800 4472; x_wconf 91' lang='lat' dir='ltr'><strong>me</strong></span> <span class='ocrx_word' id='word_1_329' title='bbox 1847 4405 2090 4485; x_wconf 89' lang='lat' dir='ltr'><strong>valuit,</strong></span> <span class='ocrx_word' id='word_1_330' title='bbox 2139 4426 2333 4492; x_wconf 91' lang='lat' dir='ltr'><strong>quam</strong></span> <span class='ocrx_word' id='word_1_331' title='bbox 2371 4406 2419 4471; x_wconf 94' lang='grc' dir='ltr'><strong>Ι.</strong></span> <span class='ocrx_word' id='word_1_332' title='bbox 2460 4406 2530 4473; x_wconf 88' lang='lat' dir='ltr'><strong>F.</strong></span> <span class='ocrx_word' id='word_1_333' title='bbox 2574 4404 2908 4477; x_wconf 80' lang='lat' dir='ltr'><strong>Gronovii.</strong></span> 
     </span>
    </p>
   </div>
   <div class='ocr_carea' id='block_1_9' title="bbox 3157 1388 3164 3045">
    <p class='ocr_par' dir='ltr' id='par_1_9' title="bbox 3157 1388 3164 3045">
     <span class='ocr_line' id='line_1_35' title="bbox 3157 1388 3164 3045; baseline 0 0"><span class='ocrx_word' id='word_1_334' title='bbox 3157 1388 3164 3045; x_wconf 95' lang='lat' dir='ltr'><strong> </strong></span> 
     </span>
    </p>
   </div>
   <div class='ocr_carea' id='block_1_10' title="bbox 3157 3372 3165 5009">
    <p class='ocr_par' dir='ltr' id='par_1_10' title="bbox 3157 3372 3165 5009">
     <span class='ocr_line' id='line_1_36' title="bbox 3157 3372 3165 5009; baseline 0 0"><span class='ocrx_word' id='word_1_335' title='bbox 3157 3372 3165 5009; x_wconf 95' lang='lat' dir='ltr'><strong> </strong></span> 
     </span>
    </p>
   </div>
  </div>
 </body>
</html>
