3192 5009
547 244 634 310 44
1583 258 1887 308 murus.

546 428 786 493 ditione
833 433 1048 493 tamen
1093 429 1315 513 iniqua
1363 446 1589 504 „wenn
1636 428 1754 490 wir
1796 446 1919 490 uns
1964 445 2044 489 an
2091 424 2193 490 die
2230 424 2758 513 Ueberlieferung
2794 425 2928 491 hal-

545 540 653 601 ten
673 584 690 612 ,
741 534 842 600 die
887 532 1258 599 schwerlich
1303 533 1542 619 richtig
1587 532 1742 597 ist.”

633 639 758 706 Sed
804 661 966 726 quae
1011 640 1269 705 tandem
1316 644 1414 705 est
1458 659 1682 717 causa,
1731 660 1845 704 cur
1896 658 2207 724 umquam
2250 641 2319 703 in
2366 638 2469 703 his
2515 640 2802 703 versibus
2848 637 2926 704 de

539 748 852 813 librorum
909 768 1063 811 mss·
1127 745 1249 811 fide
1313 745 1679 810 dubitatum
1743 742 1869 810 sit?
1929 746 1988 809 A
2034 765 2223 810 sensu
2269 744 2433 809 nihil
2476 745 2710 809 habent
2756 745 2926 831 quod

483 832 496 847 ’
545 854 815 919 offendat
832 874 848 932 ;
915 874 1066 918 cum
1127 852 1645 939 praecedentibus
1695 853 1953 938 egregie
2000 852 2369 929 cohaerent,
2420 858 2566 937 apte
2614 872 2742 916 vss.
2795 848 2923 917 1¹73

549 956 790 1038 -175,
864 980 1254 1045 quamquam
1321 957 1478 1023 alios
1549 980 1851 1024 numeros
1924 957 2292 1023 exhibentes
2312 1006 2327 1034 ,
2404 978 2507 1023 eos
2576 961 2924 1045 excipiunt.

545 1068 715 1134 Tum
774 1070 916 1153 ipsa
978 1067 1236 1131 traditio
1285 1086 1445 1151 quae
1493 1066 1571 1131 ad
1620 1065 1683 1129 h.
1707 1064 1754 1129 1.
1803 1086 1882 1130 ex
1930 1066 2191 1149 optimis
2235 1063 2418 1128 libris
2466 1062 2635 1129 BDE
2682 1064 2930 1152 colligi-

545 1180 671 1251 tur,
721 1178 892 1239 certa
937 1189 1034 1237 est
1079 1178 1144 1237 et
1181 1178 1494 1236 constans.
1545 1170 1719 1251 Quae
1758 1173 1964 1257 igitur
2002 1174 2163 1235 ratio
2205 1170 2331 1234 fnit
2354 1174 2611 1235 tantum
2630 1171 2929 1236 mutandi

543 1277 920 1365 amputandi
979 1274 1446 1364 interpolandi?
1509 1276 1838 1343 Nimirum
1882 1277 2037 1341 haec
2054 1324 2069 1354 ,
2121 1275 2291 1361 quod
2334 1282 2617 1341 metrum
2664 1276 2927 1343 latebat.

544 1384 769 1471 Itaque
842 1405 879 1449 a
947 1386 1139 1449 metri
1199 1385 1564 1471 ignorantia
1581 1432 1599 1461 ,
1662 1404 1787 1448 non
1850 1404 1928 1448 ex
1992 1384 2181 1447 certis
2231 1382 2627 1469 corruptelae
2675 1384 2930 1449 indiciis

542 1492 844 1578 profecti,
911 1512 1097 1555 suam
1159 1492 1428 1575 quisque
1475 1488 1811 1554 libidinem
1860 1495 2195 1574 tamquam
2242 1488 2470 1554 ducem
2518 1492 2753 1568 secuti,
2802 1511 2931 1555 non

547 1596 760 1663 solum
823 1599 1002 1683 prius
1062 1595 1372 1661 medicam
1380 1601 1527 1660 enta
1590 1594 2019 1661 adhibuerunt
2080 1614 2276 1680 quam
2323 1594 2397 1660 de
2447 1596 2655 1660 morbi
2697 1616 2932 1683 genere

546 1705 796 1790 origine
840 1701 1286 1788 magnitudine
1333 1694 1652 1766 constaret
1669 1751 1686 1780 ,
1734 1701 1845 1767 sed
1892 1704 2090 1767 etiam
2136 1706 2377 1765 temere
2417 1704 2499 1766 iis
2538 1710 2689 1767 sunt
2726 1703 2931 1767 abusi.

547 1808 690 1873 Nisi
751 1809 914 1874 forte
973 1811 1043 1872 in
1107 1810 1369 1873 canticis
1415 1807 1735 1873 Plautinis
1780 1807 2033 1871 infinita
2078 1806 2195 1872 illa
2239 1807 2500 1873 licentia
2546 1808 2935 1893 relinquitur

547 1917 704 1981 viris
761 1914 960 1981 doctis
1009 1912 1274 1979 traditas
1317 1913 1621 1979 lectiones
1668 1912 1961 1979 trahendi
2008 1912 2281 1978 vexandi
2330 1914 2714 1979 omnimodis
2760 1912 2932 1980 male

546 2021 856 2098 habendi,
905 2026 982 2085 ut
1029 2042 1181 2086 cum
1227 2022 1451 2086 ceteris
1495 2024 1563 2085 in
1610 2020 1901 2107 partibus
1944 2019 2311 2085 litterarum
2356 2019 2732 2085 Latinarum
2772 2023 2936 2106 opti-

545 2150 691 2193 mus
754 2129 1022 2213 quisque
1085 2128 1344 2193 criticus
1362 2175 1378 2203 ‚
1444 2131 1544 2191 tot
1593 2125 1956 2191 seculorum
2005 2128 2392 2210 experientia
2439 2126 2661 2191 doctus
2680 2176 2696 2203 ,
2746 2126 2934 2191 auda-

547 2238 713 2299 ciam
782 2233 1176 2298 coniectandi
1243 2239 1434 2318 atque
1505 2236 1937 2298 temeritatem
2006 2234 2147 2297 iure
2224 2232 2427 2297 oderit
2492 2238 2557 2297 et
2618 2236 2931 2319 sanguine

545 2343 834 2425 viperino
882 2342 1132 2404 cautius
1177 2342 1373 2415 vitet,
1419 2338 1525 2403 hic
1574 2338 1836 2403 demum
1881 2337 2157 2402 liberum
2206 2341 2490 2424 spatium
2528 2344 2775 2425 pateat,
2816 2340 2931 2405 ubi

547 2448 794 2532 ingenii
840 2448 1121 2510 acumini
1167 2466 1280 2529 per
1323 2443 1544 2508 lusum
1580 2442 1917 2530 indulgere
1958 2450 2023 2509 et
2060 2446 2263 2528 possis
2288 2451 2352 2509 et
2378 2444 2622 2509 debeas.
2669 2444 2932 2510 Etenim

549 2550 704 2637 quid
765 2549 977 2615 hercle
1027 2558 1122 2615 est
1168 2570 1396 2635 parum
1444 2557 1628 2614 caute
1673 2570 1744 2614 ac
1792 2552 2245 2635 circumspecte
2294 2556 2589 2615 veterum
2635 2551 2933 2636 operibus

548 2656 862 2723 violentas
905 2677 1136 2721 manus
1182 2656 1413 2721 inferre
1445 2653 1514 2735 ¹),
1563 2658 1619 2720 si
1667 2656 1785 2721 hoc
1830 2677 1957 2720 non
2005 2653 2142 2721 est?

640 2762 736 2828 Ne
775 2761 1016 2840 multa;
1058 2763 1142 2826 hi·
1168 2764 1446 2847 quinque
1485 2783 1708 2828 versus
1748 2768 1884 2826 tam
1924 2764 2139 2827 vexati
2162 2768 2314 2826 sunt
2337 2765 2566 2827 sinceri
2582 2810 2598 2841 ,
2624 2765 2893 2850 genuini
2914 2812 2931 2842 ,

550 2870 1040 2934 Plautinissimi.
1105 2867 1326 2953 Neque
1389 2868 1739 2954 quidquam
1802 2867 2191 2932 mutandum
2251 2874 2349 2933 est
2374 2889 2598 2953 -neque
2647 2875 2933 2934 metrum

553 2983 649 3042 est
711 2977 1115 3062 ambiguum.
1181 2974 1348 3039 Nam
1412 2974 1790 3039 codicum
1835 2973 2207 3040 lectione
2256 2973 2732 3061 diligenter
2776 2996 2932 3041 ser-

549 3104 592 3148 v
610 3086 743 3146 ata
782 3083 1004 3146 statim
1046 3084 1278 3167 optimi
1315 3086 1619 3167 apparent
1658 3102 1879 3146 versus
1920 3079 2210 3157 Sotadei,
2253 3079 2595 3167 elegantes,
2620 3083 2929 3159 concinni,

554 3194 687 3253 arte
735 3187 1037 3252 Plautina
1081 3187 1448 3274 dignissimi

818 3300 1157 3377 noctesque
1204 3293 1485 3379 dilesque
1533 3290 1808 3373 assidulo
1857 3296 2012 3358 satis
2060 3298 2457 3381 sulperquest

817 3422 947 3487 quo
995 3400 1159 3464 facto
1204 3406 1318 3465 aut
1356 3399 1367 3485 Ι
1410 3400 1577 3464 dicto
1627 3399 1803 3465 adest
1849 3396 2029 3486 olpus
2075 3398 2316 3485 quietu’
2360 3398 2371 3484 Ι
2412 3420 2491 3463 ne
2538 3401 2644 3463 sis.

816 3510 952 3592 ipse
1000 3505 1283 3570 dominu'
1327 3506 1338 3591 Ι
1379 3506 1591 3582 dives,
1643 3509 1850 3591 operis
1889 3505 1900 3591 Ι
1943 3509 2007 3570 et
2049 3504 2286 3570 laboris
2325 3504 2337 3581 Ι
2378 3526 2600 3590 expers

815 3611 1260 3697 quodcumque
1305 3609 1579 3695 homilni
1628 3612 1857 3677 accidit
1901 3602 2142 3690 lulbere
2191 3632 2371 3698 posse
2411 3611 2422 3697 Ι
2464 3617 2675 3689 retur;

816 3738 1089 3803 aequom
1135 3739 1270 3783 esse
1315 3719 1558 3803 pultat,
1607 3740 1733 3782 non
1780 3713 2059 3803 repuitat
2103 3716 2324 3781 labori’
2368 3716 2379 3803 Ι
2421 3717 2575 3802 quid
2622 3720 2727 3782 sit.

643 3824 849 3905 Quam
914 3823 1306 3890 difficultatis
1370 3828 1674 3889 metricae
1738 3823 2121 3889 solutionem
2184 3844 2334 3888 cum
2379 3826 2768 3889 invenissem
2787 3873 2804 3901 ,
2856 3832 2932 3889 ut

553 3951 668 4017 par
707 3936 836 4007 est,
877 3932 1186 4015 inquisivi
1231 3933 1342 4016 qui
1387 3937 1534 3995 ante
1581 3951 1686 3995 me
1735 3950 1956 3994 meum
1997 3929 2325 3994 dixissent.
2374 3929 2543 3994 Nam
2577 3933 2647 3993 in
2684 3952 2752 3995 re
2791 3938 2929 3996 tam

551 4036 829 4122 simplici
867 4043 932 4101 et
969 4036 1306 4101 manifesta
1347 4056 1474 4101 non
1513 4039 1801 4123 primum
1837 4056 1941 4100 me
1984 4056 2211 4101 verum
2234 4034 2473 4100 vidisse
2497 4035 2681 4101 facile
2706 4042 2781 4101 ut
2804 4057 2931 4102 cre-

551 4144 767 4209 derem
807 4140 1178 4207 adducebar.
1228 4142 1314 4206 Et
1338 4141 1615 4228 profecto
1640 4144 1775 4206 iam
1798 4162 1958 4207 anno
1989 4140 2161 4207 1816
2186 4138 2581 4208 Godosredus
2596 4140 2929 4209 Hermann

619 4376 673 4438 l)
713 4373 816 4424 Vid.
858 4374 1038 4425 Mnem.
1073 4372 1246 4433 xvn,
1283 4390 1329 4439 p.
1359 4372 1475 4431 417,
1513 4386 1582 4423 νο.
1621 4374 1683 4422 13
1706 4388 1775 4437 sq.
