3192 5009
918 272 1003 318 811
1046 270 1671 319 8111181181Ήο1118118
1717 271 2016 320 1101181118.
2530 252 2662 318 409

375 434 443 500 4ο
502 437 671 502 Fest.
720 458 851 525 pag
924 436 1043 503 18:
1097 437 1635 525 „Auguraculum
1683 437 2086 524 appellabant
2135 442 2384 525 antiqui
2401 488 2418 517 ,
2468 461 2664 525 quam

290 564 397 608 808
438 545 673 608 Arcem
717 542 993 608 dicimus
1013 593 1029 621 ,
1080 546 1239 628 quod
1284 544 1371 606 ibi
1417 567 1674 625 auquree
1708 545 1956 626 pubbice
1999 544 2524 627 auspicarentur-’K

377 648 445 714 5⁰
489 649 630 715 Liv.
685 648 789 714 10.
820 646 880 715 7.
912 649 1031 714 1οε
1082 653 1181 727 ,,18
1228 653 1356 729 (vir
1400 649 1715 735 plebeius)
1764 671 1890 715 808
1935 649 2133 730 (scil.:
2183 672 2394 738 aug-ur
2433 651 2664 732 factus)

284 756 704 840 conspicietur
746 775 898 820 cum
944 756 1162 840 capide
1210 776 1280 820 ac
1325 754 1491 820 lituo
1509 804 1526 832 ,
1578 759 1786 842 capite
1826 755 2038 822 velato
2078 759 2411 823 victimam
2448 757 2667 823 caedet

282 861 663 942 auquriumve
708 883 781 924 ex
824 863 979 924 Arce
1024 861 1221 944 capiet
1236 861 1313 926 ?'’

372 965 443 1030 6⁰
503 964 673 1033 Cum
734 966 951 1032 Numa
1012 989 1126 1032 rex
1170 968 1657 1055 inaugurandus
1705 974 1871 1035 esset
1891 1017 1908 1046 ,
1959 990 2082 1032 non
2127 968 2208 1034 ad
2255 989 2407 1034 eum
2451 971 2521 1033 in
2570 991 2670 1035 co-

280 1075 541 1138 mitium
588 1074 1064 1139 arcessebantur
1110 1093 1389 1161 augures
1407 1122 1423 1151 ,
1472 1074 1583 1138 sed
1629 1077 1764 1159 ipse
1815 1075 1934 1152 „ab
1984 1095 2229 1160 aug-ure
2277 1077 2563 1139 deductus
2599 1077 2668 1138 in

280 1181 518 1257 Arcem,
562 1182 631 1243 in
672 1178 884 1265 lapide
931 1179 1281 1257 consedit”,
1330 1179 1474 1244 Liv.
1530 1181 1589 1244 1.
1621 1180 1725 1246 18.
1755 1180 1817 1247 6.

372 1284 445 1352 '7⁰
490 1283 656 1353 oum
705 1286 977 1352 dictator
1021 1285 1350 1351 Romanus
1389 1307 1445 1351 a.
1488 1284 1621 1352 437
1662 1286 1985 1372 proelium
2020 1289 2398 1373 inaugurari
2435 1287 2633 1353 vellet
2651 1336 2668 1364 ,

282 1413 409 1458 non
468 1393 726 1457 iubebat
788 1394 1053 1479 propius
1118 1392 1409 1457 accedere
1457 1413 1734 1480 augures
1753 1442 1768 1470 ,
1818 1392 1929 1458 sed
1979 1395 2415 1478 „respectabat
2461 1395 2670 1456 Arcem

280 1502 629 1574 Romanam,
679 1504 754 1564 ut
800 1521 873 1562 ex
918 1522 989 1562 ea
1027 1499 1097 1561 ab
1139 1499 1483 1578 amm-ibus,
1523 1497 1723 1564 simul
1762 1519 1911 1564 aves
1949 1501 2070 1564 rite
2107 1499 2512 1564 admisissent
2529 1549 2546 1577 ,
2591 1520 2670 1564 ex

282 1607 634 1692 composito
680 1603 1017 1670 tolleretur
1062 1605 1394 1691 signum”‚
1443 1604 1585 1670 Liv.
1637 1604 1699 1669 4.
1731 1603 1835 1669 18.
1865 1604 1928 1670 6.

372 1711 677 1798 Inprimis
738 1710 864 1776 loci
927 1732 1084 1797 quos
1146 1713 1334 1796 posui
1379 1711 1497 1776 sub
1546 1710 1639 1789 4⁰,
1667 1710 1758 1789 5⁰,
1787 1709 1878 1789 6⁰,
1909 1707 1998 1788 ¹¹7⁰,
2049 1711 2394 1776 ostendunt
2439 1711 2670 1776 Arcem

284 1820 483 1884 fuisse
527 1817 738 1885 solum
783 1817 998 1883 locum
1046 1839 1171 1902 quo
1220 1839 1299 1882 au
1307 1837 1502 1903 gures
1548 1820 2046 1903 auspicarentur.
2096 1818 2435 1883 Praeterea
2453 1866 2469 1896 ‚
2519 1837 2672 1882 cum

280 1929 527 1990 constet
589 1924 782 1989 deum
841 1926 954 2009 qui
996 1926 1068 1988 in
1116 1926 1415 2010 auspiciis
1459 1927 1794 1988 invocetur
1838 1929 1905 1988 et
1951 1926 2136 2009 signa
2183 1924 2332 1989 dare
2377 1923 2673 1989 credatur

282 2052 421 2096 esse
480 2030 705 2096 Iovem
756 2031 1021 2096 Patrem
1053 2029 1119 2111 ¹),
1168 2033 1467 2096 convenit
1514 2029 1685 2116 quod
1729 2036 2047 2095 testantur
2091 2031 2402 2095 Auctores
2421 2079 2438 2108 ,
2501 2030 2672 2096 hunc

282 2137 480 2202 deum
524 2135 722 2200 fuisse
767 2135 960 2201 deum
1006 2135 1189 2200 Arcis
1212 2135 1287 2215 ⁸).

372 2242 506 2307 Nos
566 2248 907 2328 antequam
970 2241 1259 2328 singulas
1317 2263 1419 2306 res
1464 2262 1625 2327 quae
1673 2247 1959 2328 tempore
2005 2242 2240 2308 liberae
2287 2241 2672 2328 reipublicae

279 2348 834 2434 inaugurabantur
879 2357 1195 2433 quantum
1240 2347 1378 2412 fieri
1413 2351 1617 2433 possit
1655 2369 2018 2434 percensere
2058 2355 2124 2413 et
2163 2369 2324 2433 quae
2347 2354 2673 2434 praeterea

278 2455 359 2519 ad
399 2456 812 2520 caerimonias
849 2457 1421 2541 inaugurationum
1460 2455 1864 2540 pertinebant
1896 2461 2167 2521 tractare
2191 2454 2667 2541 aggrediamur,

279 2563 503 2647 paucis
559 2561 773 2626 verbis
836 2581 1105 2647 agemus
1169 2560 1245 2626 de
1294 2567 1613 2646 potestate
1663 2581 1989 2648 augurum
2039 2583 2199 2647 quae
2245 2563 2363 2626 sub
2409 2561 2672 2648 regibus

277 2667 477 2732 fuisse
538 2667 849 2745 tradatur,
900 2673 964 2732 et
1012 2666 1089 2733 de
1137 2669 1276 2731 eius
1325 2666 1620 2752 reliquiis
1669 2687 1830 2753 quae
1880 2675 2253 2733 manserunt
2299 2674 2446 2754 post
2490 2689 2672 2755 reges

278 2779 554 2840 exactos.
1849 2827 1864 2836 .

372 2881 671 2945 Actiones
738 2878 1031 2964 publicae
1048 2927 1066 2957 ‚
1138 2899 1299 2965 quae
1360 2882 1922 2965 inaug-urerentur,
1994 2882 2050 2944 si
2108 2879 2304 2945 fidem
2363 2880 2674 2945 habemus

280 2986 649 3052 auctoribus
712 2988 945 3050 nostris
962 3033 978 3062 ‚
1029 2985 1389 3070 permultae
1438 2985 1699 3050 fuerunt
1745 2987 2209 3071 antiquissimis
2253 2986 2671 3071 temporibus.

280 3092 407 3159 Sed
452 3097 673 3178 postea
692 3140 708 3168 ,
756 3097 831 3155 ut
876 3091 1130 3156 videtur
1177 3093 1253 3156 ab
1301 3093 1486 3155 initio
1538 3091 1670 3156 fere
1716 3091 1952 3158 liberae
1999 3092 2421 3178 reipublicae,
2464 3092 2673 3157 multo

278 3199 551 3264 rariores
588 3197 790 3262 factae
829 3203 980 3261 sunt
1014 3200 1541 3283 inaugurationes
1578 3197 1774 3262 huius
1813 3201 2065 3284 generis
2083 3246 2098 3274 ,
2140 3205 2206 3262 et
2244 3197 2322 3262 ad
2361 3197 2675 3262 ultimum

279 3305 471 3391 plane
517 3308 914 3369 evanuerunt
929 3323 944 3380 3
997 3324 1185 3368 causa
1230 3304 1427 3368 huius
1464 3306 1557 3368 rei
1594 3304 1722 3368 fuit
1762 3303 1930 3389 quod
1971 3307 2250 3370 actiones
2289 3324 2451 3389 quae
2492 3309 2676 3370 antea

278 3415 465 3476 iussu
528 3413 700 3497 regis
763 3430 877 3496 per
937 3430 1215 3496 augures
1284 3411 1515 3474 sanciri
1564 3408 1852 3475 solebant
1871 3459 1886 3488 ‚
1934 3409 2281 3495 paullatim
2331 3417 2674 3495 coeperunt

285 3517 599 3600 auspicato
660 3522 916 3582 tantum
975 3519 1084 3603 agi
1147 3537 1183 3580 a
1242 3516 1759 3602 magistratibus,
1826 3518 1938 3601 qui
2001 3518 2135 3581 suis
2191 3518 2492 3602 auspiciis
2537 3537 2678 3580 con-

284 3625 451 3688 tenti
496 3643 774 3709 augures
821 3643 947 3686 non
994 3621 1381 3686 adhiberent.
1432 3620 1825 3706 Exemplum
1866 3623 2164 3707 antiquae
2203 3624 2468 3686 rationis
2492 3621 2677 3686 valde

286 3727 700 3795 memorabile
718 3777 734 3806 ,
778 3728 947 3814 quod
983 3728 1061 3792 ad
1096 3727 1612 3813 inaug-urendam
1653 3731 1969 3793 actionem
1993 3727 2342 3793 militarem
2366 3730 2675 3813 pertinet,

287 3835 620 3914 afferemus
682 3855 716 3899 8
780 3837 988 3921 primo
1054 3833 1303 3899 saeculo
1364 3833 1597 3899 liberae
1646 3833 2048 3919 reipublicae.
2096 3833 2175 3898 A.
2225 3829 2356 3899 437
2407 3833 2678 3898 dictator

288 3941 617 4006 Romanus
659 3939 981 4006 militibus
1027 3946 1173 4005 ante
1222 3941 1449 4005 urbem
1492 3943 1561 4004 in
1611 3943 1744 4004 acie
1783 3939 2111 4005 collocatis
2151 3942 2413 4026 signum
2452 3938 2678 4025 proelii

290 4068 421 4112 non
480 4045 725 4111 dedisse
784 4046 988 4111 fertur
1033 4052 1376 4132 antequam
1425 4065 1703 4132 augures
1746 4048 1815 4109 in
1862 4047 2022 4110 Arce
2069 4047 2256 4132 signo
2302 4043 2550 4109 sublato
2600 4065 2678 4109 ex

363 4300 413 4362 1)
444 4298 549 4348 niv.
586 4297 807 4355 1.12.4;
846 4294 1072 4353 1.1e.9;
1111 4291 1213 4345 cic.
1246 4290 1339 4356 103.
1376 4291 1489 4340 88.
1512 4291 1604 4349 20;
1638 4289 1731 4339 aiv.
1771 4286 2034 4346 s.s4.72;
2067 4286 2314 4340 88878.
2351 4313 2417 4325 -
2451 4287 2508 4350 8)
2537 4289 2680 4336 serv.

297 4384 416 4433 Aen.
451 4379 607 4430 8.20:
651 4376 873 4443 nlupiter
887 4376 970 4441 qui
990 4375 1126 4424 Arci·
1144 4375 1259 4424 dens
1274 4371 1406 4431 e⁸t”;
1443 4367 2340 4428 ovid.fnt.2.'10:·.in10vi·A1-oe”;
2377 4368 2442 4420 ib.
2475 4371 2522 4417 4.
2560 4369 2680 4419 63⁶.
