3192 5009
554 208 688 277 226
1570 226 1914 277 sirannus.

550 402 743 481 atque
790 393 841 462 Ο
888 402 953 479 et
998 393 1079 474 G,
1124 397 1219 460 ita
1264 402 1339 460 ut
1376 398 1445 459 in
1490 397 1609 461 hac
1651 398 1964 480 scriptura
1984 445 2000 474 ,
2043 416 2169 482 qua
2207 392 2652 461 catullianum
2691 413 2942 479 quoque

551 503 976 588 archetypum
1034 508 1367 567 exaratum
1429 502 1630 567 fuisse
1693 503 1876 567 credo
1895 551 1912 579 ,
1963 505 2079 567 vix
2124 501 2338 566 ullum
2384 501 2727 566 discrimen
2769 506 2942 565 esset

546 610 717 673 inter
760 626 942 673 rncrr
988 616 1054 673 et
1098 626 1308 675 Luem.

641 714 781 779 Hac
825 717 1033 801 igitur
1078 714 1348 780 lectione
1396 714 1681 779 stabilita
1727 721 1989 802 apparet
2037 714 2321 781 Sestium
2370 717 2658 780 oratione
2703 716 2944 799 scripta

550 828 616 888 et
677 822 849 887 edita
908 842 1165 887 vocasse
1230 818 1582 887 Catullum.
1649 819 1773 885 Sed
1820 843 1946 907 quo
1995 819 2298 887 nomine?
2345 819 2434 885 Ut
2479 817 2808 884 amicum?
2857 821 2944 882 At

552 950 810 994 omnem
852 927 1363 993 familiaritatem
1400 929 1566 991 inter
1605 948 1710 992 eos
1751 927 2034 993 excludit
2071 930 2384 992 nimirum
2415 930 2715 991 carminis
2737 932 2943 990 tenor.

552 1034 764 1121 Igitur
832 1036 1088 1100 vocavit
1150 1054 1301 1098 eum
1363 1038 1439 1097 ut
1497 1034 1828 1099 hominem
1873 1037 1942 1098 in
1987 1034 2222 1099 litteris
2269 1039 2498 1099 notum
2543 1037 2612 1098 et
2655 1031 2906 1097 clarum
2927 1079 2942 1108 ,

553 1140 719 1205 unde
784 1143 1075 1226 sequitur
1140 1160 1359 1205 cenam
1421 1142 1792 1204 institutam
1856 1161 1989 1205 esse
2037 1160 2161 1204 non
2211 1142 2534 1204 amicitiae
2581 1159 2734 1225 ergo
2755 1187 2774 1215 ‚
2831 1138 2944 1202 sed

550 1250 885 1332 praecipue
947 1252 1021 1310 ut
1080 1248 1316 1330 scripta
1376 1249 1631 1331 patroni
1693 1246 2161 1311 celebrarentur
2221 1267 2373 1311 cum
2433 1246 2512 1311 ab
2561 1245 2704 1309 aliis
2725 1293 2741 1321 ‚
2795 1251 2942 1307 tum

550 1356 745 1419 etiam
804 1374 841 1417 a
902 1358 1111 1438 poeta.
1188 1352 1294 1417 Sic
1360 1374 1427 1417 se
1487 1374 1626 1418 rem
1689 1353 1984 1418 habuisse
2045 1375 2117 1418 eo
2165 1356 2446 1418 maxime
2491 1351 2946 1436 comprobat-ur

549 1458 719 1545 quod
780 1456 1075 1525 Catullus
1140 1479 1290 1523 cum
1357 1466 1614 1544 accepta
1671 1462 2006 1524 vocatione
2077 1465 2502 1545 temptaretur
2572 1456 2944 1522 dulcissima

546 1568 1014 1651 exspectatione
1084 1570 1497 1649 sumptuosae
1563 1585 1750 1629 cenae
1769 1614 1785 1642 ‚
1853 1564 2018 1629 nihil
2086 1569 2262 1630 ocius
2308 1566 2537 1630 habuit
2557 1613 2572 1641 ‚
2623 1584 2822 1649 quam
2871 1570 2946 1626 ut

545 1671 791 1757 legeret
840 1673 1211 1737 orationem.
1261 1669 1385 1736 Sed
1430 1671 1600 1735 unde
1645 1669 2068 1756 acquisitam?
2131 1671 2228 1736 De
2273 1673 2394 1737 hoc
2444 1669 2614 1736 nihil
2656 1674 2943 1745 constat,

546 1781 807 1843 tametsi
875 1780 1180 1863 suspicor,
1254 1774 1324 1843 G.
1392 1798 1596 1863 neque
1661 1781 1890 1843 emisse
1909 1828 1924 1855 ‚
1989 1799 2194 1865 neque
2259 1799 2296 1842 a
2360 1778 2568 1843 Sestio
2635 1776 2942 1841 traditam

548 1886 859 1970 accepisse
876 1932 893 1961 ,
954 1883 1063 1948 sed
1125 1889 1357 1947 mutuo
1424 1888 1773 1969 sumpsisse
1822 1906 1859 1949 a
1903 1884 2150 1949 Licinio
2198 1881 2398 1951 Calvo
2418 1933 2435 1962 ,
2485 1884 2565 1950 de
2613 1904 2742 1969 quo
2791 1902 2942 1947 mox

452 2062 461 2069 ,
546 1990 933 2055 videbimus.

638 2095 962 2181 Quidquid
1026 2101 1153 2173 est,
1219 2100 1483 2161 eatenus
1542 2099 1610 2161 in
1674 2095 1934 2183 laqueos
1993 2118 2060 2163 se
2127 2098 2384 2163 dederat
2444 2102 2634 2182 poeta
2689 2117 2728 2161 a
2776 2115 2938 2161 vano

546 2207 793 2268 oratore
828 2205 1100 2286 positoS‚
1150 2208 1215 2265 et
1260 2202 1383 2267 hoc
1430 2208 1565 2266 erat
1613 2204 1783 2288 quod
1830 2202 2179 2289 appeHavit
2213 2210 2524 2285 peccatum
2569 2205 2640 2265 in
2685 2222 2784 2266 vs.
2839 2198 2940 2265 17.

548 2311 637 2373 At
696 2330 849 2374 vero
911 2307 1100 2373 lectio
1164 2307 1439 2394 maligni
1485 2308 1690 2374 libelli
1735 2331 1886 2375 eum
1932 2332 2084 2375 mox
2134 2310 2446 2375 deterruit
2490 2312 2942 2396 superavitque

546 2419 789 2482 ventris
850 2421 1232 2501 appetitum.
1285 2413 1455 2482 Cum
1515 2422 1738 2481 autem
1799 2417 2127 2482 adnuisset
2173 2438 2239 2482 se
2286 2423 2638 2482 venturum
2656 2466 2674 2493 ‚
2727 2416 2939 2501 aliqua

554 2525 877 2587 excusatio
928 2528 1063 2587 erat
1110 2522 1385 2607 paranda
1404 2570 1421 2599 ,
1474 2543 1601 2608 qua
1645 2524 2070 2588 iniucundum
2119 2524 2401 2589 officium
2447 2523 2852 2589 detrectaret.

638 2628 819 2692 Num
864 2633 1081 2693 autem
1130 2627 1252 2692 hoc
1298 2630 1437 2713 ipso
1487 2632 1793 2714 temporis
1840 2636 2078 2715 puncto
2128 2630 2492 2709 „Fortunae
2539 2628 2760 2693 fflius’'
2809 2627 2942 2693 feli·

546 2738 801 2801 cissimo
864 2755 1014 2799 casu
1061 2734 1408 2820 gravedine
1456 2736 1683 2799 beatus
1731 2742 1830 2801 est
1848 2785 1865 2815 ,
1915 2758 1996 2802 an
2042 2740 2406 2821 praetexuit
2450 2733 2803 2801 morbum?
2848 2732 2938 2797 De

546 2863 697 2907 casu
743 2840 907 2905 nihil
954 2840 1159 2905 credo.
1210 2840 1449 2905 Verum
1499 2846 1634 2905 tam
1676 2841 1904 2907 debilis
1946 2848 2012 2907 et
2050 2846 2413 2908 inconstans
2450 2842 2647 2907 fuisse
2683 2842 2940 2906 videtur

544 2944 959 3013 adolescentis
1028 2946 1329 3012 valetudo
1394 2986 1479 2996 ——-
1546 2952 1652 3013 cui
1722 2949 1916 3034 paulo
1987 2948 2158 3014 ultra
2220 2970 2460 3014 annum
2524 2952 2936 3035 trigesimum

543 3054 844 3118 occubuit
894 3090 979 3099 —
1029 3052 1135 3133 (cf.
1186 3074 1239 3117 c.
1291 3051 1423 3133 38),
1488 3061 1564 3118 ut
1627 3076 1946 3140 nusquam
1993 3076 2120 3119 non
2171 3058 2326 3119 satis
2369 3055 2683 3141 probabili
2733 3058 2938 3141 specie

544 3180 687 3224 eam
732 3159 1139 3243 praetendere
1189 3158 1444 3236 liceret,
1495 3161 1650 3244 quin
1700 3182 1778 3225 ex
1825 3162 1944 3225 hoc
1989 3164 2130 3246 ipso
2179 3152 2319 3226 lo‘co
2385 3161 2793 3227 efficiendum
2853 3163 2938 3223 vi-

550 3264 757 3341 detur,
822 3283 896 3327 ea
957 3264 1099 3327 tabe
1165 3264 1485 3349 paulatim
1548 3264 1913 3331 confectum
1973 3287 2141 3344 esse,
2191 3264 2390 3331 eheu!
2439 3267 2938 3351 splendidissimi

545 3372 793 3455 ingenii
830 3372 1132 3434 iuvenem
1152 3418 1168 3447 ,
1214 3392 1375 3455 quae
1416 3370 1587 3435 mala
1631 3378 1696 3437 et
1735 3374 2022 3437 ominosa
2060 3375 2224 3437 tussi
2249 3372 2598 3438 identidem
2621 3374 2934 3459 proditur.

546 3476 761 3562 Igitur
806 3496 961 3539 usus
1007 3481 1103 3540 est
1149 3483 1518 3561 praetextu,
1569 3480 1682 3562 qui
1726 3480 1796 3542 in
1836 3484 2145 3563 promptu
2184 3483 2353 3554 erat,
2395 3479 2557 3543 abiit
2577 3478 2933 3544 Tiburtem.

549 3581 719 3649 Cum
780 3588 995 3645 tamen
1056 3602 1209 3646 mox
1229 3631 1246 3660 ,
1312 3589 1387 3646 ut
1448 3582 1555 3660 fit,
1621 3604 1734 3669 per
1803 3585 2143 3649 hominum
2205 3606 2497 3651 rumores
2558 3588 2937 3673 argueretur

548 3690 974 3754 excusationis
1045 3688 1385 3753 simulatae
1456 3710 1660 3776 neque
1722 3693 1904 3775 peius
1972 3713 2166 3776 quam
2229 3691 2432 3778 vulgo
2505 3714 2573 3758 se
2639 3693 2936 3757 habuisse

549 3798 1047 3870 convinceretur,
1088 3815 1306 3859 veram
1346 3795 1666 3860 absentiae
1707 3817 1966 3861 causam
2005 3800 2293 3883 aperuit,
2338 3798 2732 3884 alteramque
2755 3798 2936 3863 illam

548 3906 765 3967 fictam
806 3922 941 3966 esse
981 3900 1209 3966 festive
1249 3922 1321 3966 eo
1362 3904 1611 3979 innuit,
1665 3902 1832 3987 quod
1879 3924 2022 3968 eam
2071 3904 2252 3970 fictae
2301 3925 2554 3993 quoque
2601 3910 2666 3969 et
2711 3904 2934 3969 subab-

548 4008 775 4072 surdae
821 4027 1048 4072 causae
1097 4008 1425 4084 attribuit,
1476 4029 1707 4093 nempe
1757 4012 2061 4074 orationis
2113 4032 2355 4078 veneno
2405 4018 2470 4077 et
2514 4010 2930 4097 pestilentiae.

640 4112 867 4177 Redux
928 4114 998 4176 in
1062 4114 1285 4177 urbem
1352 4120 1473 4193 (vs.
1525 4112 1564 4178 6
1594 4114 1746 4199 fui)
1810 4121 2013 4180 totam
2061 4138 2200 4182 rem
2247 4117 2573 4205 eleganter
2621 4124 2686 4181 et
2729 4120 2930 4181 iocose

550 4217 929 4284 choliambis
966 4218 1231 4283 inclusit
1248 4266 1264 4295 ,
1307 4218 1606 4302 deditque
1645 4225 1928 4304 poemati
1971 4222 2245 4288 formam
2285 4226 2648 4309 gratiarum
2669 4224 2930 4287 actionis

552 4325 631 4392 ad
676 4322 937 4403 villam,
987 4324 1155 4411 quod
1200 4347 1327 4390 non
1374 4330 1541 4391 esset
1584 4327 1719 4390 ulta
1753 4337 2085 4411 peccatum,
2127 4331 2193 4393 h.
2221 4351 2274 4394 e.
2315 4330 2484 4414 quod
2521 4350 2672 4395 eum
2711 4348 2928 4417 grave-
