3192 5009
597 239 729 306 304
1626 260 1950 309 110111111πο.

594 423 828 490 talium
890 425 1187 492 omnibus
1232 426 1407 491 horis
1453 428 1620 511 sapit
1665 432 1731 490 01
1776 422 2058 491 Cobetus
2106 426 2184 492 de
2229 447 2303 491 eo
2349 426 2488 492 loco
2535 447 2731 514 agens
2775 427 2842 492 ἐν
2891 429 2980 508 τῷ

596 532 785 612 λογίῳ
852 533 1049 612 Ἐρμῇ
1112 532 1143 596 Ι
1201 555 1264 619 p.
1315 531 1444 597 451
1509 533 1735 598 scribit
1781 533 1904 598 sibi
1949 530 2156 598 videri
2202 533 2612 610 Πυθαγορείου
2661 533 2818 606 τινὸς
2875 533 2984 598 τὸν

592 639 793 718 ςίχον,
856 659 1061 725 110(1110
1118 642 1385 725 agnovit
1432 637 1704 705 Homeri
1740 659 2000 704 versum
2040 652 2079 701 λ
2105 636 2259 702 443.
2329 637 2470 703 Hoc
2513 641 2570 704 si
2617 641 2762 724 quis
2807 639 2984 705 alius

588 747 847 809 criticus
909 745 1464 810 animadvertisset
1526 745 1602 808 de
1664 743 1780 809 ino
1842 761 2074 831 genere
2133 744 2304 828 quod
2365 748 2566 809 nostis
2584 793 2601 822 ,
2666 766 2868 831 quam
2917 767 2986 811 se

584 853 949 916 iactavisset
1013 856 1079 916 et
1125 855 1393 936 quantos
1440 853 1796 915 cecinisset·
1821 847 2220 935 triumphos!
2287 848 2415 915 Sed
2459 849 2518 914 N
2523 851 2791 915 auckius
2838 873 2986 917 rem

586 956 999 1021 dissimulans
1043 959 1112 1021 in
1158 956 1563 1022 adnotatione
1612 955 1692 1021 ad
1738 954 2167 1021 Iamblichum
2213 979 2276 1042 p.
2327 954 2461 1021 238
2509 977 2790 1022 errorem
2829 961 2988 1023 reti·

586 1065 723 1127 cuit
784 1065 997 1148 magis
1062 1083 1257 1148 quam
1318 1061 1610 1147 protulit.
1674 1059 1965 1148 Dignum
2027 1082 2176 1127 sane
2237 1061 2615 1148 exemplum
2660 1070 2756 1128 est
2803 1064 2984 1150 quod

586 1189 806 1234 omnes
850 1172 1204 1234 imitemur.

678 1388 957 1453 XXXII.
1007 1386 1190 1468 Quod
1231 1390 1487 1453 invenio
1528 1397 1555 1452 1
1584 1386 1716 1452 449
1758 1382 1908 1452 οἴνον
1946 1386 2222 1469 ἐπισχών
2262 1389 2417 1454 facit
2452 1393 2529 1454 ut
2566 1391 2983 1456 meminerim

590 1515 814 1560 eorum
884 1515 1043 1580 quae
1102 1493 1413 1580 leguntur
1477 1503 1525 1558 E
1555 1478 1688 1559 269
1753 1493 2128 1574 ὑποσχὼν
2190 1494 2414 1568 θήλεας
2484 1491 2746 1573 ἵππους,
2809 1495 2986 1580 (111οᾱ

586 1601 752 1664 mihi
796 1621 1047 1686 semper
1085 1599 1437 1664 admodum
1478 1598 1826 1664 ridiculum
1863 1602 2080 1665 visum
2105 1605 2221 1679 est,
2249 1599 2394 1665 coll.
2423 1609 2476 1665 H
2510 1600 2639 1667 188
2667 1600 2980 1682 ὑπέσχεθε

587 1713 796 1786 χεῖρα.
847 1710 1138 1773 Praestat
1186 1707 1311 1769 nisi
1358 1703 1544 1770 fallor
1590 1706 1955 1785 ἐπισχὼν
2003 1706 2226 1781 θήλεας
2274 1703 2521 1780 ἵππους.

682 1923 992 1989 XXXIII.
1044 1921 1205 1990 Vere
1253 1925 1705 2018 observavistis
1751 1925 2103 1990 molestum
2148 1947 2283 1992 esse
2329 1927 2680 1992 articulum
2724 1937 2775 1992 K
2808 1927 2934 1992 1οε

802 2097 811 2104 ,
1040 2026 1075 2102 ῆ
1120 2053 1211 2094 τοι
1258 2027 1349 2095 ὅτ’
1394 2032 1456 2102 ἐς
1503 2031 1706 2097 πεδίον
1752 2031 1837 2097 τὸ
1884 2035 2149 2109 Τρωικὸν
2195 2032 2490 2112 ἀθρήσειε.

585 2135 985 2204 Commendo
1034 2136 1093 2209 ἐς
1143 2136 1347 2202 πεδίον
1394 2139 1441 2200 Ἰ
1462 2138 1720 2217 λήιον,
1771 2137 1944 2224 quod
1989 2138 2381 2203 adiectivum
2426 2140 2532 2204 hic
2577 2145 2747 2205 10010
2795 2161 2978 2205 usur·

582 2247 725 2329 pari
770 2246 1021 2330 potuit,
1071 2245 1327 2309 etiamsi
1374 2246 1649 2309 vitiosus
1695 2247 1781 2310 sit
1827 2255 1876 2310 Φ
1905 2243 2056 2310 558.
2107 2242 2204 2309 Of.
2254 2258 2315 2310 Λ
2347 2243 2494 2310 166.

672 2446 977 2514 XXXIV.
1039 2446 1135 2512 De
1181 2446 1668 2533 Agamemnone
1712 2447 1995 2535 legimus
2042 2457 2092 2512 K
2126 2448 2290 2515 136:

853 2552 941 2629 βῆ
991 2553 1045 2618 δ’
1095 2553 1302 2629 ἴμεναι
1351 2554 1563 2618 κατ-οὶ
1613 2559 1759 2626 νῆας
1809 2554 2088 2636 Ἀχαιῶν
2134 2556 2644 2635 χαλκοχιτώνων.

578 2658 703 2738 Qui
752 2659 1036 2736 oberrat,
1087 2660 1256 2724 κατὰ
1307 2666 1453 2734 νῆας
1504 2660 1787 2739 oberrat,
1825 2660 2033 2726 veluti
2069 2682 2164 2727 vs.
2205 2661 2330 2727 82:
2373 2685 2465 2731 τις
2504 2661 2558 2726 δ’
2582 2656 2751 2731 οὗτος
2797 2662 2968 2726 κατὰ

576 2773 723 2839 νῆας
787 2766 910 2831 ἀνὰ
973 2768 1193 2843 ςρατὸν
1254 2763 1469 2846 ἔρχεαι
1531 2760 1648 2838 οἶος
1715 2771 1781 2831 01
1840 2787 1936 2831 vs.
1991 2765 2116 2830 141
2168 2768 2341 2847 τίφθ’
2393 2763 2547 2831 οὕτω
2597 2767 2770 2830 κατὰ
2821 2773 2964 2840 νῆας

575 2873 695 2937 ἀνὰ
748 2872 972 2952 ςρατὸν
1016 2869 1118 2937 οἷοι
1169 2873 1447 2949 οὶλᾶσθες
1498 2871 1609 2938 0οᾱ
1646 2873 2092 2959 Agamemnon
2131 2877 2245 2958 qui
2285 2873 2590 2959 Ulyssem
2629 2876 2966 2940 convenire

575 2977 866 3055 volebat,
932 2999 1127 3064 (1110111
1190 2976 1446 3043 tendere
1510 2979 1749 3042 sciebat
1809 2980 1872 3042 ἐν
1933 2978 2229 3060 μεσσάτῳ
2249 3027 2266 3058 ,
2328 2980 2468 3045 ibat
2527 3003 2577 3043 π
2597 3003 2685 3059 αρ
2704 2980 2746 3043 α
2817 2987 2962 3056 νῆας

570 3087 617 3148 1.
644 3105 699 3149 0.
746 3087 931 3149 iuxta
971 3105 1186 3149 naves.
1237 3084 1448 3149 Lubet
1496 3085 1776 3150 conferre
1823 3085 1982 3150 alios
2027 3084 2219 3150 locos.
2269 3085 2465 3152 Recte
2504 3085 2780 3172 legitur:

665 3201 691 3255 1
761 3190 889 3256 182
938 3191 1019 3254 τὼ
1065 3190 1119 3255 δ’
1169 3189 1407 3269 &Baba-nv
1455 3191 1630 3272 παρὰ
1677 3192 1812 3256 θῖνα
1862 3191 2354 3270 πολυφλοίσβοιο
2401 3191 2742 3267 θαλάσσης.

663 3306 690 3360 1
756 3294 885 3362 657
936 3296 1306 3368 σπείσαντες
1357 3296 1532 3376 παρὰ
1580 3303 1728 3371 νῆας
1777 3295 1922 3361 ἴσαν
1970 3296 2184 3362 πάλιν.

662 3411 712 3467 K
758 3400 889 3467 336
937 3401 1026 3479 βῆ
1075 3403 1127 3467 δ’
1175 3400 1383 3480 ἴμεναι
1432 3402 1605 3481 προτὶ
1655 3413 1802 3478 νῆας
1849 3404 1975 3468 ἀπὸ
2024 3406 2249 3483 ςρατοῢ
2295 3401 2579 3484 (Dolon).

662 3516 712 3571 K
756 3505 886 3573 347
937 3508 1062 3571 αἰεί
1105 3531 1210 3584 μιν
1258 3508 1430 3586 προτὶ
1480 3517 1629 3584 νῆας
1678 3508 1803 3573 ἀπὸ
1850 3511 2119 3590 ςρατόφι
2169 3506 2568 3588 προτιέλλειν,

569 3612 679 3678 0οᾶ
723 3614 817 3679 ibi
862 3613 1125 3698 quidem
1172 3613 1579 3680 Aristarchus
1626 3613 1905 3680 malebat
1951 3614 2049 3678 ἐπὶ
2099 3622 2246 3690 νῆας
2267 3664 2284 3693 ,
2333 3617 2526 3681 sicuti
2570 3615 2852 3702 legitur:

657 3729 708 3784 K
752 3719 881 3785 385
930 3729 1016 3801 πῇ
1066 3719 1119 3783 δ’
1166 3717 1353 3790 οὕτως
1402 3720 1500 3784 ἐπὶ
1551 3727 1698 3794 νῆας
1748 3721 1875 3786 ἀπὸ
1923 3727 2148 3800 epm-oo
2197 3721 2416 3802 ἔρχεαι
2466 3716 2618 3800 οἴος;

560 3825 849 3891 Maxime
896 3826 974 3891 ad
1019 3831 1307 3891 nostram
1354 3849 1494 3892 rem
1540 3827 1693 3892 facit

654 3943 709 3996 Θ
750 3932 883 3998 220
930 3931 1017 4010 βῆ
1067 3931 1119 3996 δ’
1168 3932 1368 4008 ἴμεναι
1420 3933 1591 4012 παρα
1643 3957 1714 3998 τε
1763 3936 2010 4005 κλισίας
2062 3934 2166 3998 καὶ
2218 3943 2366 4010 νῆας
2422 3934 2764 4016 Ἀχαιῶν.,

568 4041 680 4124 (1111
724 4038 1083 4103 versicu1us
1130 4042 1401 4104 recurrit
1447 4047 1505 4103 N
1540 4036 1666 4106 167
1717 4047 1783 4106 01
1829 4039 1982 4106 208.
2032 4040 2268 4107 Itidem
2315 4048 2519 4108 recte:

655 4152 704 4206 K
748 4142 833 4207 54
924 4145 1131 4224 ῥίμφα
1181 4143 1322 4207 θέων
1369 4145 1539 4225 παρὰ
1590 4151 1776 4223 νῆας,

564 4268 725 4334 quae
793 4255 889 4314 est
956 4239 1311 4315 Aristarchi
1374 4254 1688 4336 scriptura
1707 4301 1722 4328 ‚
1791 4273 1939 4316 cum
2005 4250 2163 4316 olim
2225 4251 2328 4317 ἐπὶ
2393 4259 2540 4325 νῆας
2606 4252 2946 4340 legeretur.

568 4351 838 4421 Confero
884 4360 1241 4439 praeterea:
