3192 5009
1207 280 1291 327 nn
1334 280 1487 327 mna
1532 278 1812 326 nomo,
2270 288 2274 293 ·
2564 258 2692 325 183

305 446 439 513 Sed
506 468 633 513 non
696 448 987 532 sequitur
1052 450 1267 511 totum
1330 445 1769 531 fragmentum
1831 442 1908 508 ab
1971 443 2193 509 eodem
2254 443 2478 509 fictum
2523 465 2690 525 esse;

305 555 529 641 potuit
587 572 736 617 sane
796 551 1051 618 aliunde
1114 550 1415 617 avulsum
1481 552 1570 615 sic
1629 548 1852 615 deinde
1914 569 2028 634 per
2071 548 2556 634 plumbaturam
2603 572 2696 617 se·

308 659 656 745 quentibus
703 678 839 723 esse
884 660 1267 723 iniunctum.
1318 655 1461 721 Alia
1509 659 1752 721 ratione
1799 675 2064 720 moveor
2108 660 2188 719 ut
2231 655 2440 721 dicam
2487 662 2693 722 totam

304 766 477 831 hanc
545 764 1003 850 praefationem
1074 784 1113 829 a
1182 762 1563 829 Triboniano
1647 760 1983 827 conflatam
2065 782 2219 828 esse.
2303 761 2694 828 Enumeran-

305 876 423 936 tur
485 890 710 936 causae
725 918 743 947 ‚
806 891 885 935 ex
949 871 1181 955 quibus
1227 868 1544 934 condictio
1592 870 1749 933 certi
1796 868 1996 954 possit
2041 869 2193 933 oriri
2210 916 2228 945 ,
2277 874 2428 933 sunt
2473 874 2693 935 autem

304 979 465 1043 hae:
507 998 729 1044 omnes
770 982 1127 1042 contractus
1164 980 1308 1063 (pr.‚
1351 977 1387 1060 ᾖ
1414 974 1501 1055 3),
1543 973 1838 1061 legatum
1881 974 2305 1039 damnationis
2321 1022 2340 1053 ‚
2381 974 2692 1041 damnum

300 1086 579 1149 iniuriae
595 1132 611 1160 ‚
678 1103 776 1148 res
837 1082 1081 1148 furtiva
1098 1131 1114 1159 ,
1180 1080 1656 1147 Trebellianum
1703 1078 1880 1165 (51).
1933 1078 2176 1145 Statim
2219 1079 2384 1145 illud
2427 1081 2693 1149 incredi-

300 1188 466 1267 bile,
514 1194 687 1255 recta
732 1190 977 1254 actione
1016 1189 1129 1253 ubi
1165 1208 1347 1273 posse
1388 1208 1538 1252 eum
1556 1235 1573 1264 ,
1612 1188 1723 1273 qui
1761 1188 1998 1271 recepit
2033 1184 2690 1253 fideicommissariam

300 1294 745 1361 hereditatem.
806 1294 1062 1358 Praetor
1110 1293 1265 1358 cm‘m
1310 1298 1418 1373 (ex
1466 1291 2056 1372 Senatusconsulto)
2102 1292 2285 1357 utiles
2327 1294 2588 1360 actiones
2633 1296 2690 1359 ei

302 1409 369 1466 ct
408 1402 477 1465 in
524 1424 652 1465 eum
697 1400 801 1485 qui
846 1402 1068 1483 recepit
1111 1399 1499 1464 hereditatem
1536 1398 1710 1484 quasi
1751 1398 1960 1462 heredi
2008 1405 2066 1463 ct
2109 1399 2180 1463 in
2224 1401 2492 1464 heredem
2541 1402 2690 1467 dare

300 1508 529 1591 coepit,
580 1529 792 1591 eaeque
836 1507 903 1569 in
950 1508 1141 1571 edicto
1177 1512 1607 1589 proponuntur
1655 1501 1825 1584 (Gai.
1875 1503 1939 1569 H
1986 1504 2229 1590 §253).
2293 1504 2515 1592 Neque
2563 1508 2690 1573 suf-

300 1612 530 1678 ficiunt
587 1612 1168 1678 fideicommissario
1233 1612 1507 1677 directae
1568 1613 1848 1676 actiones
1865 1657 1882 1688 ‚
1947 1612 2072 1675 nisi
2138 1611 2300 1677 forte
2360 1612 2560 1677 simul
2623 1616 2687 1679 et

298 1720 487 1784 heres
538 1721 625 1783 sit
670 1720 735 1783 et
778 1719 1027 1784 heredis
1072 1717 1231 1784 loco.
1282 1716 1466 1797 Quod
1512 1718 1728 1783 evenit
1773 1718 1841 1780 in
1889 1737 1966 1782 eo
1984 1764 2001 1794 ,
2050 1719 2162 1802 qui
2206 1717 2387 1784 heres
2431 1721 2688 1786 institu-

301 1831 411 1889 tus
456 1829 521 1890 et
564 1826 899 1890 restituere
944 1828 1156 1889 iussus
1202 1826 1339 1910 ipse
1384 1828 1529 1909 post
1576 1829 1832 1908 tempus
1879 1844 1959 1887 ex
1996 1821 2488 1891 fideicommisso
2521 1847 2688 1891 rece-

300 1933 489 2016 perit.
553 1929 722 1995 Nam
781 1931 933 1996 huic
980 1936 1235 1996 tantum
1282 1929 1567 1995 sufficere
1617 1929 1886 1995 directas
1931 1931 2204 1995 actiones
2223 1978 2241 2007 ‚
2287 1929 2683 2017 Pomponius

302 2043 526 2101 auctor
569 2042 667 2101 est
710 2035 755 2100 1.
800 2034 885 2102 ’70
911 2034 1053 2117 (72)
1092 2058 1187 2122 pr.
1230 2035 1309 2101 D.
1352 2034 1457 2102 36.
1491 2034 1549 2099 1.
1601 2033 1877 2100 Omnino
1913 2036 2121 2121 igitur
2155 2036 2684 2104 circumducenda

298 2144 489 2208 haec:
561 2144 668 2206 sed
735 2149 792 2206 et
852 2143 909 2205 ei
966 2165 1038 2205 ecc
1095 2149 1336 2207 sectatus
1397 2140 1663 2205 consulto
1724 2147 1935 2221 aqetur
1983 2141 2256 2223 competit
2299 2144 2444 2207 haec
2487 2144 2644 2209 actio
2662 2194 2680 2223 ‚

296 2250 485 2313 vebuti
552 2250 608 2311 ei
674 2248 732 2311 ic
799 2248 897 2312 cui
948 2248 1294 2331 fiduciaria
1360 2248 1665 2312 hereditas
1731 2246 2012 2312 restituta
2083 2254 2170 2311 est
2185 2296 2203 2325 ,
2267 2271 2442 2329 affere
2503 2252 2678 2317 volet.

298 2354 542 2420 Deinde
582 2361 749 2420 recte
789 2354 1062 2420 dicimur
1085 2377 1205 2437 per
1237 2354 1662 2418 condictionem
1702 2352 1944 2439 aliquid
1981 2361 2244 2436 repetere
2281 2354 2412 2434 (vel
2422 2362 2677 2439 petere),

297 2460 407 2527 vel
468 2463 664 2527 etiam
726 2460 1094 2524 condictione
1155 2484 1330 2541 affere
1343 2489 1371 2537 ;
1420 2462 1718 2545 ineptum
1766 2464 1863 2525 est
1897 2482 2018 2543 per
2063 2459 2347 2545 aliquam
2393 2463 2680 2527 actionem

299 2568 604 2631 condicere
664 2565 851 2632 velle.
920 2566 983 2631 Is
1030 2569 1205 2631 enim
1250 2569 1362 2652 qui
1410 2569 1573 2652 petit
1618 2587 1744 2631 non
1793 2568 2052 2630 omnino
2099 2566 2405 2646 condicit,
2455 2575 2521 2633 at
2567 2573 2679 2655 qui

299 2672 604 2751 condicit,
646 2675 907 2738 omnino
947 2676 1086 2760 agit
1124 2672 1542 2738 condictione.
1588 2668 2136 2738 Circumducenda
2167 2675 2374 2759 igitur
2398 2680 2462 2740 et
2485 2675 2674 2741 haec:

294 2781 403 2843 sed
444 2786 501 2842 et
547 2802 620 2843 esc
662 2802 843 2842 causa
870 2779 1133 2863 furtiva
1163 2801 1285 2862 per
1330 2780 1485 2842 hanc
1531 2779 1821 2842 actionem
1870 2778 2224 2843 condicitur.
2273 2780 2493 2866 Neque
2539 2782 2678 2848 fieri

294 2890 539 2971 potest,
607 2892 684 2949 ut
753 2905 830 2974 ex
892 2884 1093 2971 legati
1155 2905 1378 2962 causa,
1445 2890 1509 2950 et
1574 2905 1653 2950 ex
1685 2883 1859 2972 'lege
1920 2884 2182 2969 Aquilia
2240 2886 2463 2953 eadem
2510 2891 2675 2955 actio

294 2994 545 3069 veniat,
611 3012 771 3077 quae
832 2994 1012 3056 venit
1072 3011 1150 3055 ex
1195 2991 1645 3055 contractibus.
1694 2989 2012 3055 Novimus
2059 2994 2233 3056 enim
2280 3014 2358 3057 ex
2404 2998 2674 3081 utraque

296 3118 485 3163 causa
528 3100 850 3182 propriam
896 3099 1213 3161 actionem
1262 3098 1603 3173 constitui,
1653 3117 1813 3182 quae
1863 3096 2046 3181 dupli
2083 3098 2674 3167 condemnationem

292 3203 715 3270 infitiantibus
752 3205 999 3290 irrogat
1038 3200 1207 3282 (Gai.
1248 3200 1337 3267 IV
1378 3200 1500 3287 59,
1534 3200 1713 3283 171).
1764 3201 1986 3288 Itaque
2026 3225 2148 3268 non
2187 3211 2338 3269 sunt
2376 3206 2669 3293 Ulpiani:

294 3310 566 3392 competit
608 3312 751 3373 baec
797 3311 953 3373 actio
994 3310 1172 3373 etiam
1222 3332 1292 3373 ecc
1342 3308 1529 3390 leqa-ti
1576 3331 1759 3373 cauea
1809 3315 1866 3373 et
1914 3333 1986 3374 ex
2033 3310 2158 3392 Zeqe
2205 3312 2475 3398 Aquibia.
2548 3313 2673 3380 Sed

294 3422 507 3483 manet
575 3416 920 3503 frag-menti
990 3422 1215 3500 caput:
1282 3436 1360 3480 ex
1424 3414 1726 3480 omnibus
1789 3416 2214 3481 contractibus
2276 3420 2428 3483 oriri
2489 3441 2670 3505 posse

293 3524 447 3589 certi
508 3522 991 3587 condictionem.
1064 3521 1240 3587 Haec
1287 3542 1440 3587 vera
1488 3542 1614 3585 non
1661 3527 1832 3585 sunt.
1879 3520 2140 3588 Etenim
2187 3524 2240 3587 si
2291 3527 2432 3609 quis
2476 3527 2672 3592 incer-

294 3634 437 3693 tum
472 3628 665 3693 fuerit
703 3626 1049 3712 stipulatus
1068 3676 1085 3705 ‚
1129 3648 1484 3713 numquam
1509 3626 1644 3693 ullo
1670 3625 1860 3691 modo
1888 3631 2136 3692 certum
2160 3634 2374 3713 petere
2397 3635 2632 3715 poterit
2649 3682 2666 3711 ‚

293 3736 547 3801 etiamsi
604 3737 921 3799 incertum
980 3733 1058 3798 ad
1122 3740 1371 3799 certum
1430 3732 1688 3799 redierit
1735 3732 1841 3798 vel
1887 3738 2141 3798 tantum
2186 3740 2362 3820 petat
2379 3785 2396 3813 ,
2446 3741 2670 3823 quanti

300 3843 553 3906 omnino
620 3843 939 3904 incertum
1008 3838 1171 3904 illud
1231 3861 1363 3904 esse
1428 3839 1721 3903 videatur
1751 3837 1816 3919 ¹).
1882 3836 2085 3904 Gaius
2145 3847 2365 3906 auctor
2423 3848 2520 3907 est
2566 3844 2667 3908 his

294 3947 499 4011 verbis
562 3952 749 4029 (quae
810 3948 1058 4030 primus
1121 3946 1201 4010 ad
1264 3946 1384 4009 hoc
1448 3949 1743 4009 nostrum
1803 3944 2242 4031 stag-mentum
2303 3946 2666 4014 adhibuisse

294 4051 549 4117 videtur
592 4050 787 4137 Voigt
810 4048 885 4129 ¹),
926 4070 1118 4136 quare
1161 4050 1456 4127 demiror,
1499 4050 1668 4136 quod
1705 4050 2229 4135 interpolatorem
2247 4100 2264 4129 ,
2305 4074 2496 4138 quem
2533 4056 2665 4120 iam

301 4158 567 4235 tenebat,
616 4178 743 4221 non
794 4156 1336 4242 deprehenderit):
1386 4157 1542 4219 sicut
1579 4157 1719 4239 ipsa
1755 4156 2073 4239 stipulatio
2111 4166 2389 4241 concepta
2427 4167 2533 4237 eet,
2572 4161 2664 4225 ita

358 4402 409 4461 1)
444 4401 583 4465 Quod
615 4402 873 4450 causantur
906 4400 1092 4451 Gracci.
1634 4402 1691 4465 2)
1729 4404 1834 4452 Das
1866 4402 1940 4453 inu
1975 4405 2201 4454 naturale
2233 4407 2321 4454 etc.
2357 4404 2428 4455 1v
2465 4422 2511 4473 p.
2545 4410 2660 4465 400.
