3192 5009
537 198 622 263 36
1564 222 1871 271 Lucrinus.

533 384 903 451 descendere
971 386 1446 452 confunduntur
1514 390 1712 453 etiam
1780 386 1894 453 ΠΙ.
1960 386 2125 453 632:
2202 409 2516 474 „aequora
2579 387 2911 454 discedunt

529 514 740 559 mersa
782 493 1042 560 diducta
1089 492 1364 559 carina’'.

617 708 734 773 IX.
785 707 936 775 455.
1013 708 1139 787 „Et
1205 731 1330 774 non
1389 709 1787 774 imbriferam
1848 713 2137 775 contorto
2192 708 2447 791 pulvere
2508 709 2746 775 nubem
2786 709 2797 795 1
2836 712 2905 772 in

527 814 766 882 flexum
824 816 1146 882 violentus
1207 818 1345 902 agit
1406 815 1739 896 (auster).’'
1804 813 2170 881 Secundum
2233 813 2599 879 Dorvilium
2662 812 2905 901 Regius

524 924 719 989 habet
753 924 1030 1007 puertice
1075 944 1268 1009 supra
1312 925 1546 1007 scripto
1583 922 1840 1005 pulvere
1857 971 1873 1000 ‚
1915 925 2081 989 mira
2121 925 2429 987 varietate
2449 970 2466 999 ,
2508 942 2659 986 nam
2697 924 2905 1007 prima

523 1029 712 1096 lectio
781 1030 1118 1095 manifesto
1189 1031 1440 1096 exstitit
1499 1050 1534 1094 e
1595 1028 1814 1116 glossa
1830 1078 1847 1107 ‚
1910 1049 2173 1115 nempe:
2244 1049 2399 1113 „pro
2462 1026 2742 1094 vertice’'
2794 1048 2906 1113 per

523 1137 972 1223 compendium
1045 1142 1123 1218 (p
1144 1162 1226 1186 =
1249 1142 1388 1221 pro)
1457 1141 1522 1200 et
1589 1157 1716 1201 uno
1787 1142 2003 1201 tenore
2066 1138 2318 1221 scripta.
2388 1133 2569 1199 Nihil
2632 1138 2730 1199 est
2792 1154 2905 1198 cur

521 1245 740 1309 verifice
799 1244 1222 1330 praeferatur3
1275 1242 1596 1308 ablativus
1642 1244 2060 1309 attributivus
2108 1244 2358 1328 saepius
2408 1248 2505 1306 est
2553 1238 2903 1306 materialis

521 1357 597 1416 ut
655 1350 788 1415 h.1.
840 1351 1128 1432 pulvere,
1196 1354 1292 1415 et:
1359 1347 1560 1414 solido
1612 1349 1947 1414 adamante
1995 1347 2329 1414 columnae
2378 1348 2535 1413 Aen.
2586 1346 2692 1411 VI.
2746 1345 2899 1425 552,

521 1456 686 1523 claro
755 1456 1058 1543 surgebat
1117 1476 1432 1521 marmore
1495 1454 1817 1540 templum
1876 1455 2067 1541 Prop.
2133 1453 2215 1518 II.
2280 1452 2385 1517 31.
2417 1452 2478 1531 9,
2543 1474 2682 1518 aere
2747 1473 2901 1518 cavo

520 1561 784 1648 clypeus
842 1563 1000 1627 Aen.
1049 1561 1162 1626 ΙΠ.
1214 1560 1365 1639 286,
1412 1564 1728 1627 immenso
1758 1560 1919 1648 'igne
1968 1560 2301 1626 columnae
2348 1559 2503 1624 Luc.
2554 1558 2691 1623 VII.
2748 1556 2898 1623 155.

517 1667 805 1751 Instemus
831 1669 931 1745 A„
980 1672 1357 1752 corruptum
1402 1688 1480 1733 ex
1527 1666 1983 1732 assimilatione
2032 1687 2182 1732 cum
2229 1667 2523 1751 proximo
2567 1665 2897 1731 vocabulo.

517 1772 643 1839 Sed
705 1780 871 1839 recte
930 1773 1174 1837 harenis
1234 1772 1486 1853 (arenis)
1552 1795 1667 1860 pro
1714 1774 1958 1836 habenis
2005 1776 2073 1837 in
2118 1774 2220 1837 his
2276 1769 2610 1851 „Aeoliam
2654 1772 2900 1838 rabiem

516 1882 671 1944 totis
737 1886 986 1945 exercet
1047 1880 1294 1945 arenis''
1361 1878 1512 1945 454.
1575 1880 1721 1945 Non
1784 1883 1956 1945 enim
2002 1878 2216 1945 simile
2264 1885 2363 1944 est
2409 1877 2473 1942 II
2523 1877 2689 1943 500:
2736 1878 2899 1943 levis

515 1992 682 2051 totas
729 1988 970 2073 accepit
1013 1987 1288 2052 habenas
1329 1985 1338 2071 1
1378 1989 1446 2050 in
1495 2007 1796 2072 campum
1843 1985 2161 2071 sonipesss',
2224 1984 2321 2049 Ibi
2369 1985 2446 2049 de
2495 1985 2900 2050 vehementia

515 2100 580 2159 et
639 2096 888 2179 immtu
907 2142 923 2171 ‚
985 2101 1201 2159 nostro
1265 2091 1403 2158 loco
1467 2096 1666 2158 etiam
1713 2093 1789 2158 de
1833 2093 2083 2158 ambitu
2127 2090 2384 2177 latoque
2434 2097 2646 2157 tractu
2689 2089 2898 2156 litoris

513 2220 722 2265 sermo
768 2205 866 2265 est
881 2220 897 2278 ;
950 2199 1126 2265 nullo
1174 2199 1312 2265 loco
1359 2199 1760 2265 obstaculum
1806 2200 2054 2264 invenit
2090 2199 2347 2276 Auster,
2391 2198 2502 2264 sed
2538 2219 2652 2284 per
2690 2204 2897 2263 totam

513 2326 690 2370 oram
735 2306 925 2370 furit:
976 2311 1154 2391 patet
1194 2327 1379 2371 omne
1419 2304 1633 2371 solum
1650 2355 1667 2384 ,
1707 2303 1992 2390 liberque
2032 2312 2251 2372 meatu
2292 2305 2303 2391 Ι
2344 2304 2613 2371 aeoliam
2651 2307 2895 2371 rabiem

512 2413 666 2475 totis
736 2417 985 2476 exercet
1045 2411 1316 2477 arenis.'’
1390 2409 1811 2477 Consentiunt
1872 2414 1943 2474 in
2001 2412 2119 2476 hac
2184 2410 2452 2477 lectione
2515 2412 2667 2476 boni
2713 2409 2892 2476 codd.

510 2515 565 2579 V
589 2516 649 2580 U
671 2516 746 2580 M
772 2518 828 2581 A
849 2565 864 2595 ,
916 2538 1307 2603 quamquam
1346 2516 1665 2584 codicibus
1702 2524 1960 2604 propter
1999 2517 2491 2583 similitudinem
2529 2517 2895 2583 litterarum

509 2640 551 2686 R
596 2628 661 2688 et
705 2641 744 2687 Β
791 2644 917 2687 non
962 2643 1202 2709 magna
1247 2627 1345 2688 est
1392 2626 1757 2701 auctoritas,
1807 2624 1883 2688 cf.
1934 2644 2067 2690 var.
2117 2623 2263 2689 lect.
2312 2622 2419 2689 Vl.
2466 2621 2618 2688 309.

601 2834 674 2899 V.
740 2834 870 2901 459
951 2835 1094 2902 loco
1176 2831 1486 2923 impedito
1565 2836 1736 2902 solus
1799 2858 1995 2923 paene
2059 2838 2235 2922 (nam
2301 2835 2557 2903 Cortius
2618 2834 2798 2903 Caes.
2850 2835 2889 2901 3

507 2941 768 3005 vobicum
826 2941 1054 3007 habere
1117 2947 1436 3023 testatur),
1501 2944 1578 3007 A.
1645 2945 1891 3009 omittit
1936 2966 2047 3029 que
2072 2992 2087 3021 ,
2136 2946 2207 3006 in
2254 2964 2379 3028 quo
2431 2942 2695 3007 fortasse
2739 2962 2891 3007 vera

507 3046 695 3112 lectio
755 3046 948 3112 latet:
1013 3049 1355 3112 vobitantia.
1403 3047 1609 3115 Verba
1656 3055 1841 3114 sunt:
1895 3069 2133 3135 „regna
2178 3048 2358 3113 videt
2404 3068 2645 3134 pauper
2694 3046 2755 3111 N
2756 3068 2891 3113 asa-

509 3176 660 3219 mon
703 3157 979 3220 errantia
1024 3161 1214 3220 vento
1255 3156 1266 3241 Ι
1309 3153 1747 3240 discussasque
1796 3155 2050 3235 domos;
2095 3154 2491 3240 volitantque
2534 3175 2571 3219 a
2608 3152 2887 3219 culmine

507 3265 724 3345 raptae
765 3260 776 3346 1
819 3260 1064 3325 detecto
1115 3258 1502 3327 Garamante
1551 3260 1794 3326 casae.'’
1844 3259 1980 3339 Quo
2018 3264 2157 3326 iure
2200 3258 2681 3346 Oudendorpius
2727 3259 2800 3324 V.
2844 3260 2884 3325 2

507 3366 736 3431 habere
785 3365 954 3430 dicat
998 3366 1257 3430 vobitant
1303 3371 1368 3431 et
1407 3365 1815 3431 Burmannus
1853 3367 2179 3431 volitantia
2224 3365 2623 3452 „plurimos”
2650 3367 2883 3443 miror3

509 3470 687 3536 Voss.
737 3469 778 3536 2
839 3491 968 3535 non
1014 3474 1260 3535 omittit
1307 3494 1435 3557 que.
1486 3470 1560 3535 In
1609 3471 1747 3537 loco
1794 3474 2078 3558 graviter
2124 3479 2420 3558 corrupto
2466 3470 2631 3537 nihil
2674 3472 2887 3558 neg-le-

507 3578 812 3664 gendum.
868 3576 926 3640 V
918 3576 1138 3640 obstant
1174 3601 1213 3639 a
1253 3577 1386 3658 (A.)
1431 3580 1701 3642 existere
1750 3581 1963 3663 potuit
2011 3600 2045 3643 e
2084 3578 2441 3655 mutantia,
2484 3583 2561 3641 ut
2592 3576 2880 3665 legatur:

510 3683 886 3761 „volitantia
931 3682 1212 3747 culmina
1248 3690 1463 3768 raptae
1504 3683 1514 3768 Ι
1555 3683 1799 3750 detecto
1840 3680 2225 3749 Garamante
2264 3683 2507 3749 casae.'’
2556 3682 2886 3749 Sententia

505 3792 598 3854 sic
635 3789 958 3855 cohaeret:
1007 3787 1282 3854 Nasamo
1319 3789 1900 3865 videt—discussas
1942 3789 2194 3866 domos,
2241 3789 2578 3855 volitantia
2602 3788 2885 3855 culmina

507 3914 683 3960 casae
745 3901 964 3980 raptae
1011 3894 1256 3960 detecto
1303 3893 1709 3961 Garamante.
1768 3892 1927 3962 Casa
1973 3902 2157 3982 rapta
2203 3895 2449 3961 detecto
2497 3894 2882 3963 Garamante

506 4009 683 4084 (cum
744 3999 1051 4068 Garamas
1113 4006 1280 4067 tecto
1339 4004 1631 4087 privatus
1692 4004 1805 4081 sit)
1867 4001 2041 4067 idem
2080 4008 2178 4067 est
2226 4008 2450 4089 atque:
2500 4022 2643 4067 casa
2690 3999 2885 4068 Gara-

505 4111 742 4173 mantis
807 4114 989 4193 rapta
1007 4157 1022 4185 ,
1095 4128 1218 4173 usu
1287 4108 1554 4173 ablativi
1616 4109 1894 4174 absoluti
1955 4112 2066 4195 qui
2131 4109 2391 4195 paulum
2444 4109 2520 4174 ab
2570 4109 2879 4174 attributo

506 4214 714 4280 differt
731 4262 748 4292 ‚
815 4214 891 4278 de
940 4235 1064 4299 quo
1110 4214 1350 4300 aliquid
1395 4212 1779 4280 Heitlandus
1823 4237 1887 4301 p.
1936 4232 2059 4280 clv.
2111 4214 2502 4292 „Volitantia
2550 4214 2877 4279 culmina’'

505 4324 860 4409 epexegisis
907 4332 1024 4385 est.
1073 4319 1272 4386 Totus
1320 4321 1499 4387 locus
1543 4320 1819 4389 colorem
1864 4323 2055 4388 habet
2099 4320 2463 4389 iocularem.
2511 4310 2878 4387 Ridiculam
