3192 5009
985 264 1071 315 m:
1113 264 1266 315 mun
1315 258 1767 314 canusinum.
2481 236 2568 312 '‘7'7

249 458 372 503 cum
427 437 802 501 nuntiatione
861 440 926 499 et
982 436 1299 500 nuntiatio
1361 456 1437 499 ex
1501 435 1855 519 spectione;
1920 434 2112 498 tertia
2156 434 2224 496 in
2271 434 2363 497 eis
2408 451 2569 517 quae

248 546 546 609 constituta
599 540 860 606 fuerunt
920 540 996 605 de
1055 546 1332 626 tempo
1356 542 1428 605 ri
1449 540 1490 605 b
1508 560 1600 605 us
1645 540 1877 625 quibus
1924 539 2301 633 obnuntiare
2348 536 2571 603 liceret

247 651 510 725 comitiis,
547 653 609 712 et
645 649 715 710 in
756 646 1208 712 consuetudine
1246 667 1338 731 pe
1357 668 1390 710 r
1429 645 1613 711 edic
1634 653 1810 710 tum
1846 644 2298 721 obnuntiandi;
2344 652 2569 729 quarta

245 758 298 820 in
347 774 414 819 eo
469 752 626 839 quod
683 755 753 817 in
797 753 914 817 hac
959 758 1139 838 parte
1184 774 1311 817 non
1357 772 1609 837 semper
1654 772 1851 837 aeque
1898 750 2241 815 valuerunt
2301 752 2569 815 maior

247 866 574 945 potestas
634 864 702 923 et
758 860 886 923 vis
949 858 1459 935 tribunicia3
1526 860 1749 943 quinta
1805 859 1873 921 in
1934 878 2009 922 eo
2056 855 2225 942 quod
2270 877 2427 921 non
2472 855 2565 921 de

247 965 576 1029 omnibus
621 966 1162 1029 comitiorum
1207 964 1669 1052 generibus
1710 962 1932 1027 idem
1977 966 2111 1028 ius
2155 962 2459 1028 valuit.

311 1178 352 1243 Ι.
401 1180 480 1244 Ac
524 1181 810 1264 primum
857 1179 1117 1266 quidem
1162 1200 1313 1244 cum
1359 1178 1634 1245 dicerem
1654 1228 1671 1257 ,
1720 1180 2314 1263 interpretationem
2361 1180 2571 1263 auspi-

245 1286 442 1349 ciorum
497 1284 894 1371 singularem
953 1284 1149 1349 fuisse
1200 1287 1269 1349 in
1315 1288 1594 1349 comitiis
1612 1334 1627 1362 ,
1679 1287 1965 1370 primum
2013 1304 2155 1349 eam
2202 1283 2420 1371 legem
2465 1304 2574 1348 au-

243 1389 486 1477 gur-alem
542 1394 611 1455 in
672 1393 885 1456 animo
947 1391 1295 1469 habebam,
1347 1410 1506 1477 quae
1557 1390 1914 1457 declarabat
1959 1411 2188 1456 omne
2237 1393 2573 1456 tonitru

242 1503 300 1559 et
337 1517 498 1561 omn
515 1518 550 1561 e
595 1496 809 1561 sulm
826 1518 860 1561 e
875 1520 917 1561 n
934 1546 950 1574 ,
1000 1500 1136 1563 sive
1183 1501 1516 1563 sinistrum
1565 1504 1729 1563 esset
1774 1500 1909 1562 sive
1950 1496 2248 1562 dextrum
2286 1499 2571 1561 anticum

243 1604 533 1685 posticum,
575 1605 646 1667 si
689 1605 911 1667 inter
957 1605 1316 1669 comitia
1363 1604 1660 1680 fieret,
1712 1624 1890 1668 esse
1940 1606 2411 1689 auspicium
2457 1603 2575 1667 ad-

243 1727 529 1772 versum
589 1708 760 1794 quod
823 1708 1162 1794 impediret
1221 1712 1534 1776 actionem
1552 1758 1568 1786 ,
1637 1716 1949 1794 quatenus
1997 1718 2109 1773 aut
2156 1711 2573 1795 magistratui

241 1814 334 1897 ipsi
385 1817 488 1899 qui
531 1820 784 1901 ageret,
835 1822 948 1880 aut
995 1818 1230 1901 auguri
1276 1814 1502 1892 alicui,
1556 1817 1917 1900 auspicium
1964 1835 2098 1880 esse
2145 1820 2212 1880 et
2258 1815 2337 1879 ad
2384 1818 2577 1881 actio-

241 1938 356 1981 nem
411 1922 721 2005 pertinere
781 1919 1106 1985 videretur
1122 1940 1137 1997 ;
1207 1920 1283 1985 de
1331 1941 1405 1986 ea
1448 1919 1580 1984 vid.
1629 1919 1750 1984 loc.
1798 1919 1943 1985 coll.
1992 1919 2308 1985 Mnemos.
2356 1920 2574 1985 XVIII

241 2043 354 2111 pag.
409 2024 538 2090 448
597 2049 658 2089 n.
715 2025 748 2089 l
783 2027 852 2107 ²).
915 2024 1041 2091 Sed
1103 2046 1175 2091 ea
1219 2025 1324 2091 lex
1344 2075 1360 2104 ,
1413 2046 1803 2112 quamquam
1849 2028 2116 2091 minime
2160 2029 2232 2090 in
2278 2027 2575 2092 omnibus

239 2131 549 2195 actionibus
609 2132 881 2217 publicis
940 2132 1169 2197 itidem
1229 2131 1480 2197 valebat
1531 2170 1616 2180 —
1667 2132 1909 2197 multae
1972 2135 2144 2197 enim
2190 2139 2368 2197 erant
2413 2153 2575 2219 quae

241 2256 336 2300 non
395 2237 580 2303 modo
649 2260 774 2303 uon
835 2239 1263 2316 turbarentur,
1329 2239 1439 2304 sed
1498 2242 1698 2305 etiam
1744 2242 2002 2326 egregie
2052 2238 2576 2305 confirmarentur

239 2340 466 2409 fulmine
532 2343 800 2409 fortuito
870 2343 1080 2410 oblato
1151 2348 1206 2409 si
1277 2348 1614 2410 sinistrum
1675 2353 1838 2412 esset
1902 2382 1987 2392 —
2050 2352 2264 2410 tamen
2324 2366 2449 2411 non
2496 2346 2576 2411 ad

238 2453 456 2515 comitia
513 2448 648 2515 sola
704 2453 1085 2535 pertinuisse
1149 2451 1422 2530 videtur,
1472 2451 1581 2517 sed
1628 2451 1707 2517 ad
1755 2452 1881 2516 alia
1929 2472 2179 2537 quoque
2222 2473 2380 2537 quae
2426 2475 2457 2518 s
2472 2474 2517 2517 u
2535 2453 2576 2517 b

239 2550 395 2619 divo
451 2575 731 2620 coram
777 2557 1110 2622 civibus
1159 2566 1382 2622 certo
1428 2560 1609 2622 ritu
1655 2556 1909 2643 publice
1957 2565 2317 2645 agerentur,
2373 2560 2579 2625 veluti

239 2658 298 2722 ad
343 2682 597 2727 censum
660 2669 725 2727 et
786 2662 1050 2728 fortasse
1096 2664 1176 2729 ad
1221 2663 1530 2729 dilectum
1578 2665 1917 2730 urbanum.
1969 2662 2159 2731 Certa
2208 2668 2575 2731 testimonia

237 2762 468 2833 buidem
535 2789 698 2854 quae
769 2768 1025 2835 afferam
1083 2791 1208 2835 non
1265 2770 1465 2836 habeo
1491 2768 1577 2851 ⁹);
1644 2776 1709 2835 et
1772 2768 1989 2836 Cicero
2036 2771 2266 2836 diserte
2316 2772 2576 2857 quidem

287 2956 332 3020 l)
361 2960 454 3010 Cic.
490 2961 584 3009 div.
623 2959 882 3010 2.18.422
921 2958 1065 3009 ‚Iove
1097 2963 1410 3021 tonanteaut
1444 2960 1721 3024 fulgurante
1752 2960 1947 3009 comitia
1974 2959 2139 3025 populi
2175 2958 2349 3009 habere
2383 2959 2575 3021 nefas’';

239 3036 352 3089 Vatis
391 3043 545 3091 &202
590 3042 733 3091 -Iove
765 3041 976 3105 fulgente
1009 3057 1116 3090 cum
1152 3042 1328 3107 populo
1363 3042 1439 3106 agi
1476 3046 1609 3091 nefas
1644 3040 1801 3099 csse”;
1838 3042 1964 3091 Phil.
1988 3044 2097 3091 5.8.
2119 3041 2178 3094 7:
2216 3043 2359 3091 „Iove
2377 3049 2575 3093 tonante

237 3132 318 3170 tum
356 3124 526 3189 populo
571 3124 647 3189 agi
682 3140 776 3173 non
811 3138 910 3172 esse
943 3124 1015 3172 fas
1049 3124 1155 3187 quis
1189 3122 1446 3188 ignorat?”
1479 3152 1546 3161 —
1581 3125 1640 3189 2)
1680 3124 1889 3173 Maxime
1922 3125 2051 3173 enim
2085 3126 2346 3173 cavendum
2381 3131 2477 3184 cst,
2518 3141 2577 3175 ne

239 3214 295 3249 ru
334 3221 470 3269 quam
518 3207 718 3255 tradunt
760 3205 925 3255 Livius
969 3206 1233 3255 23.31.18
1278 3206 1570 3270 (nunt-cello
1614 3206 1803 3256 ineunti
1842 3208 2139 3255 consulatum
2176 3222 2281 3255 cuns
2315 3207 2577 3269 tonuisset,

237 3288 358 3335 necti
396 3304 598 3353 aqum
640 3288 757 3337 vitio
790 3292 1002 3338 enatum
1033 3287 1183 3338 videri
1210 3287 1718 3353 pronuntiavmnt'’),
1753 3292 1803 3337 ct
1838 3289 1966 3337 Plut.
2006 3288 2223 3337 Marcell.
2266 3289 2345 3349 12,
2382 3305 2467 3338 nos
2507 3290 2579 3339 in·

237 3364 346 3419 «luat
391 3378 446 3419 ut
487 3372 761 3429 credamus,
805 3370 986 3420 fulmen
1029 3371 1172 3419 fuisse
1207 3371 1469 3437 auspicium
1503 3372 1753 3420 adversum
1788 3385 1896 3420 cum
1931 3371 2237 3435 magistratus
2272 3370 2493 3431 iniretur,
2529 3375 2578 3421 et

238 3444 450 3513 inp-adim
491 3467 598 3501 cam
641 3452 889 3501 actionem.
944 3452 1162 3501 Primum
1196 3453 1350 3510 enim.
1384 3452 1621 3518 susceptio
1658 3452 1853 3501 honoris
1886 3468 1981 3502 non
2015 3458 2086 3501 eat
2118 3454 2241 3501 actio
2276 3469 2397 3517 quac
2430 3455 2579 3517 possit

239 3526 345 3581 irrita
375 3534 502 3593 fleri,
538 3534 618 3583 sed
653 3534 940 3583 caerimonia
973 3534 1169 3583 minime
1205 3534 1488 3593 neccssaria3
1526 3535 1572 3583 h.
1593 3534 1626 3584 l.
1664 3535 1979 3599 reputandum
2016 3540 2087 3583 est
2114 3536 2239 3599 quod
2270 3551 2415 3601 supra
2440 3537 2579 3602 tetigi

237 3610 464 3679 (liumus.
501 3616 678 3667 xvm
711 3633 756 3682 p.
791 3618 890 3667 220
923 3633 970 3666 n.
1005 3618 1078 3681 2).
1125 3617 1200 3667 ius
1243 3618 1554 3682 magistratus
1600 3617 1797 3681 gerendi
1832 3632 1928 3666 non
1964 3618 2168 3682 pendere
2200 3633 2256 3666 cx
2290 3619 2578 3669 caerimonia

241 3697 324 3747 slis.
373 3700 552 3749 Deinde
595 3714 736 3757 vero,
781 3700 823 3749 si
865 3698 916 3749 in
962 3715 1018 3749 ea
1063 3716 1142 3759 re,
1189 3716 1330 3765 quam
1368 3700 1518 3749 tradit
1553 3699 1747 3759 Livius,
1780 3714 1937 3749 sermo
1970 3704 2091 3748 esset
2124 3700 2182 3748 de
2215 3699 2579 3751 obnuntiatione

237 3783 420 3845 “gurali
465 3782 622 3845 (-alio
666 3780 798 3845 die'’)
845 3790 893 3831 st
937 3784 995 3831 de
1039 3782 1248 3847 auspicio
1292 3783 1513 3839 adverso.
1552 3798 1737 3831 necesse
1770 3782 1971 3833 fortasse
2005 3782 2171 3831 fuisset
2206 3787 2261 3832 ut
2292 3784 2581 3833 caerimonia

238 3864 472 3914 annulatus
503 3864 698 3915 ineundi
732 3864 1014 3931 differretur
1046 3865 1098 3915 in
1133 3865 1280 3913 alium
1316 3864 1466 3923 diem,
1503 3865 1582 3913 sed
1618 3865 1722 3913 fleri
1756 3864 1890 3914 nullo
1927 3864 2067 3913 modo
2103 3870 2261 3930 posset
2302 3868 2357 3913 ut
2391 3865 2450 3914 ob
2477 3882 2579 3915 eam

241 3956 315 3995 rm
349 3947 596 3997 consulatu
633 3946 903 4011 abigeretur
939 3947 1215 3997 Marcellus.
1256 3947 1354 3996 Sed
1388 3947 1603 3997 omnium
1638 3948 1841 3997 maxime
1881 3954 2099 4013 apertum
2136 3950 2234 4007 est,
2272 3947 2363 3996 hoc
2396 3949 2584 3998 tonitru

240 4030 334 4089 quod
375 4030 591 4079 auditum
638 4033 761 4078 esset
809 4028 962 4094 primo
997 4029 1075 4078 die
1109 4031 1382 4079 consulatus
1419 4029 1643 4079 Marcelli
1682 4046 1777 4079 non
1812 4033 1987 4095 accept
1991 4046 2055 4079 nm
2090 4046 2189 4079 case
2224 4034 2467 4095 tamquam
2497 4048 2585 4081 an-

239 4110 400 4169 φίεὲηι
441 4113 568 4177 quod
615 4112 916 4163 referendum
959 4117 1081 4161 esset
1114 4112 1174 4161 ad
1209 4113 1442 4161 actionem
1475 4111 1687 4175 aliquam
1723 4128 1843 4175 quae
1878 4118 1982 4161 tum
2016 4112 2173 4177 ipsum
2208 4118 2470 4177 gereretur,
2503 4116 2582 4164 sed

241 4194 444 4258 tanquam
475 4195 747 4259 pmdiyinn
780 4195 906 4259 quod
943 4195 1242 4243 referendum
1279 4198 1400 4243 esset
1429 4194 1486 4242 ad
1517 4193 1790 4243 universum
1818 4198 2001 4243 statum
2022 4194 2322 4259 reipublicae.
2360 4195 2585 4245 Consules

241 4278 466 4337 morunt
497 4276 784 4341 magistratu
817 4276 946 4340 abigi
979 4280 1178 4341 propter
1206 4276 1457 4339 prodiqia,
1491 4291 1614 4340 quae
1646 4275 1904 4339 auguribus
1934 4292 2021 4341 pro
2049 4276 2251 4326 arbitrio
2278 4277 2587 4343 interpretari

245 4354 380 4409 liat-t
419 4360 576 4421 (cuius
621 4358 690 4409 rei
725 4359 881 4409 multa
913 4358 1126 4424 exempla
1158 4359 1328 4423 collegi
1365 4360 1547 4409 Mnem.
1585 4358 1761 4407 xvul
1799 4374 1844 4423 p.
1880 4358 1980 4407 234
2012 4374 2099 4423 sq..
2137 4359 2307 4423 quibus
2339 4361 2445 4409 add.
2483 4360 2583 4411 Cic.
