3192 5009
483 230 568 296 44
1199 236 1590 299 ΗΡΩῙΔΟΤ
1642 234 2123 299 MlMIAMBOI

479 416 536 480 V
576 414 680 494 70,
729 417 926 492 κῆπήν
968 416 1064 481 ΠΙ
1101 415 1209 495 45,
1251 418 1614 495 κήπίδαυρον
1654 416 1740 481 IV
1786 415 1849 493 2,
1892 439 2163 496 χηρωτες
2190 416 2261 497 (1.
2288 416 2575 497 κῆρωτες)
2600 414 2719 480 VH
2744 413 2857 493 94,

479 522 993 600 κῆπορνοβόσκευν
1050 521 1115 588 II
1163 520 1270 597 77,
1336 524 1659 600 κάμαυτὸν
1724 522 1795 603 (1.
1859 522 2235 604 schamen-dv)
2300 521 2364 587 II
2410 522 2519 600 88,
2586 522 2856 601 xjv-{pm

479 629 567 694 VI
613 627 721 707 29,
788 629 1029 711 κῆτερον
1094 627 1212 695 VII
1260 629 1370 706 30,
1432 630 1728 711 χητὲρους
1793 629 1823 694 Ι
1876 627 1979 707 18,
2046 628 2305 706 κήμέρην
2355 629 2410 693 V
2460 626 2520 704 7,
2575 627 2695 692 VH
2747 628 2855 707 10,

478 736 800 814 σριτῆμέρῃ
847 735 934 800 VI
979 736 1061 801 21
1113 737 1216 815 (ef.
1270 736 1365 801 III
1415 736 1549 816 24),
1618 740 1701 816 χή
1751 736 1781 801 Ι
1833 735 1939 813 16,
1986 736 2081 801 ΠΙ
2130 735 2237 814 34,
2302 738 2377 811 κῆ
2423 734 2521 799 III
2570 734 2676 813 14,
2724 737 2857 811 κῆμ

475 841 539 906 Π
580 840 687 919 62,
728 844 955 921 τῆμὲρῃ
992 841 1047 908 V
1075 842 1183 920 22,
1229 844 1463 924 χῖλοιρῆ
1508 842 1539 906 I
1578 840 1687 920 40,
1729 844 2051 923 χῆρκκλῆς
2094 840 2157 907 Π
2199 840 2307 919 96,
2348 840 2543 915 κῆπιῶ
2569 865 2639 905 τε
2665 841 2853 915 κῖησῶ

473 946 561 1012 IV
588 947 649 1025 6,
687 950 926 1025 ἓὸναγης
968 950 1058 1013 sic
1081 947 1136 1011 P
1160 949 1447 1027 (οὑναγής
1473 953 1641 1014 recte
1665 946 1746 1027 R)
1771 946 1835 1011 H
1861 945 1967 1025 70,
1995 948 2140 1011 κούκ
2164 946 2252 1012 IV
2280 946 2384 1025 16,
2409 946 2531 1011 VII
2556 944 2662 1024 77,
2688 946 2855 1025 τοῦρ-

472 1078 582 1131 γον
630 1054 716 1119 IV
755 1052 863 1133 32,
913 1054 1092 1134 κούχὶ
1143 1052 1205 1119 Π
1245 1053 1352 1131 49,
1399 1057 1497 1136 χῶ
1544 1053 1609 1118 Π
1649 1052 1755 1131 75,
1785 1050 1903 1132 76,’
1941 1056 2021 1117 κώ
2060 1053 2157 1118 III
2182 1050 2289 1131 36,
2338 1052 2425 1117 IV
2464 1049 2547 1118 67
2574 1051 2688 1133 (66
2716 1052 2848 1133 χδ),

472 1156 702 1238 abun-ep
763 1160 850 1225 IV
899 1160 961 1238 5,
1029 1157 1190 1239 χῶδε
1254 1159 1341 1224 IV
1389 1159 1497 1237 42,
1560 1162 1906 1239 zain-dmm
1964 1157 2053 1224 l'V
2098 1158 2161 1236 2,
2226 1158 2551 1235 „sunam
2596 1158 2691 1223 III
2742 1157 2851 1236 32,

470 1265 753 1333 τάκείνου
798 1264 886 1330 IV
928 1264 1034 1344 76,
1084 1263 1382 1345 ὥνθρωπος
1434 1265 1521 1330 IV
1563 1264 1669 1344 74,
1714 1265 1975 1339 τώληθές
2016 1264 2135 1330 VH
2160 1264 2266 1344 70,
2308 1264 2596 1344 rademons
2626 1264 2715 1330 IV
2740 1264 2849 1343 90,

472 1374 922 1449 κῦποδημώτων
969 1372 1086 1437 VII
1127 1371 1234 1451 87,
1284 1374 1487 1454 χῦγίη
1534 1371 1623 1438 IV
1662 1371 1770 1438 86.
1823 1372 1920 1438 Ad
1956 1372 2111 1438 haec
2150 1371 2445 1457 exempla
2481 1372 2855 1459 corrigenda

474 1484 654 1546 erant
700 1480 802 1543 xa>
859 1475 1008 1557 ὕδωρ
1052 1479 1085 1544 Ι
1131 1478 1239 1557 81,
1303 1480 1409 1543 ’καὶ
1457 1480 1725 1556 (ἑο-κέρας
1777 1484 1841 1544 et
1888 1480 1923 1553 ἦ
1970 1480 2205 1555 ἀλεωρή
2252 1478 2316 1543 Π
2364 1478 2472 1556 23,
2501 1478 2609 1557 25,
2660 1479 2854 1543 ἐπέων

474 1584 572 1649 III
619 1583 726 1663 30,
773 1586 876 1650 καὶ
928 1589 997 1659 ἢν
1046 1583 1140 1649 ΙΠ
1188 1583 1295 1663 91,
1345 1585 1449 1651 καὶ
1499 1587 1558 1655 ἐο
1610 1584 1697 1649 IV
1745 1583 1853 1663 80,
1903 1585 2009 1649 καὶ
2058 1585 2159 1649 ἐπὶ
2207 1583 2296 1650 Π
2337 1584 2443 1663 93,
2491 1584 2577 1650 τὰ
2627 1584 2855 1650 ἐκείνου

476 1690 564 1756 IV
591 1688 696 1768 76,
751 1694 858 1755 τοῦ
898 1691 1218 1771 ἀλέκτορος
1262 1691 1369 1772 (of.
1394 1688 1532 1770 AO)
1557 1690 1645 1755 IV
1674 1692 1778 1768 12,
1818 1692 1903 1772 χδ
1928 1692 2099 1768 ἀγών
2122 1689 2211 1756 Π
2235 1690 2341 1769 66,
2368 1690 2437 1755 τὸ
2465 1692 2852 1769 ἐπίγραμμα

477 1797 532 1861 V
559 1794 664 1875 79,
705 1797 812 1873 aL,
850 1796 961 1863 sed
997 1799 1226 1883 papyri
1260 1796 1451 1863 lectio
1488 1797 1818 1863 retinenda
1852 1799 1919 1862 in
1959 1822 2079 1872 μευ
2119 1795 2257 1862 οὔτε
2298 1797 2330 1862 I
2357 1795 2463 1875 58,
2490 1798 2578 1873 μὴ
2604 1798 2853 1861 ἱκετεύω

475 1902 570 1969 III
597 1901 704 1981 71,
745 1907 986 1967 παῦσαι
1028 1900 1236 1968 ἱκαναί
1280 1898 1507 1980 Π181,
1550 1908 1655 1966 καὶ
1701 1904 1917 1977 Eoum,-
1960 1902 2047 1967 IV
2071 1902 2179 1981 26,
2220 1904 2306 1967 τοὶ
2332 1902 2431 1980 ἱροὶ
2457 1902 2546 1969 IV
2572 1900 2678 1981 79,
2722 1909 2851 1982 χρῶ

474 2007 587 2093 3,ss
629 2008 686 2073 V
727 2008 789 2087 6,
829 2034 949 2085 μευ
998 2004 1161 2084 αἷμα
1199 2007 1256 2071 V
1303 2005 1364 2086 7,
1406 2010 1528 2086 ἐγὼ
1570 2010 1738 2083 αἰτίη
1786 2015 1851 2074 et
1898 2006 2019 2085 ἐγώ
2068 2010 2196 2084 εἶμι
2245 2007 2300 2074 V
2350 2008 2433 2074 14
2458 2030 2575 2094 sq„
2618 2018 2696 2087 τῇ
2736 2008 2853 2089 ἰδίη

474 2116 576 2197 (Ρ.
625 2116 796 2198 aaut)
841 2115 898 2179 V
945 2113 1052 2193 37,
1117 2115 1222 2179 καὶ
1272 2114 1383 2193 ἔχε
1432 2114 1487 2177 V
1535 2113 1645 2192 81,
1693 2124 1770 2197 τῇ
1818 2116 1972 2195 οἰκίη
2018 2114 2105 2179 VI
2156 2114 2216 2193 5,
2263 2112 2329 2181 εὖ
2375 2116 2538 2193 ἥλιος
2586 2114 2740 2180 VHI
2789 2113 2851 2193 3,

475 2226 509 2295 ἢ
559 2224 718 2299 αὐτῆ
767 2222 853 2287 VI
901 2221 1009 2299 29,
1058 2220 1378 2287 similibus
1396 2270 1412 2299 ,
1461 2222 1573 2287 ubi
1613 2225 1807 2287 orasis
1846 2244 1969 2288 non
1993 2226 2204 2307 potest
2226 2227 2372 2307 apte
2394 2220 2629 2287 litteris
2657 2223 2855 2308 signi-

472 2328 664 2394 ficari.
733 2325 956 2395 Orasin
1018 2348 1099 2392 an
1162 2329 1530 2413 aphaeresin
1576 2328 1855 2394 voluerit
1898 2326 2197 2393 librarius
2242 2328 2520 2393 scribens
2566 2350 2849 2406 σωισερωι

472 2435 568 2500 ΠΙ
618 2433 702 2501 73
747 2438 1066 2500 incertum
1113 2442 1244 2513 est,
1294 2455 1687 2520 quamquam
1724 2456 1837 2521 pro
1873 2433 1991 2499 illa
2027 2440 2318 2521 pugnant
2340 2433 2582 2499 formae
2607 2433 2854 2509 κῆτερον

472 2547 538 2608 et
578 2542 854 2619 κῆτέρων.
905 2540 1153 2606 Similis
1193 2540 1508 2606 dubitatio
1555 2540 1675 2605 VII
1700 2540 1808 2618 86,
1848 2542 1963 2606 ubi
2001 2547 2097 2605 est
2146 2566 2179 2613 n
2232 2564 2389 2615 κοιτη
2415 2542 2555 2615 =z3
2587 2540 2851 2614 Ἑκάτη.

471 2646 674 2712 Elisio
721 2650 962 2732 passim
1008 2668 1138 2711 non
1183 2647 1516 2713 observata
1565 2653 1641 2711 ut
1686 2646 1716 2711 I
1769 2647 1802 2711 1
1854 2650 2095 2725 θρεισσα
2148 2670 2369 2726 αρκσσι
2410 2646 2496 2711 IV
2538 2645 2620 2711 31
2660 2669 2855 2726 χηνα-

475 2768 730 2819 λωπεκα
781 2778 891 2831 ως,
941 2752 996 2815 V
1041 2750 1123 2816 15
1175 2754 1342 2816 θεισοι
1386 2777 1467 2830 εν,
1510 2752 1565 2816 V
1606 2750 1692 2817 26
1734 2763 1975 2817 Bes-tvm
2016 2759 2202 2830 αΦες,
2242 2751 2329 2816 ib.
2359 2751 2443 2819 79
2470 2777 2853 2831 επιγραμμα

471 2882 653 2939 excato,
703 2865 850 2925 cett.
898 2858 973 2923 In
1019 2859 1248 2924 mediis
1289 2857 1612 2924 vocabulis
1656 2879 1841 2944 saepe
1888 2863 1985 2925 est
2031 2857 2356 2924 vocalium
2401 2883 2450 2936 ε,
2491 2881 2540 2937 ο,
2583 2885 2625 2924 ω
2684 2861 2857 2945 syni-

471 2967 662 3043 zesis,
712 2965 821 3029 sed
870 2965 1066 3035 ἐόντες
1112 2964 1178 3029 II
1218 2963 1303 3029 53
1344 2960 1545 3033 εὖντες
1586 2965 1858 3030 seribere
1896 2963 2125 3042 malui,
2167 2969 2243 3029 ut
2280 2964 2501 3030 εὖντων
2543 2970 2641 3029 est
2673 2946 2743 3028 11'
2762 2962 2851 3029 58

472 3080 538 3137 et
597 3070 685 3135 VI
733 3068 841 3149 35,
891 3065 1076 3134 εὗσαν
1127 3070 1182 3133 V
1235 3069 1315 3135 16
1364 3075 1430 3135 et
1475 3070 1713 3135 similia
1760 3068 1951 3148 alibi,
1998 3070 2079 3135 ad
2123 3070 2514 3155 eandemque
2558 3090 2854 3135 normam

471 3178 774 3256 ὃρμεῦσαν
837 3176 870 3241 I
917 3176 1003 3241 42
1065 3197 1178 3262 pro
1242 3176 1448 3241 forma
1509 3178 1724 3241 Attica
1788 3179 2018 3263 papyri
2082 3178 2405 3252 ὁρμοῦσαν,
2471 3182 2535 3241 et
2598 3177 2651 3240 si
2697 3175 2853 3260 quid

471 3282 644 3347 aliud
692 3282 1065 3367 neglectum
1109 3302 1146 3347 a
1195 3280 1651 3347 Rutherfordio
1699 3281 1923 3346 eodem
1968 3284 2262 3367 pertinet.
2311 3281 2588 3367 Epicum
2637 3279 2809 3351 ὅσσος
2832 3328 2849 3358 ,

472 3388 641 3475 quod
681 3391 899 3475 paucis
944 3387 1102 3454 loeis
1147 3386 1286 3453 MS.
1335 3388 1530 3454 habet
1573 3409 1687 3474 pro
1734 3384 1865 3458 ὅσος
1914 3386 2165 3453 librarii
2212 3409 2375 3466 esse,
2426 3410 2549 3453 non
2589 3394 2849 3475 poetae,

471 3497 690 3582 arguit
755 3492 852 3561 III
896 3492 983 3559 84
1047 3496 1180 3559 sine
1244 3493 1473 3560 mendo
1536 3497 1845 3579 repetitus
1908 3492 1965 3556 V
2012 3491 2074 3571 8,
2136 3514 2330 3579 quare
2396 3493 2550 3559 alibi
2600 3512 2850 3579 quoque

470 3602 804 3689 volgarem
849 3601 1125 3665 formam
1169 3602 1445 3665 restitui.
1493 3600 1755 3664 Formas
1800 3599 2047 3665 Ionicas
2096 3600 2400 3675 ἐμεωυτοῦ
2445 3603 2589 3665 sim.
2630 3600 2850 3684 paucis

469 3707 628 3772 loeis
716 3713 995 3774 servatas
1080 3705 1316 3791 ubique
1383 3704 1677 3770 Herodae
1743 3727 1858 3790 pro
1929 3706 2159 3771 Atticis
2234 3705 2553 3792 (neglecto
2616 3704 2671 3768 V
2736 3703 2850 3784 78)

471 3814 753 3878 restituit
811 3810 1223 3876 Rutherford.
1289 3808 1609 3875 Notabilis
1670 3818 1765 3875 est
1835 3814 2179 3876 eontraotio
2246 3814 2553 3876 inusitata
2622 3812 2848 3888 δοῦμωι

468 3918 536 3999 (1.
586 3919 835 3997 δεῦμαι)
896 3939 1011 4003 pro
1074 3916 1286 3992 δέομαι
1334 3914 1391 3978 V
1441 3914 1544 3981 19.
1610 3916 1704 3981 De
1754 3918 2180 3981 contractione
2226 3915 2455 3981 Dorica
2500 3916 2846 3982 verborum

465 4026 532 4089 in
593 4022 720 4102 οὶω,
781 4030 856 4087 ut
927 4024 1060 4104 ὅρῇς
1111 4024 1256 4086 sim.
1307 4027 1372 4087 et
1418 4022 1496 4086 de
1543 4022 1751 4088 forma
1797 4022 2026 4087 Dorica
2074 4026 2333 4099 γλᾶσσα
2383 4023 2515 4087 vid.
2564 4021 2847 4109 Kenyon

467 4151 615 4217 pag.
659 4129 719 4194 4.
769 4127 1188 4193 Scribendum
1233 4147 1368 4192 esse
1415 4132 1714 4203 γλᾶσσαν
1754 4148 1879 4193 non
1917 4129 2236 4206 γλῶσσαν,
2278 4132 2355 4192 ut
2390 4127 2540 4192 fecit
2578 4127 2851 4192 Ruther-

467 4235 604 4299 ford
625 4284 638 4309 ,
702 4236 918 4320 arguit
979 4237 1208 4312 πρᾶτος
1235 4258 1315 4284 =
1340 4240 1604 4311 πρῶτος,
1654 4234 1735 4299 al.
1798 4234 2052 4300 Passim
2109 4234 2353 4321 legitur
2414 4236 2510 4310 μᾶ
2530 4282 2547 4313 ,
2598 4234 2676 4301 do
2722 4254 2850 4320 qua

468 4342 899 4406 interiectione
947 4340 1024 4403 ef.
1075 4338 1362 4405 Fritsche
1412 4340 1490 4404 ad
1537 4338 1798 4406 Theoer.
1850 4340 1968 4405 XV
2016 4339 2123 4406 89.
