3192 5009
561 316 602 385 4
1572 336 1907 388 nonanus.

557 504 686 570 illis
744 507 900 569 artis
960 507 1308 591 magistris.
1370 503 1510 569 Hae
1555 509 1773 569 autem
1819 507 2142 569 communi
2190 507 2570 591 scriptorum
2614 506 2925 572 Romano-

555 634 703 679 rum
747 612 1106 677 eondicione
1141 612 1588 698 praetermissa
1623 611 1997 676 aestimandi
2037 616 2186 676 sunt
2222 633 2335 699 per
2370 634 2436 678 se
2455 662 2471 691 ‚
2513 614 2667 699 quid
2705 635 2819 699 pro
2854 634 2923 678 re

553 724 700 783 nata
755 718 994 784 efficere
1053 720 1377 805 potuerint
1437 724 1502 784 et
1549 718 1704 804 quid
1751 718 2066 783 effecerint
2082 768 2098 796 ‚
2150 724 2338 804 atque
2386 719 2833 786 abstinendum
2883 741 2919 785 a

553 825 1144 911 reprehensionibus
1214 830 1278 889 et
1349 827 1651 890 conviciis
1670 874 1686 902 ‚
1766 846 2037 911 quorum
2108 825 2186 889 ad
2252 828 2492 891 iustam
2558 826 2922 892 litterarum

553 930 928 997 Latinarum
979 933 1406 1018 cognitionem
1451 930 1629 995 nulla
1675 930 1953 1017 amplius
2001 938 2096 996 est
2141 931 2410 997 utilitas.
2460 932 2723 999 Fuerint
2767 934 2920 998 haee

555 1060 678 1103 non
723 1041 916 1103 nimis
957 1040 1118 1103 vitio
1159 1038 1458 1102 vertenda
1474 1086 1490 1115 ‚
1533 1059 1684 1103 oum
1725 1037 1884 1103 olim
1922 1037 2122 1103 stulta
2158 1044 2224 1103 et
2261 1041 2476 1124 inepta
2514 1043 2922 1125 antiquorum

555 1166 821 1231 operum
874 1144 1210 1210 admiratio
1258 1145 1704 1231 impugnanda
1747 1149 1811 1209 et
1856 1145 2159 1210 radicitus
2206 1144 2530 1211 evellenda
2575 1146 2918 1224 videretur,

555 1252 664 1318 sed
707 1274 872 1317 nune
918 1272 992 1317 ea
1037 1272 1224 1337 opera
1269 1272 1528 1337 prorsus
1575 1256 1671 1315 est
1717 1252 1951 1328 otiosa,
2001 1253 2159 1336 quin
2202 1253 2403 1316 immo
2451 1254 2659 1317 noxia.

643 1358 864 1445 Itaque
911 1361 1118 1423 miror
1151 1360 1368 1423 virum
1409 1358 1855 1423 doctissimum
1900 1356 1968 1421 H
1987 1364 2309 1423 artman
2328 1380 2516 1423 num
2560 1361 2629 1423 in
2669 1356 2920 1423 relictas

553 1471 618 1531 et
677 1464 1114 1550 relinquendas
1175 1462 1319 1528 illas
1380 1461 1616 1528 orbitas
1682 1462 1959 1528 rediisse.
2009 1462 2124 1530 Ille
2174 1466 2345 1530 enim
2391 1466 2460 1529 in
2504 1463 2665 1529 libro
2715 1484 2921 1550 nuper

553 1572 722 1637 edito
751 1571 800 1653 ¹)
868 1572 1103 1656 partim
1170 1568 1699 1655 Peerlkampiana
1764 1569 2001 1635 iudicia
2018 1617 2034 1646 ,
2102 1573 2281 1656 quasi
2352 1573 2483 1636 iam
2553 1570 2917 1636 oblitterata

554 1683 718 1743 esset
774 1697 997 1742 eorum
1048 1677 1359 1742 memoria
1375 1725 1392 1754 ‚
1441 1677 1765 1743 revocavit
1782 1724 1798 1753 ,
1849 1678 2086 1763 partim
2133 1676 2208 1742 de
2256 1697 2371 1741 suo
2416 1676 2658 1742 addidit
2703 1677 2921 1742 verbo-

553 1802 729 1849 rum·
767 1804 1072 1849 versuum
1139 1782 1542 1869 stropharum
1606 1782 2041 1847 damnationes
2106 1785 2219 1847 vix
2264 1786 2481 1848 minus
2528 1785 2914 1849 temerarias.

553 1889 678 1971 Qui
761 1891 819 1955 si
898 1889 1069 1955 haud
1138 1888 1559 1975 spernendum
1626 1891 1961 1976 ingenium
2026 1893 2093 1954 et
2159 1892 2457 1974 peritiam
2526 1888 2917 1955 adhibuisset

552 1995 632 2061 ad
711 1994 1158 2081 inquirendum
1225 1993 1581 2081 diligenter,
1655 2015 1779 2080 qua
1845 1997 2088 2059 ratione
2154 1994 2395 2081 lapides
2465 2000 2531 2060 et
2598 1992 2882 2081 scrupuli
2898 2042 2915 2071 ,

552 2103 782 2188 quibus
851 2100 1199 2166 identidem
1264 2101 1492 2186 pedem
1565 2099 1850 2179 offendit,
1920 2106 2177 2186 possent
2244 2103 2556 2167 removeri
2573 2150 2590 2179 ‚
2652 2107 2917 2166 eventus

550 2209 711 2274 hane
756 2228 1011 2293 operam
1055 2228 1180 2272 non
1226 2205 1554 2271 fefellisset
1569 2254 1586 2284 ,
1637 2208 1790 2291 quin
1836 2210 2031 2272 etiam
2077 2206 2343 2272 vidisset
2386 2206 2663 2273 aliorum
2706 2206 2917 2272 lauda·

551 2313 669 2380 bili
735 2313 1049 2378 industria
1115 2333 1242 2377 non
1303 2333 1506 2398 pauca
1571 2312 1893 2378 obstacula
1966 2315 2096 2378 iam
2171 2334 2305 2379 esse
2382 2319 2625 2379 remota
2642 2363 2659 2392 ‚
2744 2312 2913 2399 quod

551 2418 860 2505 exemplis
909 2418 1371 2484 demonstrabo.

641 2524 716 2590 In
764 2546 891 2590 vss.
940 2524 1004 2588 Π
1048 2524 1112 2589 2.
1139 2522 1201 2589 9.

910 2630 1200 2696 Latius
1249 2649 1544 2715 reg-nes
1592 2630 1926 2695 avidum
1973 2631 2375 2697 domando

910 2737 1327 2823 Spiritum
1373 2757 1611 2822 quam
1657 2739 1726 2801 si
1771 2737 2115 2825 Libyam
2163 2742 2515 2805 remotis

909 2841 1276 2910 Gadibus
1320 2844 1625 2929 iungas
1672 2858 1752 2908 et
1798 2850 2151 2930 uterque
2201 2846 2533 2911 Poenus

910 2948 1248 3015 Serviat
1294 2950 1438 3012 uni
1487 2986 1572 2996 --

550 3078 709 3143 quae
767 3062 976 3142 potest
1039 3076 1174 3120 esse
1235 3056 1406 3119 iusta
1451 3052 1752 3120 offensio?
1801 3056 1967 3121 Nam
2012 3064 2365 3143 uterque
2413 3058 2730 3124 Poenus
2776 3059 2908 3142 qni-

549 3184 701 3228 nam
758 3160 1210 3247 intellig-untur
1269 3161 1394 3224 nisi
1454 3159 1664 3225 coloni
1722 3162 2000 3229 Africani
2064 3170 2127 3228 et
2175 3160 2475 3231 Gaditani
2521 3164 2597 3228 ab
2643 3169 2910 3249 utraque

551 3271 744 3335 maris
804 3273 983 3354 parte
1029 3268 1374 3331 servientes
1416 3268 1484 3329 in
1531 3267 1818 3333 eiusdem
1866 3268 2106 3334 domini
2150 3266 2469 3355 praediis?
2514 3269 2612 3335 Ita
2658 3272 2913 3357 apertis—

551 3378 715 3440 sima
761 3380 924 3440 esset
970 3372 1162 3438 dictio
1219 3379 1359 3437 ute
1380 3394 1526 3458 rqu
1545 3395 1580 3439 e
1642 3373 1695 3439 B
1713 3379 2006 3441 atavus
2025 3424 2041 3455 ,
2092 3378 2149 3441 si
2190 3378 2628 3462 praecessisset
2672 3378 2911 3442 mentio

549 3479 960 3549 Neerlandiae
1031 3484 1095 3545 et
1165 3477 1588 3544 Transvaliae.
1662 3478 1959 3547 Ceterum
2034 3482 2169 3548 Ad.
2231 3481 2675 3569 Kiessling·
2744 3488 2911 3549 recte

551 3588 946 3672 comparavit
991 3584 1369 3650 Petronium
1409 3582 1494 3648 48
1543 3606 1753 3651 nunc
1800 3589 2312 3675 coniungere
2359 3587 2673 3675 agellis
2718 3587 2914 3654 Siei-

550 3694 756 3759 liam
792 3691 979 3757 volo
1020 3712 1074 3756 e.
1101 3713 1161 3776 q.
1187 3712 1261 3768 s.‚
1302 3691 1414 3755 ubi
1452 3711 1579 3755 non
1618 3694 1830 3779 magis
1870 3695 2279 3780 cogitandum
2318 3694 2395 3760 de
2416 3702 2607 3780 ponte
2630 3694 2910 3760 faciendo

547 3804 618 3867 in
661 3800 820 3865 freto
867 3797 1081 3863 Siculo
1129 3816 1322 3882 quam
1367 3797 1432 3861 h.
1458 3796 1502 3861 1.
1551 3799 1620 3861 in
1665 3798 1823 3864 freto
1871 3796 2185 3866 Gaditano
2233 3800 2575 3881 (Hartm.
2624 3824 2686 3887 p.
2727 3799 2863 3882 23).

639 3905 714 3971 In
755 3904 787 3969 I
833 3903 939 3970 32.
965 3902 1028 3969 4.

1490 4029 1675 4096 age,
1724 4010 1852 4077 die
1894 4011 2291 4078 Latinum

910 4114 1280 4192 Barbite,
1329 4134 1694 4194 carmen,

910 4221 1207 4288 Lesbio
1254 4224 1619 4308 primum
1663 4223 2092 4292 modulate
2139 4228 2311 4293 civi

621 4462 667 4521 1)
703 4462 783 4508 De
819 4458 1085 4509 Horatio
1120 4462 1304 4527 poete
1337 4458 1527 4527 scripsit
1560 4460 1608 4511 J.
1643 4461 1691 4512 J.
1730 4460 2031 4512 Hartman
2074 4460 2223 4527 Lugd.
2264 4460 2367 4513 nst.
2407 4459 2553 4512 1801.
