3192 5009
485 234 612 299 104
1334 250 1976 300 onsnnu‘mmom

478 417 726 505 placuit
739 467 756 495 ‚
804 416 925 482 viri
971 418 1106 482 boni
1153 418 1451 481 arbitratu
1502 423 1884 503 sumptuum
1932 420 2206 483 rationes
2251 415 2644 483 deducendas
2691 434 2854 481 esse.

478 524 781 611 Alioquin
828 523 1190 610 simplicem
1234 524 1413 589 daret
1459 523 1924 590 condictionem
1942 573 1958 601 ,
2005 524 2150 609 quia
2181 524 2330 611 plus
2365 523 2558 587 debito
2593 522 2858 585 solutum

467 653 587 714 per
630 630 1053 695 condictionem
1096 637 1251 695 recte
1300 630 1652 712 recispfijtur
1695 629 1996 709 (Iavolen.
2045 630 2088 695 l.
2131 629 2214 695 45
2255 628 2332 695 D.
2381 628 2484 694 12.
2513 627 2602 709 6).
2649 626 2856 692 Fraus

478 743 694 823 aperta
756 744 886 814 est,
948 758 1149 821 neque
1212 738 1385 801 enim
1430 757 1496 801 se
1545 757 1766 823 regere
1813 739 2027 823 potuit
2071 735 2358 802 Iulianus
2375 785 2390 813 ,
2440 734 2520 801 ad
2566 733 2635 799 id
2681 730 2852 818 quod

476 842 685 908 multo
708 850 853 928 post
874 845 1225 929 scripturus
1249 847 1415 907 esset
1438 842 1846 928 Papinianus.
1887 842 2212 909 Eiicienda
2233 844 2440 929 igitur
2461 862 2592 905 vox
2611 838 2849 902 incerti.

568 948 750 1013 Alter
792 948 970 1014 locus
1016 951 1108 1013 ita
1156 969 1225 1013 se
1272 950 1498 1014 habet:

748 1078 876 1119 cum
936 1054 1084 1140 quid
1129 1055 1411 1138 precario
1472 1062 1740 1136 roqatum
1801 1063 1889 1123 ¹est
1904 1104 1919 1132 ,
1983 1078 2101 1119 non
2160 1056 2348 1119 solum
2395 1052 2711 1117 interdicto
2755 1050 2852 1113 uti

739 1183 1052 1244 poscumus
1088 1163 1194 1224 sed
1224 1168 1283 1224 et
1319 1163 1545 1225 incerti
1578 1161 1990 1237 condictione,
2031 1160 2100 1225 id
2123 1167 2210 1225 est
2220 1157 2620 1243 praescriptis
2643 1156 2853 1221 verbio.

571 1264 766 1333 Civili
824 1269 1065 1331 actione
1120 1288 1245 1332 non
1291 1268 1491 1332 teneri
1539 1287 1690 1332 eum
1738 1269 1850 1352 qui
1896 1266 2050 1351 quid
2096 1268 2375 1352 precario
2421 1265 2742 1351 rogaverit
2787 1264 2856 1327 et

480 1373 743 1441 Paulus,
767 1375 830 1438 et
876 1372 1186 1458 Ulpianus
1231 1374 1515 1437 scribunt
1552 1372 1599 1437 l.
1646 1372 1730 1437 14
1769 1371 1847 1437 D.
1875 1372 1982 1438 43.
2011 1372 2119 1450 26,
2158 1372 2202 1437 l.
2236 1371 2318 1436 l4
2357 1374 2394 1457 ξ
2425 1371 2502 1436 11
2549 1369 2627 1435 D.
2655 1366 2761 1434 47.
2789 1366 2853 1431 2.

481 1478 845 1545 Contrariae
916 1481 1263 1551 sententiae
1332 1478 1531 1543 iidem
1594 1483 1746 1544 sunt
1811 1484 2098 1543 auctores
2115 1527 2132 1555 ‚
2197 1476 2510 1563 Ulpianus
2568 1474 2613 1540 l.
2663 1473 2706 1539 2
2751 1471 2858 1559 §2

483 1584 561 1649 D.
612 1583 719 1648 43.
749 1583 857 1661 26,
916 1583 1159 1649 Paulus
1222 1583 1393 1649 Sent.
1443 1584 1519 1648 V.
1573 1584 1635 1649 6.
1685 1583 1855 1669 §lQ
1923 1582 2146 1649 Danda
2208 1586 2264 1648 si
2308 1585 2394 1648 sit
2439 1584 2637 1658 acti0,
2685 1599 2862 1665 prae-

485 1692 736 1775 scriptis
804 1689 1014 1755 verbis
1084 1692 1365 1755 maxime
1436 1692 1760 1768 convenit3
1837 1691 1973 1755 fieri
2039 1695 2253 1755 tamen
2315 1694 2525 1774 potest
2585 1692 2660 1751 ut
2720 1689 2862 1772 ipsa

484 1797 677 1863 verba
745 1796 855 1871 „id
899 1802 985 1859 est
1020 1796 1423 1879 praescriptis
1468 1794 1702 1859 verbic''
1752 1817 1790 1860 a
1832 1798 2066 1861 veteris
2110 1798 2268 1860 iuris
2317 1792 2861 1879 Gompilatoribus

483 1906 736 1968 invecta
802 1905 948 1967 sint.
1015 1901 1109 1966 De
1170 1902 1287 1967 hac
1334 1905 1575 1967 actione
1625 1904 1936 1987 cogitasse
1980 1900 2336 1980 Iulianum,
2387 1902 2452 1966 et
2497 1907 2594 1965 est
2639 1920 2754 1985 per
2797 1917 2864 1962 se

485 2007 809 2095 probabile
828 2056 843 2084 ,
895 2010 959 2073 et·
998 2028 1070 2073 eo
1110 2008 1589 2073 confirmaretur
1629 2008 1796 2093 quod
1836 2006 2067 2073 Iuliani
2103 2010 2502 2093 epitomator,
2527 2005 2860 2091 Ulpianus,

484 2116 647 2179 hanc
711 2116 1026 2179 actionem
1084 2116 1460 2179 nominatim
1528 2112 1809 2200 appellat
1871 2112 1939 2193 (l.
1992 2113 2033 2178 2
2097 2112 2198 2199 §2
2262 2112 2341 2177 D.
2393 2111 2497 2177 43.
2527 2110 2676 2191 26),
2743 2110 2866 2173 nisi

485 2240 689 2305 nuper
754 2221 911 2285 viris
977 2219 1177 2284 doctis
1226 2219 1600 2307 religionem
1648 2222 1969 2285 iniecisset
2017 2216 2416 2285 Gradenwitz
2445 2216 2518 2298 ¹),
2604 2215 2864 2301 Ulpiani

490 2348 619 2391 non
667 2346 803 2391 esse
849 2325 1037 2391 haec:

760 2430 963 2515 itaque
1024 2454 1152 2493 cum
1212 2430 1363 2516 quid
1404 2432 1687 2513 precario
1736 2438 2006 2512 roqatum,
2054 2438 2140 2494 est
2157 2480 2172 2509 ,
2222 2454 2341 2494 non
2381 2430 2572 2494 sobam
2617 2430 2726 2493 hoc
2770 2428 2863 2491 in-

759 2536 1005 2599 terdicto
1055 2536 1148 2599 uti
1182 2558 1498 2619 poscumus
1516 2586 1532 2615 ,
1580 2539 1687 2600 sed
1733 2536 1912 2600 etiam
1937 2536 2344 2619 praescriptis
2382 2535 2573 2601 verbio
2613 2535 2864 2611 actione,

759 2664 909 2726 quac
956 2664 1027 2705 ex
1075 2643 1225 2706 bona
1255 2644 1391 2724 fide
1439 2642 1651 2707 oritwr.

582 2748 947 2835 Utcumque
995 2750 1113 2825 sit,
1165 2746 1413 2817 Iuliano
1461 2748 1670 2814 multo
1716 2751 1928 2834 magis
1978 2751 2270 2813 convenit
2317 2751 2558 2813 incerta
2592 2744 2869 2812 formula

492 2876 683 2942 quam
729 2857 955 2919 incerti
1002 2854 1335 2920 condictio.
1388 2852 1824 2941 Obligatio'nes
1871 2876 1994 2919 non
2043 2854 2348 2931 condicit,
2396 2854 2504 2919 sed
2549 2854 2715 2938 petit
2758 2872 2870 2937 per

489 2964 796 3027 incertam
844 2960 1207 3026 formulam.
1258 2960 1597 3027 Faceretne
1619 3009 1635 3038 ,
1685 2964 1740 3027 si
1785 2968 1952 3027 esset
1998 2960 2212 3046 aliqua
2249 2963 2476 3026 incerti
2513 2956 2870 3025 condictio?

491 3068 718 3153 Itaque
780 3067 883 3131 hic
948 3087 1199 3152 quoque
1263 3089 1373 3152 pro
1438 3068 1656 3131 incerti
1700 3067 2070 3131 condictione
2115 3068 2552 3153 reponendum
2598 3073 2731 3132 est:
2780 3065 2873 3129 in-

497 3180 657 3238 certa
687 3172 995 3259 formula.

586 3279 823 3359 Quodsi
869 3279 1023 3343 haec
1070 3278 1423 3364 placuerint
1443 3328 1459 3356 ,
1508 3282 1802 3364 sequitur
1846 3279 2018 3365 apud
2065 3277 2392 3343 Iulianum
2437 3278 2694 3343 nullum
2741 3298 2877 3343 sen·

496 3407 643 3452 sum
692 3405 826 3450 esse
872 3386 1019 3448 certi
1067 3384 1475 3449 condictionis.
1540 3384 1710 3451 Nam
1757 3388 1867 3470 qui
1911 3407 2035 3450 non
2081 3387 2252 3451 norit
2297 3385 2514 3448 incerti
2559 3384 2877 3449 condictio-

498 3516 625 3557 nem
646 3541 661 3569 ,
725 3492 898 3556 idem
956 3490 1127 3555 haud
1173 3493 1384 3578 mag-is
1432 3491 1579 3555 certi
1630 3492 2048 3555 condictionem
2097 3489 2533 3577 appellaverit.
2597 3490 2876 3575 Interpo-

497 3599 655 3664 latio
702 3600 909 3683 igitur
954 3596 1259 3662 facillime
1308 3600 1677 3685 agnoscitur
1721 3600 1788 3661 in
1837 3599 2008 3663 hisce
2054 3597 2122 3676 (l.
2178 3595 2258 3663 17
2307 3597 2410 3682 §2
2458 3596 2536 3661 D.
2586 3595 2693 3660 25.
2721 3596 2824 3675 2);

767 3726 885 3767 non
920 3704 1109 3767 sobam
1148 3727 1247 3767 eas
1284 3726 1379 3767 res
1418 3726 1567 3788 quae
1607 3710 1846 3781 extant,
1888 3704 1956 3767 in
1995 3726 2189 3767 rerum
2229 3711 2554 3767 amotarum
2584 3702 2874 3766 iudicium

768 3808 969 3873 venire
986 3858 1003 3886 ‚
1046 3809 1330 3872 [vibianus
1368 3809 1492 3887 ait,
1522 3832 1732 3899 'verum
1772 3809 1949 3873 etiam
1987 3833 2086 3873 cac
2103 3859 2118 3887 ,
2157 3833 2307 3895 quae
2345 3810 2414 3872 in
2438 3832 2632 3873 rerum
2655 3816 2876 3872 natura

771 3938 891 3979 csse
928 3914 1251 3979 desierunt.
1297 3916 1495 3979 Simibi
1532 3918 1698 3981 modo
1723 3916 1900 3980 etiam
1925 3918 2134 3999 [certi]
2161 3916 2394 3979 condici
2418 3938 2516 3979 eas
2527 3937 2703 3997 posce
2721 3964 2737 3992 ,
2763 3914 2874 3979 ait.

592 4022 769 4087 Alias
810 4020 1173 4086 videbimus
1192 4070 1209 4098 ‚
1250 4024 1381 4086 utri
1420 4022 1572 4087 haec
1605 4020 2013 4107 interpolatio
2031 4072 2048 4101 ‚
2077 4021 2458 4089 Triboniano
2478 4041 2558 4085 an
2580 4019 2875 4105 Ulpiano,

500 4131 717 4215 potius
764 4127 1100 4192 tribuenda
1146 4128 1250 4192 sit.

576 4370 623 4435 1)
662 4369 1069 4439 Interpotationen
1102 4387 1147 4439 p.
1186 4370 1463 4425 las-180.
