3192 5009
1101 381 1185 433 1111
1229 381 1500 434 'taurus
1544 383 1845 434 8011111118.
2536 365 2667 433 367

291 571 460 640 quae
506 555 914 619 consisterent
956 556 1026 617 in
1071 554 1262 616 verbis
1307 557 1374 618 et
1413 553 1697 621 formulis
1734 553 2139 618 manentibus
2156 603 2173 631 ,
2216 573 2373 639 quae
2412 555 2664 637 scriptis

293 659 600 725 mandata
657 658 874 725 sedulo
935 665 1440 736 asservarentur3
1510 662 1671 725 actio
1720 680 1845 744 qua
1890 659 2378 725 conficiebantur
2422 664 2487 724 et
2532 680 2672 744 pro-

291 767 754 832 nuntiabantur
798 767 916 831 hae
961 765 1274 832 formulae
1293 813 1308 842 ,
1351 787 1510 851 quae
1552 766 1954 831 continebant
1990 769 2205 830 omnia
2234 765 2465 851 quibus
2512 785 2672 850 opus

293 879 463 938 esset
496 872 576 936 ad
597 872 871 937 formam
893 871 1019 936 1001
1047 870 1544 958 cognoscendam
1569 877 1633 936 et
1656 873 1795 957 ipsa
1817 873 2002 958 signa
2025 871 2235 937 ablata
2259 870 2669 948 restituenda,

293 978 626 1045 dicebatur
670 977 886 1044 locum
931 977 1216 1042 effari.

392 1083 790 1170 Quantopere
853 1087 922 1149 in
983 1085 1435 1148 constitutione
1494 1082 1724 1148 finium
1784 1090 2145 1149 versaretur
2200 1104 2455 1148 summa
2497 1086 2674 1149 inau-

292 1193 653 1278 gurationis
670 1239 688 1268 ,
729 1189 1050 1254 indicatur
1089 1188 1412 1255 vocabulis
1443 1189 1690 1254 duobus
1721 1190 1847 1254 huc
1870 1190 2349 1275 pertinentibus.
2375 1181 2674 1255 Primum

289 1299 368 1360 in
425 1298 564 1382 ipso
625 1295 934 1362 vocabulo
998 1296 1279 1378 tempbwm
1339 1295 1518 1360 nulla
1581 1295 1709 1360 alia
1761 1303 2011 1382 praeter
2056 1296 2215 1360 hanc
2261 1299 2429 1361 inest
2474 1299 2671 1362 notio.

293 1401 640 1487 Templum
657 1451 674 1481 ,
724 1424 760 1468 a
809 1402 1008 1478 τέμνω
1027 1450 1044 1479 ,
1094 1410 1190 1467 081
1234 1404 1448 1487 quivis
1490 1401 1671 1468 locus
1710 1405 1897 1468 certis
1933 1403 2121 1468 lineis
2158 1405 2675 1489 circumscriptus

295 1515 366 1573 et
423 1511 604 1594 quasi
649 1510 949 1574 abscisus.
996 1507 1166 1572 Hinc
1213 1511 1500 1594 primum
1545 1509 1938 1595 applicatum
1986 1515 2083 1574 est
2127 1509 2245 1574 1100
2290 1508 2676 1574 vocabulum

295 1614 380 1681 ad
440 1620 845 1700 prospectum
906 1635 1098 1699 quem
1157 1617 1223 1678 in
1279 1619 1419 1680 aere
1469 1617 1655 1679 certis
1701 1613 1886 1680 lineis
1934 1614 2009 1680 de
2058 1621 2226 1680 terra
2273 1622 2337 1680 et
2381 1614 2458 1680 (10
2506 1613 2679 1679 08010

297 1722 482 1805 (18881
525 1718 772 1785 desecat
805 1722 862 1784 is
899 1723 1012 1804 qui
1051 1723 1417 1806 auspicatur
1433 1770 1450 1798 ,
1493 1727 1558 1786 et
1595 1723 1689 1786 ita
1734 1720 2055 1806 templum
2096 1720 2341 1785 dictum
2380 1726 2476 1785 est
2512 1719 2681 1785 illud

297 1825 471 1910 quod
515 1847 632 1891 nos
677 1826 955 1890 diximus
997 1829 1244 1892 aerium
1273 1825 1340 1908 ¹).
1385 1826 1629 1892 Deinde
1669 1847 1818 1892 vero
1858 1826 2250 1913 applicatum
2290 1833 2385 1892 081
2424 1825 2503 1892 8(1
2539 1825 2679 1892 1008

297 1935 624 1998 terrestria
682 1955 843 2018 quae
889 1937 1076 1999 certis
1121 1933 1306 1998 lineis
1353 1936 1829 2018 circumscripta
1874 1933 1950 1998 de
1998 1939 2167 1999 terra
2213 1935 2393 2019 quasi
2440 1933 2685 1999 deseca-

299 2038 563 2115 bantur,
601 2045 703 2104 ·ut
760 2042 828 2104 18
889 2043 980 2104 018
1032 2039 1287 2124 publice
1333 2045 1398 2104 et
1445 2042 1771 2124 auspicato
1819 2046 2194 2127 gererentur
2240 2060 2339 2105 res
2388 2040 2679 2125 publicae

301 2149 368 2209 et
428 2165 634 2210 sacrae
661 2144 732 2224 ²).
799 2144 925 2210 Sed
985 2148 1350 2231 ceteroquin
1401 2151 1674 2231 uterque
1719 2167 1874 2211 usus
1921 2148 2113 2212 huius
2166 2145 2463 2212 vocabuli
2511 2168 2685 2234 pror-

303 2271 414 2315 sus
475 2272 587 2335 per
647 2272 713 2316 se
775 2257 902 2316 stat
963 2273 1166 2338 neque
1225 2251 1362 2316 ulla
1421 2255 1663 2318 ratione
1709 2259 2031 2338 praeterea
2080 2274 2156 2318 ex
2204 2252 2403 2318 altero
2451 2253 2683 2338 pendet

303 2355 613 2432 alterum3
680 2357 848 2443 quod
909 2379 1111 2423 unum
1175 2357 1564 2423 vocabulum
1626 2357 1705 2423 ad
1752 2357 1909 2424 duas
1954 2380 2053 2424 res
2098 2379 2355 2444 prorsus
2401 2358 2683 2424 diversas

307 2463 482 2548 (nam
544 2465 741 2528 etiam
785 2463 1012 2529 modus
1059 2484 1184 2549 quo
1230 2464 1386 2530 fines
1433 2465 1982 2529 constituebantur
2024 2468 2093 2530 in
2140 2471 2409 2551 utraque
2454 2485 2684 2549 nequa-

303 2589 498 2654 quam
552 2569 726 2636 idem
788 2573 949 2655 erat)
1010 2569 1371 2635 adhibitum
1420 2577 1516 2635 est
1563 2591 1601 2635 a
1646 2569 1953 2635 Romanis
1970 2619 1985 2647 ,
2051 2569 2117 2634 id
2170 2592 2295 2635 non
2340 2570 2527 2636 debet
2573 2591 2684 2636 1108

303 2674 641 2761 perducere
687 2681 761 2740 ut
807 2677 920 2740 has
965 2697 1064 2741 res
1107 2675 1277 2741 male
1323 2675 1805 2742 confundamus.
1859 2675 1934 2740 In
1980 2696 2053 2742 ea
2100 2675 2562 2762 significatione
2609 2676 2685 2741 de

305 2801 430 2866 qua
481 2784 736 2868 agimus
755 2831 770 2860 ,
819 2786 920 2846 vis
964 2782 1261 2848 vocabuli
1309 2782 1629 2868 templum
1678 2804 1935 2868 prorsus
1984 2785 2278 2847 convenit
2326 2785 2539 2848 sensui
2584 2803 2690 2847 na-

303 2891 442 2952 tivo
503 2889 804 2954 vocubuli
864 2893 1113 2966 τέμενος
1143 2892 1213 2973 ³).
1267 2927 1349 2938 —
1389 2888 1630 2955 Deinde
1693 2888 2105 2954 memorabile
2160 2894 2256 2953 est
2301 2887 2684 2953 vocabulum

305 2991 623 3059 Graecum
642 3044 658 3072 ,
708 3016 831 3080 quo
881 2995 1348 3081 „inaugurare”
1391 3017 1428 3060 a
1467 2995 1775 3082 Dionysio
1813 2994 2102 3060 redditur
2142 2993 2203 3059 3.
2234 2991 2339 3070 ¹70,
2382 2994 2551 3079 quod
2590 3001 2687 3058 est

305 3099 657 3180 τεμενίζειν.
720 3102 953 3187 Augur
974 3151 990 3178 ,
1053 3104 1145 3166 ait
1190 3102 1538 3188 Dionysius
1557 3151 1574 3178 ,
1624 3105 1736 3186 qui
1783 3104 1965 3166 iussu
2014 3100 2347 3185 Tarquinii
2389 3100 2689 3166 liberavit

305 3203 701 3292 Capitolium
756 3213 821 3272 et
877 3210 1297 3293 inauguravit
1360 3205 1679 3293 templum
1701 3256 1717 3284 ,
1765 3207 1792 3270 ὅ
1842 3213 1956 3271 τῶν
2008 3207 2410 3271 οἰωνοσκόπων
2462 3206 2691 3286 ἐπιφαι-

307 3311 596 3386 rba-raros
640 3314 670 3378 ὃ
709 3313 847 3386 τοὺς
887 3314 1137 3389 βωμοὺς
1179 3313 1721 3393 μενθιδρυσάμενος
1748 3313 1949 3376 καὶτὸ
1974 3313 2123 3392 ἱερὸν
2150 3317 2256 3376 τοῦ
2285 3315 2428 3383 Διὸς
2468 3335 2693 3390 τεμε-
2724 3347 2739 3366 s

307 3421 538 3492 νΙσας
569 3468 583 3484 .
613 3469 628 3483 .
659 3469 673 3484 .
703 3469 718 3484 .
762 3427 895 3486 erat
938 3422 1094 3486 Atta
1140 3420 1404 3486 Navius.
1453 3420 1591 3486 Hoc
1640 3418 2026 3485 vocabulum
2071 3440 2321 3504 quoque
2374 3418 2688 3496 ostendit,

305 3546 455 3590 cum
497 3525 868 3613 intellegere
914 3526 1194 3592 velimus
1239 3530 1551 3592 rationem
1602 3525 1831 3610 templi
1876 3526 2228 3591 Romanam
2247 3574 2263 3603 ,
2308 3547 2468 3611 opus
2510 3525 2692 3590 nobis

304 3653 434 3696 non
493 3653 626 3698 esse
687 3632 968 3698 doctrina
1029 3633 1242 3718 aliqua
1306 3634 1572 3698 obscura
1632 3639 1694 3697 et
1758 3635 2032 3719 mystica
2076 3632 2381 3697 Romanis
2428 3635 2655 3718 ignota
2674 3677 2690 3708 ,

306 3759 433 3822 quo
471 3759 952 3824 nonnumquam
991 3740 1442 3805 aberraverunt
1479 3742 1893 3816 recentiores,
1934 3738 2046 3804 sed
2082 3744 2284 3804 totam
2319 3760 2456 3804 rem
2484 3742 2689 3804 inesse

305 3845 378 3908 in
422 3843 654 3908 finibus
701 3849 1018 3930 augurato
1063 3848 1447 3912 constitutis.

375 4105 431 4168 1)
465 4105 700 4154 Mnemon.
738 4103 882 4152 1889.
923 4101 986 4151 1‘1
1023 4117 1126 4167 pag.
1163 4103 1278 4151 281.
1315 4129 1378 4140 -
1414 4103 1468 4164 2)
1501 4100 1558 4152 In
1595 4101 1794 4165 reliquis
1828 4081 2251 4166 significationibus
2278 4101 2418 4150 1181118
2446 4101 2693 4163 vocabuli,

304 4201 593 4252 quamquam
625 4185 758 4235 notio
791 4184 1027 4234 linearum
1061 4185 1309 4233 ductarum
1343 4189 1394 4234 et
1424 4185 1568 4250 8118111
1605 4184 1771 4234 abscisi
1806 4184 2105 4249 aliquatenus
2138 4199 2353 4249 reprom
2385 4187 2483 4242 081,
2520 4189 2569 4232 et
2596 4200 2694 4233 188-

303 4269 380 4334 gie
419 4268 581 4333 prodit
623 4268 756 4317 notio
801 4267 893 4316 loci
933 4265 1185 4316 sanctitate
1231 4267 1436 4330 (18811881
1479 4270 1565 4316 eut
1605 4266 1959 4328 magnificentia
1993 4265 2220 4330 insignis,
2253 4269 2415 4314 181808
2450 4265 2541 4314 1100
2574 4281 2695 4316 ecm-

306 4367 394 4416 pcr
438 4351 586 4409 inest,
623 4365 732 4400 cum
765 4349 921 4399 locum
956 4365 1054 4398 0880
1087 4352 1296 4408 certum,
1332 4348 1594 4398 definitum.
1647 4377 1711 4386 —
1764 4349 1819 4412 3)
1855 4349 1954 4397 Cfr.
1990 4349 2163 4398 Nissen
2202 4347 2455 4410 Templum
2504 4364 2611 4414 pag.
2649 4349 2693 4398 1.

307 4433 401 4481 Vir
431 4432 721 4482 clarissimus
753 4431 842 4480 hoc
873 4431 1093 4496 agnovit,
1128 4445 1414 4495 quemquern
1448 4431 1498 4479 id
1533 4430 1728 4480 minime
1765 4430 1986 4480 convenit
2017 4429 2317 4494 opinionibus
2345 4445 2464 4493 (1888
2490 4430 2547 4478 de
2576 4433 2693 4479 tem-

309 4513 391 4582 plo
427 4515 641 4565 Romano
675 4513 776 4580 ipse
807 4513 860 4562 in
891 4529 948 4563 00
983 4512 1106 4562 libro
1140 4512 1368 4579 prodidit.
