3192 5009
546 321 631 389 36
1561 339 1893 391 norimus.

539 506 682 571 lum
730 512 974 592 turpe
1021 508 1559 572 commissum
1607 527 1741 572 esse
1788 504 2125 591 Galateae,
2175 508 2380 571 immo
2429 508 2617 590 piae
2665 502 2917 591 puellae

541 612 862 697 adprecari
924 620 1182 698 poetam
1243 613 1483 678 bonum
1542 615 1795 678 itineris
1855 616 2122 679 exitum.
2186 611 2344 678 Vult
2391 614 2565 677 enim
2609 616 2797 697 poeta
2842 616 2920 674 ut

538 720 842 803 impios
912 721 1187 783 viatores
1249 716 1421 783 mala
1481 721 1696 784 omina
1759 719 2025 797 ducant,
2075 739 2294 806 parra,
2343 720 2514 784 canis
2560 735 2918 805 praegnans

539 832 709 908 cett.,
774 831 994 889 contra
1039 827 1169 889 cui
1215 845 1362 911 ego
1411 814 1762 903 timebo,
1810 828 2055 912 inquit,
2086 846 2309 891 -nec
2356 844 2507 890 sane
2552 824 2755 910 impio
2804 820 2916 887 sed

537 932 643 1015 pio
696 930 1184 995 timet—bona
1231 932 1448 995 omina
1493 951 1735 1016 prece
1784 932 2219 997 suscitabo
2266 929 2477 996 solis
2526 929 2619 993 ab
2683 933 2911 993 ortu:

537 1035 668 1101 Sis
710 1033 918 1100 licet
963 1034 1177 1100 felix
1381 1044 1462 1101 et
1509 1057 1823 1102 memor
1868 1039 2145 1102 nostri
2191 1040 2435 1102 vivas
2639 1054 2785 1099 nec
2832 1039 2913 1098 te

535 1145 771 1205 vetet
825 1142 944 1205 ire
989 1141 1228 1226 picus
1272 1161 1418 1207 nec
1465 1145 1773 1207 cornix.
1846 1142 2225 1209 Rectissime
2272 1147 2491 1208 autem
2539 1141 2685 1206 dein
2731 1139 2915 1205 fabu-

532 1245 668 1311 lam
727 1246 1074 1311 introducit
1119 1268 1232 1334 per
1279 1246 1750 1314 adversativam
1793 1252 2333 1315 coniunctionem:
2408 1246 2455 1313 S
2472 1268 2505 1313 e
2522 1247 2563 1312 d
2630 1249 2713 1311 vi
2730 1245 2820 1310 de
2837 1266 2875 1311 o
2892 1292 2910 1323 ,

535 1358 842 1439 quanto
904 1352 1282 1439 trepidet
1335 1354 1749 1433 tumultu,
1798 1359 1840 1420 i.
1868 1378 1921 1421 e.
1973 1359 2229 1421 etiamsi
2273 1377 2350 1422 ex
2397 1355 2651 1441 propria
2698 1351 2913 1438 aliqua

532 1458 719 1543 culpa
763 1459 884 1523 tibi
925 1458 1090 1523 nihil
1135 1466 1231 1525 est
1279 1460 1640 1526 timendum
1656 1508 1675 1541 ‚
1728 1468 1941 1528 tamen
1990 1464 2203 1549 cogita
2249 1460 2529 1547 pericula
2545 1507 2561 1537 ‚
2612 1459 2911 1524 omnibus

532 1566 883 1632 viatoribus
947 1568 1313 1631 communia
1373 1574 1438 1633 et
1497 1569 1662 1633 mibi
1725 1589 1975 1655 quoque
2020 1571 2312 1656 cognita,
2364 1567 2648 1633 siderum
2695 1569 2913 1630 vento-

531 1695 677 1738 rum
737 1674 1038 1737 marium.
1107 1670 1240 1737 Sic
1288 1678 1366 1737 et
1411 1672 1774 1761 Europa,
1826 1678 1871 1740 i.
1898 1696 1951 1741 e.
2002 1678 2091 1740 sic
2140 1682 2380 1741 temere
2425 1679 2686 1760 propter
2732 1669 2911 1757 puel-

529 1778 732 1845 larem
795 1780 1285 1865 incogitantiam
1351 1779 1516 1845 nihil
1582 1802 1657 1846 ea
1724 1802 1951 1847 curans
2020 1780 2307 1868 pericula
2374 1781 2549 1861 („ein
2607 1776 2909 1865 Wagniss

531 1884 858 1951 iihnlicher
901 1885 1021 1949 Art
1067 1885 1615 1951 unternehmend’'
1665 1886 1998 1968 Nauck),
2065 1887 2437 1955 credidit
2500 1892 2743 1951 tauro
2806 1883 2909 1950 la-

532 2000 701 2069 tus,
751 1990 860 2056 sed
904 2012 1057 2056 mox
1103 1991 1333 2057 mediis
1377 1994 1445 2057 in
1483 1992 1672 2057 undis
1717 1994 2035 2080 palluit
2082 1994 2369 2059 audax.
2416 1994 2509 2058 Ac
2548 1998 2695 2057 tum
2733 1996 2909 2056 totus

529 2096 779 2164 fabulae
840 2099 1255 2184 immergitur
1313 2098 1491 2164 nullo
1553 2097 1854 2166 Galateae
1910 2106 2201 2187 respectu
2248 2121 2363 2166 nec
2408 2118 2779 2164 reversurus
2828 2095 2908 2160 ad

526 2204 730 2269 illam.

619 2308 831 2395 Igitur
873 2308 1321 2395 Peerlkampio
1369 2313 1607 2396 quique
1653 2333 1803 2377 cum
1848 2334 1921 2379 eo
1970 2315 2215 2379 faciunt
2232 2361 2249 2391 ,
2304 2310 2720 2399 arguentibus
2769 2306 2910 2373 nul-

528 2415 661 2482 lam
722 2414 1116 2499 probabilem
1174 2436 1431 2483 causam
1490 2417 1697 2483 adhuc
1744 2417 2005 2484 allatam
2051 2439 2184 2484 esse
2232 2438 2347 2484 cur
2389 2415 2609 2483 fabula
2654 2414 2732 2480 de
2780 2413 2907 2479 Eu·

527 2542 680 2608 ropa
743 2518 1042 2587 Galateae
1102 2527 1411 2600 narretur,
1473 2522 1591 2587 hoc
1652 2524 1911 2609 quidem
1974 2524 2439 2591 concedendum
2510 2528 2643 2599 est,
2713 2524 2909 2586 inter-

526 2650 686 2693 num
746 2628 1079 2693 vinculum
1137 2627 1396 2693 nullum
1441 2650 1574 2695 esse
1620 2632 1788 2697 inter
1830 2634 2060 2698 itinera
2105 2632 2399 2717 Europae
2446 2635 2513 2695 et
2558 2625 2863 2694 Galateae
2882 2675 2900 2703 ,

527 2733 695 2820 quod
756 2734 956 2799 altera
1008 2736 1226 2799 insons
1285 2734 1485 2801 altera
1543 2736 1857 2823 culpanda
1918 2740 2196 2823 suscepit
2213 2786 2230 2815 ,
2281 2757 2394 2803 nec
2442 2736 2905 2822 poenitentiam

527 2848 592 2907 et
659 2846 921 2926 questus
995 2839 1257 2906 alterius
1327 2843 1671 2929 quicquam
1739 2847 2053 2930 pertinere
2123 2844 2204 2909 ad
2272 2843 2560 2910 alteram.
2631 2842 2719 2906 At
2774 2862 2904 2907 non

524 2953 741 3013 tamen
812 2946 987 3012 deest
1055 2946 1320 3012 fabellae
1387 2951 1861 3035 opportunitas,
1934 2952 2140 3037 posita
2203 2952 2273 3015 in
2344 2970 2417 3015 eo
2486 2947 2687 3034 quod,
2752 2966 2905 3011 cum

526 3054 844 3150 delmi-tari
914 3052 1111 3119 vellet
1181 3052 1514 3120 Galateam
1567 3077 1620 3141 ‘a
1690 3060 1871 3142 ponti
1938 3055 2237 3142 periculis
2306 3054 2609 3121 obeundis
2627 3102 2644 3131 ,
2724 3051 2907 3118 nulla

524 3162 730 3245 aptior
793 3162 1069 3225 narratio
1115 3162 1323 3245 promi
1371 3168 1621 3246 poterat
1666 3165 1790 3228 nisi
1838 3163 1913 3228 de
1960 3161 2173 3249 puella
2193 3210 2208 3238 ,
2257 3182 2417 3247 quae
2434 3210 2451 3240 ,
2500 3178 2903 3247 quacumque

525 3266 602 3332 de
662 3284 882 3342 causa,
943 3268 1068 3331 iter
1112 3266 1498 3333 confidenter
1539 3270 1827 3354 ingressa
1872 3277 1968 3334 est
1986 3317 2002 3346 ‚
2052 3268 2162 3334 sed
2207 3290 2357 3333 mox
2403 3270 2471 3332 in
2516 3268 2712 3331 maris
2758 3262 2906 3331 soli·

525 3372 744 3437 tudine
792 3378 855 3437 et
901 3371 1200 3457 periculis
1246 3393 1386 3438 eam
1433 3375 1665 3439 misere
1711 3376 2031 3459 poenituit
2077 3372 2375 3439 audaciae
2423 3370 2904 3458 deploravitque

520 3478 724 3544 larem
771 3484 836 3544 et
880 3477 1115 3544 focum.

613 3584 852 3663 Quodsi
913 3588 1055 3671 quis
1116 3587 1436 3671 improbat
1492 3585 1711 3651 laxam
1769 3588 2004 3653 horum
2061 3590 2420 3652 carminum
2468 3590 2859 3651 structuram
2880 3632 2898 3661 ,

521 3713 649 3757 non
694 3691 988 3777 equidem
1034 3691 1356 3778 obloquar.
1405 3691 1645 3758 Melius
1692 3714 1841 3758 cum
1889 3693 2155 3759 odarum
2202 3693 2600 3780 argumentis
2644 3691 2901 3755 histori-

521 3818 624 3863 cas
687 3800 1169 3862 concinnaverat
1229 3800 1618 3863 narrationes
1662 3801 1729 3863 in
1778 3798 1872 3863 111
1922 3798 1961 3865 3
2008 3807 2073 3865 et
2125 3798 2187 3877 5,
2236 3802 2450 3865 minus
2497 3804 2643 3884 apte
2691 3797 2899 3862 denuo

519 3904 586 3968 in
635 3900 721 3965 IV
771 3901 812 3965 4
859 3908 924 3967 et
972 3900 1033 3966 9.

611 4007 806 4073 Veras
851 4013 1068 4073 autem
1115 4008 1233 4072 sub
1279 4010 1643 4075 nominibus
1689 4010 1907 4098 Lydae
1968 4018 2033 4077 et
2093 4010 2395 4078 Galateae
2456 4009 2655 4077 latere
2718 4006 2899 4095 puel-

517 4114 614 4179 las
680 4134 794 4179 nec
862 4116 1083 4199 negari
1151 4134 1354 4199 neque
1422 4115 1723 4180 affirmari
1791 4123 1962 4182 certo
2032 4125 2261 4203 potest.
2328 4115 2419 4181 Ut
2481 4117 2719 4182 fuerint
2764 4137 2896 4182 non

520 4221 701 4285 fictae
769 4219 877 4286 sed
945 4238 1130 4284 verae
1202 4218 1454 4285 Horatii
1525 4224 1764 4287 amicae
1782 4272 1799 4300 ‚
1872 4222 2129 4289 nullum
2176 4231 2391 4290 tamen
2438 4230 2533 4289 est
2578 4222 2893 4288 indicium

519 4326 818 4391 dulcioris
877 4324 1134 4391 affectus
1193 4330 1361 4393 inter
1403 4330 1574 4413 ipsas
1621 4334 1689 4393 et
1731 4338 2005 4416 poetam.
2078 4332 2221 4397 Non
2266 4333 2478 4418 magis
2522 4336 2768 4396 constat
2814 4328 2893 4394 de

519 4432 784 4501 odarum
832 4433 1244 4519 temporibus.
1289 4432 1457 4499 Nam
1503 4433 1886 4501 Kiesslin
1901 4438 2027 4523 gii
2068 4436 2387 4504 conclusio
2426 4435 2506 4501 ad
2544 4434 2607 4499 Π
2646 4434 2750 4501 13.
2780 4434 2891 4517 33,
