3192 5009
544 244 677 309 294
1576 257 1898 348 ΗΟΜΕΒΠΒ.

540 426 711 512 quod
756 427 1188 492 commendari
1224 427 1486 492 fortasse
1526 428 1763 511 poterit
1779 473 1796 504 ,
1839 424 1948 490 sed
1987 427 2214 490 tenebo
2255 425 2423 511 quod
2462 425 2622 491 olim
2659 431 2922 492 conatus

539 554 684 598 sum
731 531 1057 598 ostendere
1100 534 1171 598 in
1217 531 1471 612 Quaest.
1523 532 1718 597 Hom.
1767 554 1831 617 p.
1882 528 1968 598 87
1995 552 2129 618 sqq.
2174 533 2243 597 in
2283 531 2524 598 talibus
2559 531 2922 599 Homerum

538 660 789 725 semper
851 638 1059 704 delabi
1121 639 1202 704 ad
1262 644 1569 725 quartum
1629 659 1887 717 casum,
1951 637 2120 704 unde
2167 637 2338 703 malo
2387 640 2919 719 ἐκπέρσαντε.

536 745 680 831 Ipse
746 744 955 811 dualis
1022 766 1331 811 numerus
1388 743 1858 831 propemodum
1918 747 2311 836 necessarius
2375 751 2473 812 est
2530 752 2790 833 propter
2848 767 2922 812 ea

535 872 697 936 quae
743 851 1161 937 praecedunt:

1483 956 1588 1022 καὶ
1637 956 1886 1022 λίσσετο
1934 955 2179 1030 πάντας
2229 956 2555 1038 Ἀχαιούς,

900 1065 1189 1145 Ἀτρεΐδα
1237 1063 1299 1130 δὲ
1347 1063 1673 1142 μάλιστα
1723 1065 1877 1143 δύω,
1928 1065 2260 1147 κοσμήτορε
2309 1071 2494 1130 λαῶν.

532 1171 846 1238 Similiter
891 1172 1203 1238 habemus
1252 1181 1307 1236 Δ
1336 1171 1504 1238 406;

894 1275 1043 1358 ἦμες
1094 1279 1197 1343 καὶ
1250 1278 1468 1356 Θήβης
1516 1273 1642 1351 ἕδος
1691 1274 1932 1355 εἵλομεν
1981 1275 2363 1343 ἑπταπύλοιο
2383 1327 2400 1357 ,

894 1383 1258 1466 παυρότερον
1304 1384 1457 1450 λαὸν
1506 1383 1906 1463 ἀγαγόνθ’
1957 1384 2069 1448 ὑπὸ
2119 1391 2329 1464 τεῖχος
2371 1387 2629 1464 Ἀρειον.

620 1588 703 1656 11.
754 1588 1177 1658 Consentiunt
1219 1593 1599 1676 interpretes
1645 1593 1866 1656 omnes
1911 1590 2063 1655 ferri
2106 1610 2231 1654 non
2277 1588 2503 1656 debere
2549 1598 2604 1654 A
2634 1587 2756 1654 31:

892 1696 1020 1762 Ῑςὸν
1067 1696 1471 1776 ἐποιχομένην
1520 1695 1626 1761 καὶ
1677 1696 1821 1774 έμὸν
1868 1695 2056 1775 λέχος
2103 1695 2641 1776 ἁντιάουσαν,

528 1823 733 1888 neque
777 1823 937 1888 opus
985 1808 1081 1867 est
1129 1801 1559 1868 demonstrare
1610 1803 1779 1889 quod
1825 1823 2012 1868 nemo
2056 1807 2270 1890 negat.
2320 1800 2649 1882 Quomodo
2683 1825 2922 1885 parare

530 1909 743 1974 lectum
808 1909 978 1995 apud
1046 1907 1407 1974 Homerum
1470 1906 1750 1974 dieitur?
1817 1909 2136 1988 Πορσύνειν
2200 1909 2474 1974 verbum
2537 1913 2638 1974 est
2683 1917 2731 1973 Γ
2761 1908 2916 1987 411,

528 2041 574 2094 y
603 2015 756 2095 403,
828 2041 863 2092 η
892 2013 1059 2081 3472
1131 2015 1288 2081 alibi
1355 2021 1452 2081 est
1513 2015 1776 2080 έντύνειν
1837 2021 1902 2081 et
1961 2014 2414 2100 imperfectum
2477 2012 2680 2079 ἔντυον
2745 2016 2918 2088 εὐνήν

528 2127 581 2199 ψ
608 2120 739 2186 289
785 2129 852 2188 et
899 2123 1216 2188 ἐντύνεσκε
1260 2121 1452 2222 λέχος
1501 2121 1671 2209 apud
1717 2122 2136 2208 Apollonium
2184 2119 2390 2187 Rhod.
2439 2119 2536 2188 111
2585 2121 2699 2188 40.
2745 2121 2918 2188 Hine

526 2231 927 2316 scripserim:
980 2228 1124 2305 έμὸν
1170 2228 1359 2309 λέχος
1410 2227 1928 2294 έντύνουσαν.

616 2431 730 2498 ΙΙΙ.
778 2431 1108 2498 Articulus
1156 2431 1449 2519 displicet
1494 2443 1549 2499 A
1582 2429 1746 2499 107:

889 2541 1015 2605 αἰεί
1059 2563 1147 2606 τοι
1197 2541 1299 2605 τὰ
1347 2539 1495 2606 κάκ’
1545 2539 1634 2608 ές)
1681 2541 1850 2622 φίλα
1894 2542 2078 2623 φρεσὶ
2127 2540 2565 2620 μαντεύεσθαι.

522 2645 761 2726 Quidni
806 2648 1179 2713 scribimus:

884 2753 1011 2818 ale!
1054 2776 1144 2819 τοι
1192 2753 1435 2834 φίλον
1483 2753 1572 2822 ές)
1624 2752 1796 2820 κακοὶ
1842 2753 2025 2836 φρεσὶ
2074 2754 2526 2834 μαντεύεσθαι,
2632 2794 2655 2812 .-

523 2859 1068 2945 quemsdmodum
1114 2865 1283 2925 reete
1333 2859 1579 2925 editur:

614 2977 669 3031 A
698 2963 826 3031 541
887 2967 1011 3031 αἰεί
1055 2989 1146 3030 τοι
1194 2965 1376 3046 φΙλον
1424 2965 1547 3033 έςὶν
1595 2970 1757 3040 ἐμεῖ’
1805 2967 1932 3032 (ἐπὸ
1981 2968 2194 3048 νόσφιν
2245 2965 2459 3048 ἐόντα,
2509 2971 2576 3033 et

615 3081 670 3136 Δ
699 3070 831 3138 372
889 3075 953 3139 ού
1001 3073 1115 3151 μὲν
1160 3071 1354 3137 Τυδέϊ
1394 3073 1463 3148 γ’
1510 3066 1622 3136 ὦδε
1673 3072 1858 3152 φίλον
1908 3072 2357 3156 πτωσκαζέμεν
2407 3070 2527 3149 ὗεν.

522 3177 763 3244 Dubito
811 3181 1008 3245 etiam
1030 3179 1134 3268 ⁴de
1182 3180 1545 3245 sinceritate
1592 3177 1885 3245 lectionis
1934 3204 1964 3261 ρ
1997 3179 2115 3246 15:

884 3285 913 3350 ὅ
960 3283 1146 3362 ξεῖνος
1198 3283 1252 3348 δ’
1301 3284 1470 3365 εἴπερ
1517 3284 1708 3362 μάλα
1750 3285 1984 3365 μηνΙει,
2035 3285 2258 3365 ἄλγιον
2306 3286 2475 3366 αὐτῷ

884 3389 1255 3456 ἔσσεται·
1308 3387 1346 3466 ἦ
1388 3391 1516 3472 γὰρ
1566 3390 1698 3470 ἐμοὶ
1745 3394 1917 3474 φίλ’
1961 3391 2200 3470 ἀληθέα
2250 3393 2662 3472 μυθήσασθαι.

520 3494 861 3582 Expuneto
910 3517 982 3562 eo
1028 3496 1196 3583 quod
1242 3503 1341 3562 est
1387 3494 1673 3574 ἔσσεται,
1721 3497 1959 3564 arridet
2003 3518 2187 3565 sane:

884 3599 920 3678 ἦ
964 3605 1092 3684 γὰρ
1142 3603 1276 3681 ἐμοὶ
1324 3603 1420 3683 φΙ
1435 3617 1570 3668 λον
1618 3604 1789 3673 ἒςὶν
1837 3605 2074 3679 ἀληθέα
2122 3604 2530 3683 μυθήσασθαι.

613 3807 721 3874 IV.
770 3820 825 3874 A
854 3807 1023 3875 200:
1086 3806 1309 3873 δεινὼ
1380 3807 1443 3872 δέ
1512 3809 1565 3873 01
1636 3806 1778 3873 ὄσσε
1851 3807 2135 3890 φάενθεν,
2208 3817 2521 3895 praestat,
2585 3814 2689 3877 uti
2753 3812 2914 3878 arbi·

518 3919 655 3979 tror
716 3912 995 3979 δεινόν.
1062 3911 1169 3978 Sic
1232 3913 1417 3978 δεινὸν
1481 3912 1821 3993 δερκόμενοι
1888 3920 1985 3980 est
2047 3923 2092 3979 Γ
2124 3913 2256 3980 342
2326 3923 2392 3982 et
2463 3913 2658 3995 Λ37,
2726 3917 2912 3984 δεινὸν

522 4017 681 4083 ἔνευε
747 4029 792 4085 Γ
822 4017 975 4098 337,
1042 4027 1088 4083 Ζ
1117 4013 1248 4083 470
1309 4025 1373 4083 et
1437 4027 1489 4082 n
1525 4017 1673 4098 138,
1739 4019 1922 4085 δεινὸν
1984 4020 2405 4086 ἀποπνείουσα
2456 4031 2504 4086 Ζ
2535 4021 2687 4100 182,
2741 4023 2910 4088 δεινὰ

518 4124 571 4188 δ’
621 4125 853 4204 ὑπόδρα
923 4124 1056 4190 ἔδῶν
1106 4135 1160 4190 O
1196 4123 1299 4204 13,
1346 4123 1645 4200 ὀξύτατον
1694 4132 1980 4207 κεφαλῆς
2032 4123 2099 4189 ἔκ
2147 4125 2422 4210 δέρκεται
2469 4126 2610 4192 ὄσσε
2657 4137 2722 4193 Ψ
2750 4125 2907 4205 477,

520 4230 579 4294 ἐν
628 4228 693 4295 δέ
738 4231 789 4296 οἱ
837 4227 977 4296 ὄσσε
1027 4269 1113 4280 -
1159 4231 1342 4297 δεινὸν
1390 4269 1477 4281 -
1526 4228 1892 4312 έξεφάενθεν
1944 4239 2001 4296 Τ
2033 4227 2139 4311 17,
2189 4233 2344 4299 alibi
2389 4234 2696 4317 fortasse„
