3192 5009
550 227 682 295 300
1517 329 1531 342 ·
1579 251 1901 301 nonnus.

544 416 781 506 Veram
822 417 1163 483 lectionem
1208 420 1588 485 monstrabit
1639 430 1692 484 O
1726 418 1882 485 188:

819 524 970 594 Ζεὺς
1019 524 1122 589 καὶ
1173 522 1331 605 ἐγώ,
1362 525 1660 607 .τρίτατος
1712 526 1763 591 δ’
1812 525 2025 598 Ἀΐδης
2077 522 2423 602 ἐνέροισι
2473 521 2776 588 άνάσσων.
2817 599 2836 612 .

572 765 577 769 ·
635 729 783 793 XX.
845 727 1153 794 Nonnihil
1212 731 1414 794 miror
1472 727 1600 794 Vos
1660 750 1918 815 prorsus
1979 727 2143 793 nihil
2187 728 2539 793 adnotasse·
2563 728 2644 793 ad
2690 734 2741 791 E
2772 724 2916 792 503.

545 835 706 900 Rem
780 833 1228 920 expendamus.
1314 833 1391 900 In
1471 838 1943 922 comparatione
2010 834 2296 921 pulveris
2363 855 2516 900 cum
2583 833 2766 920 palea
2831 835 2919 896 ita

543 941 820 1028 legitur:

815 1048 884 1111 αἱ
932 1046 982 1111 δ’
1032 1046 1573 1112 ὑπολευκαίνονται
1628 1047 1973 1129 ἀχυρμιαί·
2023 1043 2100 1116 ὦς
2147 1045 2280 1110 τότ’
2330 1045 2587 1127 ’Λχαιοί

817 1153 1018 1217 λευκοὶ
1069 1149 1332 1231 ὕπερθ’
1380 1153 1656 1230 ἐγένοντο
1705 1152 2038 1232 κονισάλῳ,
2089 1150 2151 1218 ὅν
2197 1153 2274 1233 ῥα
2323 1152 2398 1217 δι’
2445 1152 2644 1215 αὑτῶν

815 1261 1057 1340 οὑρανὸν
1104 1259 1165 1330 ές
1213 1259 1623 1340 πολύχαλκον
1671 1260 2027 1337 ἐπέπληγον
2076 1258 2254 1329 πόδες
2303 1255 2527 1323 ἵππων.

543 1366 792 1431 Mirum
856 1387 1005 1431 sane
1058 1371 1157 1432 est
1218 1369 1650 1452 compositum
1697 1366 1969 1432 verbum
2018 1363 2558 1430 ὑπολευκαίνονται
2604 1365 2677 1427 in
2719 1363 2918 1447 priore

543 1475 1027 1558 comparationis
1088 1477 1267 1557 parte
1326 1477 1391 1537 et
1438 1472 1814 1539 adverbium
1860 1469 2074 1562 ὕπερθε
2121 1474 2189 1535 in
2241 1469 2460 1535 altera.
2511 1468 2753 1554 Operae
2795 1488 2918 1554 pre-

543 1582 713 1645 tium
759 1585 857 1644 est
901 1577 1116 1644 videre
1164 1579 1483 1664 quomodo
1531 1578 1855 1644 Homerus
1902 1576 2057 1643 alibi
2105 1577 2445 1663 loquatur:

636 1695 679 1748 B
732 1683 863 1750 150
1681 1684 1872 1749 ποδῶν
1923 1684 1973 1748 δ’
2026 1682 2304 1763 ὑπένερθε
2354 1681 2515 1757 κονίη

905 1785 1077 1858 fem-⁹
1128 1791 1466 1874 ἀειρομένη.

632 1906 677 1962 Γ
772 1895 852 1961 13
902 1893 976 1968 ὦς
1024 1893 1146 1975 ἄρα
1194 1902 1309 1960 τῶν
1362 1898 1476 1962 ὑπὸ
1526 1899 1708 1962 ποσσὶ
1758 1895 2072 1968 κονίσαλος
2123 1896 2332 1974 ὤρνυτ’
2382 1895 2638 1969 άελλῆς.

632 2013 689 2069 Λ
722 2002 849 2068 151
914 2057 921 2062 .
1082 2003 1085 2008 ’
1619 2002 1734 2067 ὑπὸ
1784 2003 1964 2080 σφίσι
2015 2002 2071 2065 δ’
2117 1997 2262 2082 ὦρτο
2314 2001 2475 2076 κονίη

902 2108 972 2172 έκ
1020 2107 1256 2185 πεδίου,
1306 2110 1415 2182 την
1460 2103 1657 2188 ὦρσαν
1707 2107 2045 2188 ἐρίγδουποι
2094 2107 2274 2182 πόδες
2323 2105 2548 2173 ἵππων.

632 2227 691 2281 Α
720 2214 853 2281 282
900 2214 1089 2288 enim
1138 2214 1189 2279 δ’
1241 2213 1507 2296 ἤφριζον,
1555 2215 1818 2297 ῥαίνοντο
1870 2215 1931 2280 δὲ
1983 2215 2140 2294 νέρθε
2187 2215 2366 2296 κονίη.

632 2330 691 2386 Ψ
727 2319 857 2387 365
908 2321 1021 2386 ὑπὸ
1072 2320 1133 2385 δὲ
1180 2319 1430 2399 ςέρνοισι
1482 2322 1643 2395 κονίη
1695 2359 1780 2371 -
1829 2318 1997 2389 ἵςατ’
2049 2318 2391 2400 αἐιρομένη.

537 2427 719 2513 Ipsos
762 2426 917 2492 ·Vos
984 2426 1225 2492 iudices
1286 2427 1453 2492 fero:
1520 2449 1728 2493 nonne
1787 2430 2002 2493 omnia
2063 2427 2334 2492 suadent
2380 2431 2458 2490 ut
2502 2441 2906 2512 reponamus:

538 2532 741 2599 λευκοὶ
792 2530 864 2595 έν
885 2532 1030 2613 ερθ’
1078 2531 1394 2612 ε’γένοντοῗ
1436 2532 1506 2598 Si
1551 2534 1776 2600 dicetis
1823 2537 2018 2598 nimis
2068 2533 2420 2598 violentam
2467 2533 2908 2597 correctionem

537 2662 674 2708 esse
691 2689 707 2718 ,
758 2637 1143 2725 respondebo
1163 2688 1180 2717 ‚
1229 2660 1431 2725 quum
1476 2661 1592 2725 pro
1642 2637 1821 2719 ἔνερθ’
1871 2641 2032 2705 forte
2074 2643 2391 2725 scriptum
2429 2644 2600 2704 esset
2641 2635 2907 2711 ὑπένερθ“,

536 2735 655 2812 hoc
724 2749 943 2832 ipsum
1012 2750 1089 2809 ut
1158 2750 1364 2810 metro
1426 2745 2047 2823 accommodaretur,
2113 2765 2449 2832 perperam
2512 2742 2675 2808 olim
2731 2742 2906 2806 fuisse

534 2858 908 2919 correctum.
955 2851 1017 2915 Ν
1018 2873 1088 2917 ec
1135 2872 1283 2916 sane
1325 2853 1549 2918 heroes
1595 2855 1777 2937 prius
1825 2872 2096 2938 superne
2143 2872 2338 2938 quam
2377 2850 2622 2916 inferne
2659 2847 2902 2934 pulvere

533 2958 1133 3044 conspergebantur.
1208 2955 1532 3037 Quantum
1605 2958 1724 3023 hoc
1794 2957 2136 3023 discrimen
2205 2954 2486 3023 Homero
2551 2976 2740 3022 curae
2797 2955 2900 3027 sit,

534 3071 795 3151 apparet
856 3084 935 3129 ex
995 3062 1265 3128 ridiculo
1324 3085 1515 3128 versu
1566 3101 1651 3111 —·
1700 3085 1852 3128 nam
1915 3086 2042 3129 non
2089 3069 2310 3129 metuo
2359 3084 2440 3128 ne
2486 3061 2712 3128 Musas
2755 3057 2902 3124 mihi

530 3174 724 3236 iratas
762 3171 1035 3236 habeam
1053 3219 1069 3248 ,
1112 3173 1169 3234 si
1206 3191 1375 3236 nunc
1400 3168 1661 3256 quidem
1680 3170 2057 3236 Maeonium
2081 3169 2303 3236 alitem
2327 3173 2524 3236 risere
2549 3208 2637 3220 —
2663 3177 2721 3236 N
2751 3161 2898 3231 1¹75:

894 3275 1242 3354 μαιμάουσι
1288 3275 1342 3339 δ’
1392 3273 1580 3355 ἔνερθε
1629 3274 1810 3348 πόδες
1861 3277 1963 3341 καὶ
2016 3284 2220 3358 χεῖρες
2269 3273 2506 3355 ὕπερθε.

618 3478 798 3543 XXI.
862 3477 1127 3544 Hectori
1173 3485 1381 3544 mater
1427 3480 1685 3545 obviam
1732 3478 1807 3543 fit
1854 3479 2062 3544 2252
2110 3477 2417 3553 Λαοδίκην
2468 3477 2897 3570 ἐσάγουσα.

526 3585 653 3651 Hic
700 3584 814 3650 diu
858 3587 1147 3671 quaesivi
1195 3583 1349 3670 quid
1395 3583 1654 3652 tandem
1698 3586 1962 3665 lateret,
2019 3585 2129 3650 sed
2182 3584 2346 3649 nihil
2399 3587 2684 3650 invenire
2729 3581 2895 3668 potui

525 3692 696 3780 quod
742 3695 953 3780 magis
1002 3691 1305 3757 arrideret
1351 3712 1547 3777 quam
1595 3692 1904 3766 Λαοδίκην
1949 3691 2393 3756 καλέουσα.
2443 3689 2608 3770 Quid
2658 3686 2894 3754 intersit

523 3806 590 3864 et
626 3821 741 3865 cur
788 3798 1098 3862 καλέουσα
1145 3797 1336 3884 longe
1382 3801 1595 3883 aptius
1643 3801 1762 3876 sit,
1813 3797 2103 3864 ostendet
2148 3822 2185 3862 κ
2209 3796 2377 3863 231:

797 3894 832 3978 ἣ
882 3905 935 3970 δ’
984 3899 1127 3980 αἶψ’
1178 3902 1508 3980 ἐξελθοῦσα
1557 3904 1738 3985 θύρας
1787 3903 1927 3981 ὤϊξε
1974 3906 2242 3982 Φαεινὰς

793 4009 897 4074 καὶ
947 4008 1190 4088 κάλε’,
1242 4007 1295 4074 οἳ
1343 4009 1395 4072 δ’
1446 4007 1589 4086 ἅμα
1637 4010 1867 4082 πάντες
1919 4009 2250 4089 άιδριίηΦιν
2297 4006 2549 4074 ἕποντο·

793 4115 1147 4195 Εὐρύλοχος
1195 4112 1245 4178 δ’
1295 4113 1618 4192 ὑπέμεινεν
1665 4115 1982 4194 ὀισάμενος
2035 4116 2205 4182 δόλον
2255 4111 2444 4180 εἶναι·

790 4217 947 4285 εἷσεν
997 4221 1048 4286 δ’
1097 4222 1687 4300 εἰσαγαγοῦσα
1735 4223 1906 4288 κατὰ
1954 4221 2252 4300 κλισμούς
2299 4246 2370 4286 τε
2419 4219 2639 4301 θρόνους
2685 4241 2771 4280 τε.
