3192 5009
555 236 689 303 218
1538 258 1940 305 ammaus.

820 419 1035 495 Ἥλιος
1086 415 1172 500 ἦν,
1220 424 1287 485 οὖ
1337 430 1525 501 παῖς,
1574 424 1907 501 Εὐριπίδη,
1957 414 2020 493 ὃς
2068 446 2152 499 με
2200 422 2499 504 χλιαίνων

916 528 1149 606 γυμνὸν
1196 528 1508 605 ἐποίησεν·
1559 530 1648 594 σοὶ
1701 529 1766 594 δὲ
1813 534 2198 609 Φιλοῦντι
2248 531 2584 609 ἑταίραν

824 640 1044 719 Βορράς
1092 638 1368 712 ὡμίλησε
1417 638 1546 701 κτὲ.

550 746 722 811 Bene
782 744 988 809 editor
1050 744 1463 829 depravatam
1527 746 1912 829 scripturam
1963 764 2214 809 servare
2261 743 2495 809 maluit
2545 765 2740 831 quam
2794 747 2947 808 reci·

549 873 697 938 pere
758 850 1079 916 infelicem
1139 850 1398 915 Musuri
1458 853 1888 917 coniecturam
1936 851 2213 929 Φιλοῦνθ”
2260 851 2358 915 ἑτέ
2376 874 2406 932 ρ
2425 875 2537 915 αν.
2587 851 2712 917 Vix
2765 850 2942 917 ah‘ud

550 960 805 1046 scripsit
850 963 1039 1043 poeta
1060 978 1281 1043 -quam

1656 1062 1746 1128 σο)
1795 1063 1856 1128 δὲ
1903 1067 2291 1145 Φιλοῦντι
2343 1064 2574 1143 κόρην

824 1174 1045 1250 Βορρᾶς
1093 1170 1393 1247 ὡμίλησε.

598 1302 703 1366 .P·
754 1276 909 1355 609,
936 1278 980 1341 f.
1044 1276 1148 1340 καὶ
1216 1284 1453 1349 νικῆσαι
1515 1282 1823 1355 πρῶτον
1885 1278 2076 1341 αὐτοῦ
2128 1278 2234 1349 τὴν
2283 1284 2556 1353 γυναῖκα
2607 1278 2940 1355 Ἡροδίκην.

548 1385 688 1451 Imo
734 1386 889 1463 πρά
910 1408 999 1458 τη
1020 1410 1070 1448 ν.
2609 1449 2618 1457 .

640 1515 705 1579 p.
758 1490 910 1569 614,
938 1512 993 1557 e.
1058 1490 1330 1567 τοσαύτη
1379 1490 1433 1555 δ’
1484 1490 1687 1553 αὐτῶν
1729 1490 1874 1569 (LX
1921 1498 2312 1572 scurrarum)
2359 1490 2510 1569 δόξα
2562 1500 2674 1566 τῆς
2725 1494 2944 1572 ῥαθυ-

550 1599 644 1675 μί
659 1621 747 1669 ας
813 1596 1056 1674 ἐγένετο
1104 1600 1181 1667 ὥς
1232 1599 1335 1661 καὶ
1387 1597 1694 1661 Φίλιππον
1744 1598 2106 1661 ἀκούσαντα
2153 1600 2254 1661 τὸν
2301 1597 2638 1663 Μακεδόνα
2683 1599 2941 1676 πέμψαι

549 1706 759 1775 αὐτοῖς
832 1704 1160 1785 τάλαντον,
1248 1700 1323 1767 ἵν’
1396 1704 1850 1784 ἐκγραφόμενοι
1921 1703 2006 1766 τὰ
2071 1712 2297 1780 γελοῖα
2363 1704 2692 1781 πέμπωσιν
2753 1706 2940 1782 αὐτῷ.

549 1810 918 1875 Hilaritatie
962 1813 1176 1895 potius
1223 1830 1421 1895 quam
1470 1810 1740 1873 levitati-⁹
1787 1816 1852 1875 et
1897 1810 2205 1873 socordiae
2251 1812 2427 1875 notio
2481 1813 2734 1895 nequiri
2773 1810 2940 1875 vide-

550 1916 757 1995 detur,
808 1937 1002 2002 quare
1047 1916 1194 1982 vide
1242 1937 1321 1981 ne
1370 1918 1585 1982 verius
1634 1918 1719 1980 sit
1770 1916 2191 1991 εὐθυμίας.

639 2046 703 2110 p.
758 2020 910 2101 615,
936 2044 991 2087 e.
1054 2026 1263 2086 ταῦτα
1314 2026 1421 2085 τοῦ
1472 2023 1834 2085 Οὐλπιανοῦ
1885 2020 2294 2096 διεξελθόντος
2345 2020 2448 2085 καὶ
2502 2021 2752 2086 πάντων
2801 2023 2940 2085 άνα·

550 2128 978 2211 καχασάντων
1028 2130 1127 2193 ἐπ)
1177 2137 1321 2200 ταῖς
1371 2129 1754 2198 Ἀνικίοις
1807 2129 2071 2198 ταύταις
2123 2128 2307 2199 θέαις.
2363 2127 2594 2193 Malim
2641 2128 2940 2214 equidem

549 2236 1036 2305 Ἀνικιείοις.
1086 2234 1354 2299 Prorsus
1393 2239 1614 2298 autem
1654 2234 1926 2298 dubium
1966 2255 2093 2298 non
2133 2240 2230 2298 est
2253 2237 2408 2320 quin
2435 2234 2600 2298 infra
2624 2255 2688 2318 p.
2721 2234 2855 2299 618
2879 2234 2936 2296 d.

547 2340 1076 2429 Schweighaiiser
1136 2362 1249 2425 pro
1316 2340 1580 2415 άμάλας
1647 2348 1818 2405 recte
1881 2342 2224 2405 correxerit
2279 2343 2321 2403 ά
2341 2340 2567 2413 μάλλ
2589 2363 2682 2405 ας
2705 2390 2722 2419 ,
2773 2338 2940 2425 quod

548 2472 675 2515 non
721 2454 1051 2534 receptum
1100 2468 1233 2512 esse
1282 2447 1360 2511 ab
1406 2446 1648 2512 editore
1695 2468 1809 2531 pro
1857 2446 2122 2523 άμάλας
2146 2495 2161 2523 ,
2211 2444 2396 2510 valde
2444 2448 2666 2510 miror.

609 2574 702 2642 ‘p.
756 2552 966 2619 6238.
1015 2558 1139 2633 (vs.
1188 2552 1257 2634 8)
1306 2552 1380 2617 B.
1430 2551 1643 2629 λέγεις
1690 2547 2093 2630 μάγειρον
2143 2550 2424 2631 ζῶντα.

548 2660 780 2727 Kaibel
839 2662 1109 2725 coniecit
1173 2661 1382 2737 λέγεις
1430 2658 1628 2737 ὄνυμ’,
1680 2662 1744 2723 οὖ
1794 2658 1993 2739 ζῶντα
2015 2708 2031 2737 ,
2081 2662 2150 2723 in
2199 2679 2328 2744 qua
2375 2661 2740 2725 coniectura
2789 2661 2934 2745 quin

549 2764 745 2847 ζῶντα
808 2768 961 2831 ferri
1020 2772 1293 2852 nequeat
1355 2788 1481 2831 non
1540 2766 1784 2830 dubit0.
1847 2764 2060 2830 Multo
2111 2771 2425 2853 praestat,
2477 2765 2646 2851 quod
2694 2765 2936 2831 addidit

552 2873 702 2952 „vel
748 2876 856 2937 οὐκ
899 2871 1117 2936 ὅντα”.

637 3003 701 3066 p.
753 2977 993 3057 624,b.
1045 3016 1129 3027 —
1179 2978 1429 3055 Βάβυς,
1485 2978 1590 3060 ἐφ’
1643 2972 1684 3059 ᾧ
1728 2978 1829 3042 καὶ
1879 2980 1912 3051 ἦ
1955 2978 2256 3055 παροιμία
2298 2976 2397 3041 ἐπὶ
2447 2984 2563 3041 τῶν
2613 2979 2747 3041 άεὶ
2800 2978 2936 3056 πρὸς

546 3088 617 3153 τὸ
662 3094 866 3165 χεῖρον
914 3085 1299 3149 αὐλούντων·
1350 3085 1560 3149 κάκιον
1611 3093 1664 3147 Η
1713 3082 1927 3160 Βάβυς
1975 3086 2178 3148 αὐλεῖ.
2247 3083 2374 3149 Vix
2421 3090 2592 3149 recte
2641 3082 2934 3149 voculam

548 3193 583 3268 ἢ
633 3192 872 3258 delevit
916 3192 1141 3270 editor,
1193 3213 1354 3277 quae
1401 3191 1618 3256 littera
1666 3194 1877 3256 nescio
1927 3211 2007 3255 an
2056 3194 2270 3277 potius
2321 3196 2597 3256 testatur
2635 3190 2933 3257 voculam

543 3302 807 3385 periisse
826 3349 841 3377 ,
908 3320 1033 3385 qua
1092 3300 1505 3384 proverbium
1522 3348 1539 3377 ,
1604 3302 1660 3363 si
1726 3298 2110 3385 significabit
2172 3299 2342 3384 quod
2389 3302 2481 3363 ait
2529 3300 2930 3375 Athenaeus,

545 3426 758 3471 carere
804 3427 928 3470 non
974 3410 1257 3490 poterat,
1307 3425 1535 3490 nempe
1586 3405 1738 3468 άεί.
1788 3404 1891 3481 Si,
1941 3409 2017 3468 ut
2055 3425 2242 3489 saepe
2262 3453 2279 3482 ,
2321 3406 2442 3470 hoc
2481 3407 2930 3492 proverbium,

546 3512 717 3598 quod
778 3533 903 3576 non
966 3516 1503 3576 commemoratur
1562 3532 1600 3575 a
1659 3511 2250 3596 paroemiographis
2267 3560 2284 3589 ,
2359 3511 2589 3577 habuit
2659 3512 2928 3577 formam

545 3620 916 3695 metricam,
967 3616 1149 3681 facile
1193 3619 1433 3702 possis:
1486 3617 1684 3694 (άεὶ)
1734 3615 1940 3680 κάκιον
1987 3614 2201 3693 Βάβυς
2253 3618 2455 3680 αὐλεῖ.

637 3747 700 3811 p.
754 3722 907 3803 626,
934 3744 991 3789 a.
1052 3725 1162 3787 Οὐ
1213 3722 1809 3800 παραληπτέον
1859 3720 1922 3785 δὲ
1971 3725 2080 3793 την
2127 3723 2659 3797 μουσικὴν-ἐπ)
2711 3722 2928 3803 άπάτη

546 3832 651 3896 καὶ
726 3828 983 3914 γοητεία
1057 3830 1492 3907 παρεισῆχθαι.
1566 3826 1860 3893 Kaibelio
1934 3827 2055 3909 οὐχ
2129 3827 2424 3907 ἡγητέον,
2498 3830 2662 3894 mihi
2731 3829 2931 3895 lenior

544 3938 786 4026 placet,
850 3940 917 4001 in
981 3924 1175 4022 quam
1236 3938 1367 3999 iam
1430 3932 1680 3999 Schwh.
1745 3934 2041 3999 incidisse
2103 3935 2288 4001 video
2307 3985 2323 4013 ,
2372 3938 2736 4015 coniectura
2779 3939 2857 4001 οὐ
2875 3958 2926 4015 χ

551 4044 1093 4114 ὑποληπτέοκ

636 4172 701 4235 p.
755 4147 908 4228 636,
935 4150 994 4213 b.
1043 4148 1357 4214 DIOGENIS
1404 4149 1633 4233 tragici
1681 4168 1776 4212 vs.
1830 4148 1914 4214 10
1939 4170 2032 4233 sq.
2081 4150 2171 4212 sic
2221 4150 2621 4215 scribuntur:

1835 4250 1974 4318 ἔνθα
2023 4258 2295 4335 Περσικῷ

822 4360 983 4443 νόμῳ
1028 4359 1297 4437 ξενωθεὶς
1343 4361 1532 4433 αὐλὸς
1583 4360 1912 4438 ὁμονοεῖ
1949 4368 2178 4442 χοροῖς.
