3192 5009
553 203 643 276 84
1352 231 1437 280 1111.
1480 235 1634 281 mm:
1680 227 2132 282 cummuni.

550 394 720 480 quod
787 396 1061 481 impedit
1128 399 1395 463 comitia
1454 419 1581 463 non
1645 404 1742 464 est
1786 399 2040 484 fulmen
2059 447 2075 476 ‚
2141 398 2251 464 sed
2299 399 2604 462 nuntiabio
2635 399 2945 485 fulminis

548 504 839 590 quaesiti,
910 507 1016 570 cui
1084 505 1561 590 obsequendum
1633 511 1731 570 est
1798 508 2054 572 etiamsi
2122 505 2286 570 nihil
2356 505 2534 572 aliud
2597 509 2658 572 ei
2719 508 2944 572 subest

548 617 798 697 praeter
844 611 1246 678 voluntatem
1284 613 1679 700 impediendi
1711 615 1780 676 in
1819 635 1892 678 eo
1933 616 2045 698 qui
2068 613 2439 692 obnuntiat;
2468 615 2616 678 hinc
2639 617 2940 701 inprimis

550 723 812 803 apparet
829 766 845 795 ‚
892 721 1322 804 „spectionem
1362 740 1512 784 cum
1550 719 1995 784 nuntiatione’'
2039 725 2105 785 et
2129 723 2642 798 „nuntiationem
2666 742 2942 807 exspec-

546 825 762 890 tione'’
834 846 969 890 esse
1035 845 1233 890 unam
1302 825 1691 910 eandemque
1762 847 1901 890 rem
1972 846 2134 910 quae
2204 825 2426 890 divelli
2489 833 2783 912 nequeat.
2853 865 2940 876 -—

546 932 869 997 Romanos
915 937 1135 997 autem
1181 931 1260 996 ad
1306 952 1449 996 eam
1494 935 1635 997 vim
1682 931 1942 996 fulmini
1987 932 2398 998 tribuendam
2447 933 2754 999 adductos
2801 955 2942 1000 esse

542 1045 723 1125 patet
766 1039 1123 1104 rationibus
1168 1060 1296 1103 non
1342 1059 1423 1103 ex
1467 1038 1783 1125 religione
1831 1041 2052 1124 petitis
2102 1078 2186 1087 -—
2236 1039 2399 1104 tales
2445 1042 2618 1104 enim
2658 1043 2942 1105 inveniri

454 1171 469 1185 ·
544 1145 762 1210 nullae
822 1150 1091 1230 possunt
1138 1183 1223 1194 --
1272 1145 1382 1210 sed
1444 1166 1521 1209 ex
1582 1144 1869 1210 utilitate
1915 1145 2172 1231 publica
2219 1145 2542 1211 derivatis.
2613 1145 2701 1210 Et
2747 1146 2940 1212 facile

540 1251 963 1338 intellegitur,
1035 1250 1293 1336 qualem
1361 1251 1648 1316 fructum
1719 1272 1797 1316 ex
1871 1273 1946 1316 ea
2007 1273 2074 1316 re
2111 1255 2490 1337 susceperit
2553 1252 2936 1339 respublica.

540 1359 712 1425 Nam
756 1380 906 1424 cum
951 1362 1055 1423 ius
1102 1380 1253 1424 cum
1294 1358 1529 1446 populo
1569 1365 1684 1423 aut
1725 1379 1876 1423 cum
1915 1358 2098 1445 plebe
2139 1359 2372 1446 agendi
2409 1359 2610 1424 libere
2633 1363 2939 1445 usurpari

540 1471 757 1551 posset
804 1465 883 1528 ab
930 1468 1021 1530 eis
1065 1465 1551 1550 magistratibus
1600 1465 1832 1548 quibus
1877 1464 1944 1529 id
1991 1468 2094 1529 ius
2143 1471 2341 1540 esset,
2390 1486 2670 1552 magnus
2717 1471 2938 1531 metus

542 1577 678 1636 erat
744 1591 824 1635 ne
892 1572 994 1636 his
1057 1570 1413 1635 actionibus
1477 1576 1936 1655 occuparentur
2000 1569 2132 1636 dies
2196 1573 2308 1655 qui
2372 1570 2676 1636 destinati
2721 1577 2938 1637 essent

539 1678 898 1742 actionibus
942 1680 1311 1742 necessariis
1359 1676 1634 1741 aliorum
1681 1679 2187 1763 magistratuum
2206 1725 2222 1755 ,
2271 1697 2428 1762 quas
2477 1677 2712 1742 differri
2756 1678 2936 1744 haud

540 1805 574 1850 e
620 1782 945 1870 republica
988 1805 1124 1849 esse
1168 1783 1514 1860 videretur,
1557 1782 1800 1863 veluti,
1841 1790 1918 1847 ut
1956 1783 2076 1847 hoc
2116 1782 2410 1868 exemplo
2449 1786 2736 1869 primum
2759 1789 2934 1863 utar,

539 1893 756 1957 censui
822 1890 1131 1955 habendo.
1202 1889 1341 1970 Qua
1402 1890 1478 1955 de
1538 1911 1606 1954 re
1669 1892 1723 1953 si
1786 1889 1948 1952 nihil
2010 1892 2436 1954 constitutum
2481 1891 2743 1968 fuisset,
2790 1890 2936 1956 fieri

536 1999 855 2085 potuisset
914 2005 989 2061 ut
1042 1996 1268 2062 eodem
1315 1997 1416 2062 die
1435 2044 1451 2073 ,
1501 2017 1627 2080 quo
1675 2017 1937 2060 censum
1986 1996 2350 2060 habendum
2395 2017 2530 2061 esse
2577 2001 2935 2063 censuisset

536 2111 794 2170 senatus
812 2151 829 2181 ,
879 2105 1143 2168 comitia
1188 2103 1527 2167 habiturus
1573 2108 1741 2168 esset
1789 2101 2030 2166 consul.
2082 2101 2254 2166 Tum
2299 2105 2357 2166 si
2401 2109 2671 2189 uterque
2721 2107 2935 2190 auspi-

534 2212 633 2275 cia
694 2210 967 2276 secunda
1012 2213 1418 2295 impetrasset
1437 2258 1453 2287 ,
1504 2215 1569 2274 et
1620 2229 1838 2274 censor
1885 2208 1961 2274 de
2007 2208 2180 2274 caelo
2234 2208 2528 2294 quidem,
2577 2210 2798 2275 consul
2845 2233 2928 2276 ex

533 2318 791 2394 avibus,
856 2317 1151 2381 futurum
1209 2316 1435 2382 fuisset
1482 2324 1557 2381 ut
1604 2337 1756 2381 cum
1801 2322 2072 2399 uterque
2118 2337 2304 2380 suam
2351 2319 2666 2382 actionem
2716 2321 2932 2404 auspi—

532 2429 672 2487 cato
720 2421 991 2509 agg-redi
1034 2420 1267 2500 vellet,
1316 2444 1537 2488 censor
1583 2423 1801 2488 cedere
1851 2423 2108 2486 deberet
2153 2422 2436 2500 consuli,
2499 2424 2668 2509 quod
2709 2427 2766 2488 is
2814 2445 2930 2510 po—

531 2528 763 2614 pulum
825 2529 902 2593 ab
958 2549 1031 2592 eo
1093 2537 1407 2594 avocaret.
1458 2529 1579 2594 Sed
1627 2533 1729 2595 ius
1775 2529 2145 2594 Romanum
2193 2531 2534 2614 antiquum
2579 2531 2742 2595 hanc
2787 2552 2930 2596 sen-

530 2637 803 2698 tentiam
864 2637 1047 2719 sequi
1106 2634 1385 2714 solebat,
1450 2639 1821 2700 comitiatus
1883 2637 2113 2719 quibus
2174 2639 2540 2722 rogationes
2604 2636 2930 2700 ferrentur

529 2743 745 2805 minus
805 2742 1185 2805 necessarios
1248 2761 1383 2806 esse
1450 2763 1644 2826 quam
1707 2741 1983 2826 reliquas
2047 2744 2326 2807 actiones
2389 2741 2739 2806 ordinarias
2786 2764 2928 2807 ma-

526 2851 962 2932 gistratuum,
1011 2851 1076 2910 et
1120 2845 1269 2911 illos
1314 2848 1415 2910 his
1461 2847 1678 2913 cedere
1727 2854 2016 2933 oportere
2046 2846 2118 2928 ¹).
2167 2848 2310 2914 Hoc
2358 2854 2435 2913 ut
2480 2848 2660 2914 fieret
2680 2897 2694 2924 ‚
2743 2848 2924 2914 effec-

528 2961 673 3018 tum
733 2960 831 3019 est
886 2951 1005 3016 illa
1062 2950 1209 3038 leg-e
1226 2971 1242 3029 ;
1306 2953 1461 3018 haec
1508 2956 1754 3018 censori
1798 2957 2051 3038 copiam
2098 2954 2306 3032 dedit,
2357 2955 2581 3020 eodem
2629 2957 2920 3040 auspicio

526 3058 880 3124 nuntiando
944 3059 1113 3143 quod
1168 3062 1304 3144 ipse
1360 3081 1511 3125 suae
1559 3063 1825 3126 actionis
1872 3081 2063 3125 causa
2107 3064 2585 3146 impetriverat,
2633 3061 2918 3126 vitiandi

525 3165 723 3230 simul
780 3167 1049 3250 auspicii
1109 3166 1388 3230 consulis
1403 3188 1420 3244 ς
1482 3166 1591 3232 sed
1639 3189 1790 3232 cum
1838 3167 2038 3234 semel
2085 3167 2240 3232 haec
2289 3171 2468 3253 copia
2513 3167 2660 3232 data
2707 3173 2876 3233 esset
2897 3217 2916 3250 ,

526 3292 623 3336 res
686 3277 854 3336 recte
916 3291 982 3335 se
1028 3271 1302 3336 habebat
1320 3321 1335 3348 ,
1386 3294 1589 3357 neque
1639 3280 2088 3359 expectaturus
2132 3279 2268 3339 erat
2314 3273 2532 3339 consul
2581 3274 2920 3338 obnuntia—

524 3381 767 3442 tionem
832 3379 1141 3455 censoris,
1202 3376 1310 3442 sed
1358 3377 1528 3442 ultro
1572 3382 1710 3464 ipse
1729 3429 1746 3456 ,
1797 3382 1855 3443 si
1899 3401 2049 3445 cum
2094 3379 2336 3465 populo
2381 3401 2569 3466 agere
2616 3379 2875 3445 volebat
2894 3429 2912 3458 ,

521 3487 883 3550 evitaturus
930 3492 1064 3548 erat
1110 3483 1284 3549 diem
1330 3487 1545 3548 censui
1584 3485 1977 3549 destinatum
2023 3507 2217 3570 quem
2255 3487 2380 3550 sibi
2419 3489 2732 3551 vitiosum
2771 3485 2912 3551 fore

522 3591 774 3656 sciebat.
839 3588 1079 3669 Quodsi
1139 3593 1337 3655 etiam
1402 3589 1527 3655 alio
1590 3590 1885 3676 exemplo
1947 3613 2108 3677 opus
2153 3599 2285 3671 est,
2335 3594 2609 3679 cogitari
2654 3595 2910 3677 potest,

522 3718 647 3782 quo
711 3698 813 3762 die
879 3695 1040 3761 alter
1101 3696 1325 3762 consul
1385 3696 1694 3761 dilectum
1755 3698 1986 3762 habere
2051 3698 2341 3775 deberet,
2405 3697 2718 3786 collegam
2767 3701 2910 3763 eius

519 3805 691 3867 cives
736 3803 814 3866 ab
862 3823 936 3866 eo
985 3822 1250 3866 avocare
1296 3801 1577 3868 voluisse
1626 3803 1705 3867 ad
1747 3807 2190 3882 comitiatumJ
2249 3807 2340 3869 sic
2388 3825 2638 3889 quoque
2686 3803 2914 3870 consul

519 3906 833 3993 collegam
895 3912 1239 3995 reprimere
1302 3911 1517 3994 potuit
1578 3908 1802 3974 eodem
1847 3913 2130 3994 auspicio
2148 3959 2164 3988 ‚
2216 3932 2340 3996 quo
2386 3911 2535 3976 deos
2579 3931 2765 3977 suam
2811 3931 2912 3976 ac-

516 4015 760 4078 tionem
806 4013 1206 4079 confirmasse
1251 4013 1507 4079 diceret.
1574 4015 1798 4100 Itaque
1844 4014 1950 4080 lex
1997 4017 2162 4081 facta
2200 4023 2298 4082 est
2333 4019 2453 4083 hoc
2491 4016 2789 4102 consilio,
2830 4023 2910 4083 ut

580 4275 628 4334 1)
683 4273 821 4320 Hanc
863 4271 1148 4320 sententiam
1194 4272 1358 4322 Livius
1402 4272 1502 4322 iam
1547 4272 1772 4323 attribuit
1821 4275 2012 4324 Numae
2049 4275 2150 4340 regi
2185 4275 2284 4325 11133
2319 4275 2465 4326 fastos
2499 4277 2800 4342 nefutooque
2835 4279 2908 4328 fn·

510 4355 656 4405 cienti
697 4354 839 4419 ‚quia
873 4353 1130 4417 aliquando
1164 4353 1289 4402 nibil
1322 4369 1431 4404 cum
1464 4355 1642 4421 populo
1677 4356 1754 4420 3ςί
1787 4356 1904 4406 utile
1933 4356 2154 4408 futurum
2179 4356 2316 4408 erat”
2350 4357 2420 4423 (1.
2445 4359 2524 4410 19.
2545 4357 2632 4424 7.).
