3192 5009
441 225 573 305 488
1080 242 1163 308 im
1207 243 1828 308 mmemrromns
1873 242 2176 308 nomme.

441 425 511 489 in
556 425 815 490 comitia
858 431 1161 490 vocatum
1206 423 1509 512 suffragio
1557 445 1673 490 suo
1721 424 1800 490 ad
1845 430 2055 511 patres
2095 421 2398 489 detulisse
2433 427 2820 508 potestatem

442 530 723 618 eligendi
782 533 931 597 novi
992 534 1183 619 regis.
1252 514 1379 598 'Sed
1440 534 1718 597 actiones
1779 531 2014 615 quibus
2067 529 2592 596 confirmarentur
2635 549 2820 618 reges

438 657 654 704 recens
701 640 931 716 creati,
978 635 1355 724 plerumque
1404 657 1442 703 a
1485 637 1673 704 Livio
1723 639 2114 703 omittuntur
2131 685 2147 714 ‚
2193 635 2361 723 legis
2413 638 2692 702 curiatae
2740 636 2820 702 de

442 745 714 830 imperio
775 743 941 810 latae
1006 743 1252 810 nullam
1312 747 1706 811 mentionem
1767 745 1916 810 fecit
1929 791 1950 821 ,
2011 745 2572 831 inaugurationem
2621 743 2821 810 semel

441 855 731 927 tantum,
778 852 846 914 in
891 849 1140 917 Numae
1191 872 1421 938 regne,
1466 855 1944 917 commemorat.
1986 887 2072 898 --
2114 848 2482 916 Secundum
2524 849 2820 937 Diony-

444 957 658 1020 sium
706 977 856 1022 vero
904 978 1087 1044 reges
1130 977 1260 1022 non
1304 977 1343 1022 a
1386 955 1623 1043 populo
1663 963 1957 1022 creantur
1975 1005 1993 1034 ‚
2029 954 2138 1021 sed
2177 957 2256 1020 ab
2291 957 2608 1043 interrege
2634 955 2822 1022 electi

441 1065 513 1126 in
549 1065 839 1129 contione
877 1066 1389 1150 pronuntiantur.
1439 1063 1632 1149 Apud
1669 1084 1821 1128 eum
1859 1061 2135 1150 populus
2166 1065 2452 1149 primum
2473 1066 2542 1127 in
2563 1064 2821 1128 comitia

443 1175 705 1234 vocatus
722 1218 739 1248 ‚
788 1169 1088 1257 suffragio
1136 1191 1251 1236 suo
1300 1170 1378 1234 ad
1424 1177 1636 1256 patres
1677 1169 1880 1236 defert
1919 1175 2301 1255 potestatem
2339 1169 2709 1236 decernendi
2743 1175 2819 1234 ut

444 1296 649 1342 novus
692 1297 805 1342 rex
851 1283 1099 1344 creetur
1127 1275 1210 1360 1);
1260 1276 1485 1344 deinde
1530 1279 1812 1342 interrex
1856 1279 1924 1341 in
1963 1278 2253 1342 contione
2293 1296 2514 1363 regem
2550 1297 2822 1362 pronun·

443 1384 565 1448 tiat
625 1403 816 1468 quem
871 1389 985 1450 aut
1026 1387 1163 1470 ipse
1211 1383 1411 1470 elegit
1461 1389 1575 1449 aut
1621 1389 1832 1471 patres
1878 1381 2212 1469 elegerunt
2235 1381 2323 1464 ⁹);
2373 1385 2468 1448 ita
2513 1383 2590 1448 ab
2632 1384 2824 1448 inter·

442 1508 596 1576 rege
656 1511 767 1555 rex
819 1493 1268 1576 pronuntiatur
1311 1491 1529 1556 Numa
1576 1488 1640 1555 2.
1669 1487 1756 1554 58
1803 1487 1932 1566 fin„
1981 1487 2232 1554 Tullius
2279 1487 2341 1553 3.
2373 1488 2446 1566 1,
2494 1490 2707 1555 Ancus
2757 1487 2818 1553 3.

447 1594 534 1660 36
553 1643 570 1673 ,
638 1595 897 1662 Priscus
961 1596 1022 1662 3.
1066 1596 1186 1675 463
1250 1595 1550 1663 Servium
1609 1594 1958 1683 Dionysius
2021 1595 2432 1661 eodemmodo
2500 1596 2626 1662 fere
2694 1615 2821 1681 quo

446 1699 665 1768 Cicero
682 1750 698 1780 ,
762 1701 840 1768 de
886 1724 952 1769 se
998 1705 1136 1789 ipso
1182 1723 1335 1790 rege
1382 1701 1647 1768 creando
1696 1723 1860 1768 novo
1905 1699 2196 1787 exemplo
2242 1701 2558 1788 populum
2603 1721 2824 1767 consu·-

443 1806 641 1874 luisse
706 1813 771 1874 et
832 1811 901 1873 in
946 1809 1323 1897 suffragium
1372 1829 1628 1875 vocasse
1677 1807 1865 1887 dicit,
1911 1808 1968 1872 4.
2020 1807 2062 1873 8
2110 1815 2182 1874 et‘
2227 1808 2310 1875 12
2357 1814 2422 1874 et
2469 1807 2553 1874 34
2601 1814 2668 1874 et
2713 1807 2820 1873 40.

445 1913 569 1980 Sed
629 1915 798 2000 apud
858 1914 1246 2003 Dionysium
1308 1936 1557 2003 quoque
1619 1918 1814 1982 etiam
1861 1914 2020 1980 aliae
2065 1917 2342 1980 actiones
2387 1920 2826 1982 memorantur

446 2022 676 2107 quibus
739 2043 899 2108 opus
960 2023 1155 2089 fuerit
1210 2022 1291 2088 ad
1335 2043 1612 2110 regnum
1657 2021 2194 2087 constituendum.
2263 2021 2457 2107 Apud
2503 2043 2654 2087 eum
2699 2022 2826 2106 pri-

446 2148 632 2192 mum
675 2127 951 2214 populus
999 2131 1279 2194 comitiis
1322 2127 1623 2215 suffragio
1663 2149 1779 2192 suo
1822 2148 2041 2214 regem
2079 2147 2220 2192 esse
2253 2129 2432 2193 iubet
2453 2149 2608 2192 eum
2629 2146 2821 2213 quem

446 2237 887 2319 pronuntiavit
939 2237 1217 2300 interrex
1234 2283 1251 2312 ,
1316 2235 1539 2314 deinde
1599 2223 1822 2298 Patres
1884 2234 2192 2298 Auctores
2253 2233 2414 2298 fiunt
2457 2232 2594 2312 (cfr.
2639 2231 2703 2296 2.
2731 2230 2818 2295 60

446 2344 512 2406 et
550 2339 612 2404 4.
640 2337 760 2418 403
804 2337 947 2405 aliis
984 2338 1145 2406 locis
1180 2341 1450 2406 Patrum
1486 2341 1852 2406 Auctoritas
1890 2341 2240 2419 omittitur)
2258 2387 2275 2417 ,
2317 2339 2584 2424 denique
2622 2357 2822 2424 augu-

444 2467 544 2511 res
603 2448 743 2531 (qui
804 2446 1034 2512 diserte
1098 2448 1510 2512 nominantur
1570 2445 1634 2510 2.
1664 2445 1775 2526 60)
1823 2446 1898 2511 de
1948 2467 2114 2510 novo
2160 2466 2312 2532 rege
2359 2446 2640 2530 auspicia
2683 2464 2824 2531 cap-

444 2557 603 2618 tant.
675 2551 770 2619 De
817 2555 1093 2618 comitiis
1127 2551 1256 2618 illis
1296 2558 1515 2618 autem
1554 2553 1784 2638 quibus
1823 2551 2099 2638 populus
2137 2573 2357 2638 regem
2398 2573 2533 2619 esse
2569 2551 2786 2616 iubeat
2804 2599 2822 2628 ,

443 2657 617 2723 haud
675 2657 861 2724 facile
919 2658 1095 2724 dictu
1156 2665 1253 2724 est
1312 2664 1534 2724 utrum
1597 2679 1670 2723 ea
1729 2659 1809 2724 ab
1866 2661 2185 2744 interrege
2237 2679 2316 2723 an
2365 2659 2442 2723 ab
2487 2661 2626 2744 ipso
2671 2677 2823 2742 rege

444 2785 660 2830 recens
724 2769 931 2830 creato
978 2765 1198 2830 habita
1244 2785 1378 2830 esse
1424 2769 1614 2852 putet
1657 2763 2026 2852 Dionysius.
2096 2763 2332 2845 Quodsi
2377 2763 2456 2829 ab
2502 2766 2822 2850 interrege

443 2871 662 2937 habita
722 2876 929 2936 essent
946 2919 963 2948 ,
1023 2869 1347 2936 referenda
1409 2871 1609 2935 etiam
1667 2878 1878 2936 essent
1935 2870 2016 2936 ad
2077 2871 2458 2936 creationem
2501 2871 2672 2955 regis
2689 2916 2707 2945 ,
2753 2873 2819 2933 et

444 2976 872 3063 componenda
918 2983 1128 3042 essent
1172 2996 1322 3042 cum
1366 2974 1501 3040 illis
1545 2977 1826 3041 comitiis
1842 3024 1859 3055 ‚
1901 2977 2132 3062 quibus
2168 2995 2350 3063 reges
2387 2974 2463 3040 ab
2501 2975 2818 3060 interrege

445 3089 687 3148 creatos
735 3103 871 3148 esse
917 3081 1177 3148 tradunt
1224 3079 1443 3148 Cicero
1492 3086 1557 3147 et
1596 3081 1856 3160 Livius3
1900 3088 2043 3147 tum
2083 3087 2370 3148 auctores
2408 3080 2485 3146 de
2509 3081 2823 3146 creatione

443 3211 675 3276 regum
734 3194 994 3255 eatenus
1056 3194 1312 3255 tantum
1375 3189 1782 3254 dissentirent
1796 3238 1815 3267 ,
1879 3190 2049 3276 quod
2109 3188 2279 3276 apud
2343 3186 2714 3255 Ciceronem
2759 3189 2826 3253 et

443 3295 709 3360 Livium
770 3295 1145 3382 suffragium
1208 3293 1433 3380 populi
1492 3295 1568 3360 de
1628 3316 1779 3381 rege
1841 3295 2105 3361 creando
2151 3295 2430 3362 liberum
2475 3301 2574 3360 est
2587 3341 2604 3372 ,
2655 3293 2826 3380 apud

444 3400 833 3488 Dionysium
904 3422 1057 3468 vero
1126 3401 1471 3488 alligatum
1538 3408 1704 3467 esset
1772 3402 2173 3467 nominatione
2241 3403 2432 3466 unius
2505 3399 2823 3466 candidati

446 3529 641 3593 quam
697 3509 931 3575 faceret
990 3511 1288 3574 interrex.
1360 3507 1859 3594 Nonnumquam
1921 3508 2269 3596 Dionysius
2334 3510 2428 3572 ita
2494 3529 2632 3572 rem
2699 3505 2844 3575 sibi}

444 3614 888 3680 informavisse
934 3613 1191 3679 videtur
1236 3619 1310 3678 ut
1358 3614 1479 3680 hoc
1522 3614 1804 3680 crederet
1819 3664 1835 3693 ,
1887 3614 2090 3680 veluti
2139 3614 2200 3681 3.
2229 3612 2315 3678 46
2333 3661 2352 3691 ,
2392 3614 2506 3678 ubi
2541 3615 2833 3678 interret

449 3721 822 3797 συναγαγὼν
883 3721 967 3790 εἷς
1032 3720 1439 3802 ἀρχαιρεσίας
1504 3721 1573 3785 τὸ
1640 3723 1864 3794 πλῆθος
1915 3743 2136 3808 regem
2183 3726 2351 3786 creat
2395 3741 2598 3806 neque
2645 3719 2826 3806 quid·

448 3845 641 3912 quam
698 3831 1021 3911 praeterea
1066 3831 1463 3893 memoratur
1506 3833 1757 3912 praeter
1801 3827 2306 3893 observationem
2352 3827 2784 3911 auspiciorum
2802 3873 2819 3903 ,

448 3937 513 3996 et
574 3930 635 3995 4.
663 3930 750 3996 80
768 3979 787 4010 ,
848 3931 963 3996 ubi
1022 3931 1338 4019 populum
1396 3932 1776 4020 suffragium
1836 3933 1995 4000 ferre
2043 3934 2199 3999 dicit
2245 3933 2306 3997 ἐν
2353 3933 2782 4014 ἀρχαιρεσίαις
2801 3979 2818 4009 ,

518 4220 571 4285 1)
617 4221 811 4286 Dionys.
856 4222 1009 4280 2.5‘1;
1060 4223 1220 4284 8.4e;
1266 4225 1313 4272 4.
1334 4225 1424 4282 403
1472 4223 1558 4273 cfr.
1587 4210 1644 4273 ‘3.
1667 4223 1692 4272 1
1729 4223 1798 4273 in.
1832 4226 1881 4273 et
1917 4223 2038 4283 243
2077 4222 2157 4272 hic
2189 4223 2348 4273 iussus
2380 4219 2545 4287 populi
2580 4221 2638 4270 de
2671 4236 2820 4285 regno

446 4302 777 4354 constituendo
811 4305 1055 4354 omittitur
1090 4307 1135 4354 8.
1158 4307 1218 4354 8⁶
1256 4309 1306 4354 et
1337 4307 1489 4355 4.80.
1540 4333 1608 4344 —
1657 4306 1714 4371 2)
1751 4306 1947 4371 Dionys.
1985 4307 2083 4356 4.8
2120 4322 2228 4372 pag.
2265 4306 2380 4356 684.
2403 4307 2509 4364 14.;
2544 4305 2590 4353 4.
2611 4304 2674 4354 81
2711 4319 2820 4370 pag.

449 4385 667 4445 ¹280.15;
706 4387 841 4436 484
872 4401 978 4452 pag.
1015 4386 1113 4438 788
1151 4388 1207 4446 o;
1243 4389 1377 4436 4.40
1410 4403 1518 4453 pag.
1551 4387 1646 4440 '141
1683 4391 1794 4448 iln.;
1830 4391 1878 4439 4.
1899 4390 1965 4438 80
1995 4405 2103 4454 pag.
2138 4389 2238 4438 888
2273 4389 2356 4437 fin.
