3192 5009
1063 328 1452 389 ΗΡΩΙΔΟΤ
1503 328 1985 391 ΜΙΜΙΑΜΒΟῙ
2621 320 2707 385 45

421 508 618 576 Plura
661 508 739 575 de
785 508 886 574 his
931 512 997 573 et
1041 506 1287 594 reliqua
1330 506 1619 574 Hei-odae
1666 508 1939 574 dictione
1994 506 2337 575 disserendi
2402 507 2527 574 alia
2586 509 2708 573 for-

326 622 494 683 tasse
541 616 799 682 dabitur
842 616 1082 681 occasio
1097 662 1115 693 ,
1167 635 1326 701 quae
1371 636 1539 680 nunc
1585 617 1790 701 spatio
1839 614 2223 682 excluditur.

419 722 516 787 De
579 725 720 808 ipso
785 727 972 807 poeta
1039 742 1233 805 quam
1301 742 1504 807 pauca
1566 721 1831 787 antehac
1892 726 2043 786 nota
2099 721 2336 786 fuerint
2382 719 2708 806 apparebit

328 826 684 894 consulenti
724 830 1148 894 novissimum
1187 826 1562 893 Susemihlii
1596 848 1782 913 opus,
1820 826 2162 891 Geschichte
2196 827 2304 890 der
2330 826 2705 890 Griechische

325 934 668 999 Dictorum
711 935 782 997 in
826 936 935 998 der
982 933 1566 1011 Alexandr-inerma,
1617 933 1870 1019 Lipsiae
1922 931 2117 1010 1891,
2168 931 2311 997 Vol.
2360 931 2409 1010 I,
2456 953 2519 1018 p.
2568 930 2701 997 229

329 1038 574 1106 —231.
621 1039 808 1105 Nunc
845 1045 1094 1125 praeter
1131 1042 1422 1124 ipsorum
1461 1039 1988 1105 mim-iamborum
2027 1039 2339 1104 rationem
2381 1059 2459 1103 ex
2497 1040 2704 1123 primo

318 1153 387 1213 et
456 1152 682 1235 quarto
750 1148 952 1210 mimo
1016 1144 1323 1210 discimus
1383 1165 1534 1210 eum
1597 1144 1888 1210 floruisse
1948 1147 2082 1209 iam
2146 1150 2429 1211 extremo
2492 1144 2703 1211 seculo

319 1260 547 1339 quarto
609 1266 674 1319 et
734 1257 1041 1338 reg-nante
1104 1254 1302 1317 etiam
1346 1249 1717 1317 Ptolemaeo
1762 1250 2083 1337 Euerg-ete
2129 1252 2410 1316 carmina
2456 1271 2706 1336 compo-

319 1360 545 1436 suisse,
594 1378 629 1423 e
674 1358 910 1442 quibus
951 1357 1301 1423 secundum
1341 1363 1407 1423 et
1445 1364 1746 1442 quartum
1784 1360 1855 1422 in
1892 1356 2103 1423 insula
2134 1354 2224 1424 Co
2262 1358 2471 1436 (cuius
2494 1359 2704 1422 civem

319 1486 473 1531 eum
540 1485 674 1530 esse
745 1466 1193 1549 suspicantur),
1269 1466 1537 1528 tertium
1601 1469 1666 1529 et
1728 1467 2079 1549 septimum
2141 1461 2357 1550 Cyzici
2405 1464 2475 1528 in
2520 1483 2702 1529 scena

317 1577 461 1636 acta
521 1590 654 1636 esse
722 1569 1139 1655 probabiliter
1199 1572 1431 1635 statuit
1491 1568 1882 1635 But-herford
1898 1590 1914 1649 ;
1988 1572 2043 1634 si
2102 1590 2253 1636 vero
2316 1572 2701 1655 septimum,

319 1676 494 1742 idem
541 1675 617 1741 de
664 1682 844 1741 sexto
862 1724 879 1753 ,
929 1675 1097 1760 quod
1142 1680 1277 1740 arte
1323 1696 1474 1740 cum
1516 1674 1634 1740 illo
1682 1676 2004 1753 cohaeret,
2054 1680 2413 1741 statuamus
2453 1696 2701 1741 necesse

321 1788 437 1847 est.
487 1780 958 1867 spectatoribus
997 1782 1211 1867 potius
1251 1802 1444 1867 quam
1483 1781 1825 1847 lectoribus
1864 1782 2019 1847 haec
2059 1784 2341 1849 carmina
2387 1781 2702 1847 destinata

319 1889 518 1955 fuisse
565 1888 795 1953 efficias
841 1908 877 1951 e
921 1887 1078 1953 locis
1124 1887 1283 1953 bene
1328 1886 1556 1952 multis
1575 1935 1592 1965 ,
1643 1890 1755 1972 qui
1799 1890 1925 1951 nisi
1972 1889 2114 1973 quis
2160 1886 2419 1952 vultum
2455 1894 2701 1975 gestus-

319 2014 444 2079 que
509 1998 574 2058 et
635 1996 1004 2058 universam
1065 1994 1382 2059 actionem
1456 1992 1991 2058 interlocutorum
2056 1993 2503 2059 informaverit
2518 2043 2535 2073 ,
2608 1997 2701 2059 iu-

319 2098 546 2186 tellegi
594 2106 938 2185 nequeunt.
987 2098 1310 2164 Theocriti
1353 2098 1782 2164 Adoniazusas
1800 2148 1817 2177 ,
1860 2105 1935 2163 ut
1969 2099 2087 2164 hoc
2126 2106 2289 2177 utar,
2331 2101 2528 2165 etiam
2564 2102 2699 2165 sine

316 2205 438 2270 hoc
497 2204 742 2270 auxilio
802 2204 987 2271 facile
1045 2205 1561 2291 interpretaberis
1579 2253 1597 2282 ,
1662 2204 1956 2270 Herodae
2019 2226 2169 2270 vero
2228 2204 2575 2291 Zelotypus
2623 2227 2697 2272 ea

318 2331 437 2397 ope
476 2295 784 2377 destituto
825 2312 1112 2377 mauebit
1152 2313 1476 2377 obscurus.
1517 2310 1804 2377 Herodes
1843 2313 2057 2397 potius
2096 2332 2290 2397 quam
2330 2311 2661 2377 Herondas
2680 2360 2697 2390 ,

317 2422 396 2481 ut
444 2416 616 2483 solus
662 2421 847 2484 vocat
892 2419 1257 2484 Athenaeus
1303 2418 1399 2483 ΠΙ
1437 2417 1524 2483 86
1549 2419 1610 2497 b,
1651 2426 1877 2504 poetae
1915 2439 2149 2484 nomen
2183 2419 2379 2484 fuisse
2419 2418 2695 2484 videtur.

317 2522 610 2589 Fortasse
657 2530 876 2590 autem
925 2533 1342 2590 HPssNAAc
1388 2527 1705 2612 originem
1744 2525 1931 2591 debet
1970 2546 2156 2590 verae
2194 2526 2471 2589 nominis
2509 2526 2700 2611 scrip-

318 2636 501 2695 turae
551 2639 958 2708 HPnlAAC‚
1005 2635 1081 2695 ut
1124 2634 1194 2696 in
1240 2630 1450 2697 titulis
1495 2634 1773 2697 vetustis
1818 2630 1980 2697 solet
2026 2633 2303 2709 exarari,
2354 2630 2521 2697 unde
2566 2633 2700 2696 iota

291 2735 514 2801 titulo
559 2737 832 2802 inserere
876 2739 1096 2801 visum
1146 2743 1261 2803 est.

409 2839 591 2905 Hanc
630 2840 1161 2929 qualemcumque
1197 2844 1725 2909 mimiamborum
1756 2843 2101 2909 editionem
2126 2862 2411 2908 seorsum
2432 2864 2696 2909 venum·
2794 2919 2805 2937 ι

317 2946 468 3012 dare
507 2946 921 3033 bibliopolam
958 2951 1272 3015 iusseram
1289 2998 1306 3027 ,
1348 2949 1458 3015 sed
1497 2953 1647 3035 quia
1686 2951 1887 3015 crevit
1924 2952 1993 3014 in
2031 2949 2165 3014 dies
2187 2952 2697 3015 coniecturarum

317 3073 355 3117 a
394 3051 692 3137 plurimis
732 3055 890 3119 viris
931 3054 1132 3120 doctis
1172 3057 1641 3141 propositarum
1682 3059 1863 3141 copia
1880 3104 1897 3133 ,
1935 3076 2091 3141 quas
2115 3062 2385 3143 urgente
2410 3062 2697 3143 tempore

315 3157 601 3243 undique
640 3159 1009 3225 corradendi
1047 3168 1112 3225 et
1143 3167 1266 3226 rite'
1290 3161 1677 3227 diiudicandi
1700 3161 1875 3227 deest
1898 3163 2063 3228 mihi
2086 3166 2295 3227 otium
2319 3168 2383 3228 et
2408 3162 2695 3243 facultas,

313 3262 482 3328 illud
527 3264 869 3330 consilium
909 3267 1144 3343 abieci,
1185 3288 1335 3333 cum
1373 3270 1757 3353 praesertim,
1789 3272 2020 3334 certior
2058 3270 2263 3334 factus
2303 3271 2429 3333 sim
2450 3318 2466 3347 ,
2516 3270 2697 3335 brevi

315 3368 534 3455 plures
580 3370 924 3436 eorundem
970 3374 1322 3437 carminum
1367 3376 1758 3439 recensiones
1796 3374 2156 3459 prodituras
2194 3396 2328 3439 esse
2366 3377 2437 3439 in
2457 3374 2692 3441 lucem.

405 3475 632 3541 Restat
678 3482 753 3542 ut
798 3480 1041 3565 gratias
1089 3500 1283 3565 agam
1327 3478 1707 3545 Leeuwenio
1754 3500 1898 3545 meo
1919 3529 1937 3558 ,
1986 3479 2266 3567 colleg-ae
2314 3482 2693 3545 aestimatis-

315 3584 515 3661 sim0,
585 3586 698 3668 qui
767 3604 894 3649 non
955 3590 1210 3650 tantum
1268 3587 1734 3672 typographica
1802 3588 1966 3651 vitia
1984 3634 2001 3665 ,
2066 3607 2225 3671 quae
2272 3589 2507 3672 scripta
2550 3606 2694 3653 mea

314 3710 467 3754 cum
527 3709 763 3777 magno
809 3711 952 3757 meo
999 3690 1382 3757 detrimento
1413 3691 1462 3773 ¹)
1509 3713 1915 3779 corrumpere
1962 3692 2205 3771 solent,
2254 3712 2509 3757 summa
2554 3692 2695 3757 dili-

245 3826 256 3838 ·
313 3798 536 3883 gentia
597 3796 862 3862 sustulit
879 3846 896 3875 ,
959 3799 1069 3863 sed
1131 3803 1330 3865 etiam
1367 3806 1529 3866 -tam
1587 3803 2040 3886 interpretanti
2086 3820 2281 3886 quam
2328 3798 2689 3865 emendanti

311 3908 568 3967 textum
614 3902 1066 3969 difficillimum
1112 3910 1446 3994 egregiam
1492 3928 1682 3992 opem
1728 3906 1895 3971 mihi
1943 3908 2280 3993 praestitit.

327 4042 511 4051 u————-

386 4102 440 4163 1)
479 4100 608 4150 Haeo
633 4117 772 4150 causa
798 4100 895 4151 fuit
921 4103 1173 4169 praecipua
1199 4104 1378 4153 scilicet
1405 4120 1492 4153 cur
1521 4104 1698 4154 Studia
1727 4121 1828 4154 nea
1854 4104 2027 4153 critica
2044 4102 2096 4152 in
2114 4102 2469 4167 Bpiqramta
2495 4103 2688 4153 Graeca.

313 4166 516 4225 beiden,
564 4168 617 4218 E.
651 4168 699 4217 J.
737 4168 863 4218 Briu
901 4169 1044 4224 1890.
1080 4186 1200 4235 quae
1233 4172 1364 4231 (licet
1393 4170 1681 4220 invidiosum
1715 4172 1779 4220 sit
1812 4171 1993 4220 dicer-el
2026 4171 2261 4249 plurimu
2294 4170 2499 4235 optimas
2532 4185 2687 4219 emen·

311 4233 527 4285 datione·
557 4236 801 4285 continere
837 4235 959 4284 mihi
991 4238 1289 4286 affirmarunt
1315 4238 1432 4287 bene
1461 4238 1603 4287 multi
1620 4276 1631 4292 .
1662 4252 1868 4301 quorum
1896 4237 2073 4287 iudicio
2101 4237 2284 4301 aliquid
2313 4236 2523 4287 tribuere
2539 4237 2685 4296 soleo,

314 4301 471 4351 neseio
521 4302 604 4366 qui
653 4316 820 4351 censor
869 4302 938 4351 ita
982 4304 1262 4368 exagitarit,
1311 4310 1364 4354 ut
1408 4305 1546 4369 longe
1596 4304 1839 4370 pauciores
1872 4308 2111 4369 emptore·
2140 4303 2354 4353 inveniat
2385 4319 2527 4367 quam
2560 4304 2685 4354 liber

313 4372 528 4418 meretur
561 4372 609 4419 et
641 4368 742 4435 ipse
773 4384 882 4419 cum
915 4369 1098 4420 editore
1129 4386 1260 4430 meo,
1296 4372 1429 4421 cuius
1462 4372 1613 4421 vicem
1644 4370 1883 4435 imprimis
1917 4370 2081 4430 doleo,
2119 4370 2219 4421 fore
2254 4385 2573 4435 speraveram.
