3192 5009
1304 378 1390 426 An
1437 376 1762 426 mammos.
2587 355 2717 424 437

441 545 620 612 Idem
665 550 732 611 in
777 547 1135 628 Erechtheo,
1185 547 1262 611 fr.
1312 545 1439 612 351
1491 545 1732 628 (Schol.
1782 545 1935 612 Ven.
1985 547 2095 612 Ar.
2143 546 2291 614 Pae.
2343 543 2490 627 97):

712 649 1039 732 δλολύζετ’,
1089 651 1131 718 ὦ
1179 661 1503 732 γυναῖκες,
1549 655 1626 726 ὦς
1677 653 1820 736 ἔλθη
1867 652 1978 718 θεὰ

713 770 948 840 χρυσῆν
994 758 1227 842 ἔχουσα
1280 758 1520 838 Γοργόν’
1567 760 1872 839 ἐπίκουρος
1920 760 2119 827 πόλει.

353 865 777 932 Praetulerim
847 865 1296 945 ὄλολύξαιτ’,
1368 873 1443 932 ut
1503 866 1729 932 Aesch.
1794 866 1984 932 Eum.
2039 865 2234 945 1013,
2265 862 2460 943 1047,
2524 885 2721 951 eoque

356 974 530 1039 ducit
576 976 808 1060 optimi
853 974 986 1039 eod.
1036 973 1420 1040 Ravennatis
1467 975 1780 1059 scriptura
1826 971 2121 1048 ὅλάλυξ
2139 997 2247 1038 αν.

442 1194 621 1261 Idem
665 1197 732 1260 In
781 1194 1183 1278 Melanippa,
1231 1195 1306 1260 fr.
1358 1193 1510 1274 503,
1560 1215 1656 1260 vs.
1710 1193 1771 1259 3.

713 1324 752 1364 κ
770 1305 803 1365 ῦ
822 1324 852 1379 ρ
871 1323 908 1363 σ
925 1325 968 1365 α
987 1325 1004 1364 ι
1053 1302 1343 1375 θνητοῖσιν
1391 1298 1657 1382 ἄριστον.

351 1407 515 1488 Quia
575 1405 810 1473 vocalis
869 1408 936 1471 in
996 1405 1204 1472 radice
1266 1419 1380 1484 πῦρ·
1438 1412 1667 1472 natura
1728 1407 1938 1473 brevis
1984 1412 2084 1472 eet
2128 1411 2196 1472 et
2240 1427 2365 1472 non
2414 1408 2539 1471 nisi
2583 1427 2725 1492 pro-

351 1514 644 1580 ductione
714 1511 1102 1599 suppletoria
1170 1514 1237 1577 in
1301 1511 1454 1590 κύρω
1479 1537 1559 1562 =
1584 1511 1759 1600 xdpjoe
1776 1562 1793 1592 ‚
1859 1518 2027 1591 κῦρος
2090 1519 2155 1578 et
2214 1512 2514 1578 derivatis
2575 1510 2723 1577 inde

349 1617 672 1686 vocabulis
719 1617 914 1705 longa
957 1617 1063 1697 fit,
1112 1639 1302 1683 verus
1348 1621 1643 1684 accentus
1688 1619 1883 1683 fuerit
1931 1617 2019 1683 κύ
2037 1642 2067 1697 ρ
2088 1641 2125 1681 σ
2145 1643 2245 1682 αι.

441 1821 620 1888 Idem
665 1824 735 1888 in
790 1821 1013 1900 Οοιιεο,
1061 1821 1137 1885 fr.
1189 1819 1358 1887 564:

709 1925 856 1992 ὅταν
903 1922 1080 1992 κακοὶ
1130 1925 1459 2009 πράξωσιν,
1509 1924 1550 1992 ὦ
1599 1927 1749 2004 ξένοι
1771 1977 1787 2007 ,
1836 1934 2077 2008 καλῶς,

712 2031 932 2112 ἄγαν
979 2039 1480 2113 κρατοῦντες
1530 2036 1638 2100 κοῦ
1686 2033 2025 2116 νομίζοντες
2074 2034 2240 2110 δίκην

712 2141 914 2205 δώσειν
962 2138 1224 2220 ἔδρασαν
1271 2139 1458 2206 πάντ’
1507 2141 1763 2218 ἐφέντες
1815 2141 2007 2224 ἡδονῇ.

349 2245 422 2313 In
483 2250 691 2334 primo
753 2268 941 2312 versu
961 2297 977 2325 ,
1039 2268 1231 2333 quem
1293 2246 1605 2313 violenter
1667 2251 1940 2313 tentavit
2001 2245 2295 2313 Schmidt
2353 2241 2468 2313 Krss
2516 2247 2608 2314 St.
2659 2245 2723 2312 H

349 2376 411 2440 p.
479 2350 608 2421 475
637 2375 751 2439 eq„
823 2351 987 2418 nihil
1054 2359 1152 2418 est
1212 2353 1380 2440 quod
1440 2356 1578 2418 iure
1642 2353 2092 2441 reprehendae‚
2159 2353 2267 2418 sed
2327 2356 2394 2418 in
2444 2352 2718 2419 seeundo

345 2465 515 2526 reete
560 2461 725 2525 vidit
769 2460 963 2525 verba
999 2456 1171 2537 ἄγαν
1211 2465 1570 2538 κρατοῦντες
1613 2460 1768 2525 bene
1805 2458 2100 2546 intellegi
2136 2480 2261 2525 non
2301 2481 2502 2545 posse.
2553 2456 2722 2526 Gum

345 2587 497 2632 vero
516 2616 532 2645 ‚
582 2566 749 2653 quod
796 2566 930 2632 dixi
948 2614 964 2643 ,
1013 2569 1173 2631 vitio
1219 2587 1426 2632 carere
1471 2565 1767 2633 videatur
1813 2587 2036 2632 versus
2083 2565 2457 2653 praecedens
2476 2616 2493 2645 ‚
2541 2565 2720 2632 locus

351 2695 476 2739 non
536 2680 635 2739 est
684 2673 816 2739 leni
863 2675 1000 2738 eius
1049 2675 1441 2739 coniecturae
1488 2670 1630 2739 αἶα
1649 2701 1677 2738 ν
1728 2677 2107 2750 κρατοῦντες.
2157 2673 2549 2760 Expectatur
2593 2673 2721 2738 fere

355 2780 1053 2862 ὑπερφρονοῦντες
1139 2789 1251 2845 aut
1332 2779 1545 2845 simile
1633 2780 1820 2866 quid,
1903 2779 2011 2846 sed
2082 2779 2390 2845 leniorem
2458 2785 2720 2864 expecto

352 2887 684 2953 medelam.

441 3103 622 3170 Idem
665 3107 736 3169 in
780 3104 986 3188 syceo,
1033 3104 1109 3169 fr.
1161 3102 1312 3170 690.

440 3211 580 3278 Hoc
639 3212 1075 3299 fragmentum
1137 3211 1290 3277 adeo
1352 3218 1495 3296 apte
1558 3215 1795 3298 exeipit
1842 3213 1917 3278 fr.
1970 3211 2121 3291 689,
2170 3218 2247 3278 ut
2292 3234 2418 3279 non
2464 3217 2720 3278 tantum

350 3339 428 3384 ex
476 3319 698 3385 eodem
742 3317 882 3383 loeo
929 3326 1265 3403 sumptum
1310 3317 1623 3398 videatur,
1675 3318 1783 3385 sed
1830 3321 2051 3385 statim
2090 3322 2159 3384 in·
2194 3319 2409 3385 fabula
2445 3317 2549 3385 illi
2588 3340 2723 3384 euc-

350 3427 625 3490 oessisse.
674 3423 880 3504 Quare
927 3423 1181 3509 explere
1227 3426 1473 3490 ausim:

711 3529 864 3606 (καὶ
914 3534 1092 3606 πᾶν)
1139 3530 1210 3595 τό
1256 3528 1326 3606 γ’
1378 3525 1532 3602 εἶδος
1584 3530 1739 3597 αὐτό
1788 3554 1893 3595 σου
1942 3540 2277 3613 κατηγορεῖ

711 3641 1040 3715 σιγῶντος,
1089 3637 1165 3709 ὥς
1213 3634 1336 3712 εἴης
1385 3633 1463 3700 ἂν
1510 3637 1632 3717 οὐχ
1678 3637 1967 3721 ὑπήκοος,

709 3740 961 3807 τάσσειν
1009 3741 1070 3808 δὲ
1117 3747 1363 3821 μᾶλλον
1407 3743 1443 3818 ἢ
1496 3743 1938 3808 ἐπιτάσσεσθαι
1986 3744 2200 3815 θέλοις.

435 3944 615 4012 Idem
660 3945 900 4012 ibidem
917 3995 934 4024 ,
983 3946 1059 4012 fr.
1111 3945 1273 4013 692:

1558 4061 1685 4128 τοῖς
1738 4051 1791 4118 δ’
1843 4050 1923 4119 αὖ
1970 4062 2176 4128 κακοῖς

703 4156 949 4224 πάντων
996 4158 1400 4236 μέγιστοι.-
1451 4159 1744 4237 πολέμιος
1794 4161 1963 4225 κατὰ
2008 4161 2225 4241 χθόνα.

344 4262 586 4330 Iniuria
645 4262 944 4342 μέγιστον
1005 4268 1280 4331 tentavit
1341 4264 1630 4353 Seyffart.
1694 4265 1857 4332 'I'am
1920 4273 2089 4333 recte
2136 4267 2371 4333 dieitur
2415 4263 2711 4343 μέγιστος

313 4370 635 4446 ’πολέμιος
683 4392 877 4457 quam
923 4370 1135 4450 μέγας
1183 4372 1366 4452 φίλος
1416 4371 1589 4438 Med.
1641 4370 1791 4437 549.
1837 4372 2027 4439 Herc.
2076 4371 2249 4439 1252
2302 4379 2420 4438 aut
2465 4369 2714 4452 μείζονα

348 4477 531 4557 φίλον
579 4475 770 4564 Soph.
818 4478 966 4543 Ant.
1021 4477 1168 4544 182.
