3192 5009
1179 279 1580 330 Ammnns.
2435 254 2569 323 213

258 448 341 513 καὶ
379 456 515 513 πιεῖν
554 446 733 528 χωρὶς
761 486 847 496 -
874 446 907 512 ὅ
919 448 959 525 ξ
974 471 1043 519 ος
1093 443 1358 531 κῷνον,
1410 446 1604 512 modo
1651 448 1808 511 satis
1853 449 2002 530 apte
2049 442 2384 509 emendare
2429 462 2573 526 pos-

257 577 361 620 sem
399 554 696 641 reliquum
740 554 977 620 locum.
1028 554 1265 640 Aperte
1312 574 1522 618 sermo
1570 559 1669 618 est
1717 553 1793 617 de
1839 552 1989 617 vino
2035 557 2170 615 tam
2217 570 2446 635 prav0,
2495 553 2572 613 ut

254 662 311 726 ab
350 668 499 727 aceto
538 662 848 749 distingui
887 682 1016 725 non
1060 664 1293 745 posset.

324 791 372 854 p.
412 767 549 845 498,
574 768 632 832 b.
680 768 1011 833 Hnsmnus
1057 766 1159 847 (fr.
1215 764 1369 846 194)
1417 767 1743 851 scripsisse
1791 764 2100 830 traditur:

472 875 567 937 καὶ
614 873 757 938 τότε
806 874 1069 946 Mdv-tm·
1116 873 1230 948 μὲν
1277 872 1499 948 δεσμὸν
1544 871 1689 947 βοὸς
1739 869 1945 935 αἴνυτο
1993 869 2230 951 χερσίν,

460 980 732 1061 Ἴφικλος
786 964 840 1043 δ”
890 980 1021 1043 ἐπὶ
1072 980 1239 1043 νῶτ’
1289 980 1744 1054 ἐπεμαίετο
1793 978 1921 1041 κτὲ.

250 1091 301 1151 in
345 1088 547 1173 quibus
590 1086 777 1153 valde
822 1088 987 1151 mihi
1034 1085 1328 1171 displicet
1371 1088 1603 1151 iterata
1647 1085 2029 1170 praepositio
2050 1132 2066 1159 ,
2117 1101 2313 1167 quam
2359 1082 2570 1145 nescio

248 1214 309 1256 an
339 1196 773 1279 grammaticus
818 1192 1050 1279 aliquis
1094 1193 1168 1257 de
1205 1199 1412 1257 metro
1454 1191 1621 1257 male
1662 1190 1974 1256 sollicitus
2013 1189 2206 1254 verbo
2233 1187 2566 1253 addiderit.

246 1298 431 1376 Poeta,
474 1302 537 1363 ni
582 1298 787 1377 fallor,
834 1321 948 1385 per
995 1301 1231 1363 tmesin
1278 1299 1569 1365 dederat:

458 1406 736 1481 Ἴφικλος
788 1408 839 1471 δ’
888 1407 1020 1470 ἐπὶ
1074 1412 1277 1469 νῶτα
1327 1405 1692 1481 ἕμαίετο.

318 1534 367 1597 p.
409 1510 547 1591 502,
574 1513 635 1577 b.
686 1511 921 1577 Versus
968 1512 1461 1595 Aristophaneos
1508 1514 1600 1576 sic
1647 1515 1931 1595 tempto:

730 1617 1045 1688 ἑπτάπους
1095 1622 1243 1694 γοῦν
1289 1620 1322 1693 ἦ
1373 1617 1518 1681 σκιά
1569 1622 1742 1694 ’στιν,

730 1723 862 1788 ἐπί
906 1749 992 1790 τε
1042 1723 1365 1789 δεῖπνον
1415 1723 1444 1789 ὃ
1491 1724 1730 1806 χορὸς
1778 1722 1916 1798 ἤδη
1965 1722 2036 1800 μ’

730 1828 1300 1909 ὃφιλοτῆσιος
1350 1838 1614 1895 καλεῖ.

241 1955 333 2018 pro
369 1935 581 2001 tradita
624 1939 973 2023 scriptura:

732 2044 769 2118 ἦ
810 2042 913 2106 ’πὶ
963 2042 1044 2106 τὸ
1093 2042 1327 2107 δεῖπνον
1374 2045 1461 2113 ὥς
1514 2042 1622 2118 ἤδη
1673 2049 1861 2107 καλεῖ
1904 2039 1978 2119 μ’

728 2150 757 2212 ὅ
805 2148 983 2228 χορὸς
1034 2149 1061 2212 ὅ
1110 2148 1487 2228 Φιλοτήσιος.

311 2276 363 2339 p.
407 2254 547 2333 519,
572 2256 631 2320 d.
679 2256 822 2320 Non
867 2255 1133 2341 expedio
1180 2262 1487 2340 tempora·
1514 2258 1868 2341 praesentia
1915 2252 2314 2332 ὑπάρχουσιν,
2343 2255 2572 2316 ποιοῦν-

242 2384 355 2438 ται,
390 2369 626 2441 τιμῶσι,
674 2364 1159 2439 ἄνακηρύττουσι
1201 2366 1509 2447 usurpata
1548 2362 1624 2427 de
1665 2360 2017 2447 SybaritiS,
2057 2359 2297 2445 populo
2324 2359 2569 2423 dudum

243 2471 523 2534 exstincto.
570 2469 766 2534 Recte
806 2474 941 2533 tam
977 2472 1044 2533 in
1082 2471 1471 2555 praegressis
1513 2488 1708 2553 quam
1730 2470 1799 2531 in
1823 2467 2233 2553 sequentibus
2257 2470 2566 2550 apparent

242 2578 551 2656 praeterita.
2386 2560 2402 2569 ’

306 2701 357 2763 p.
402 2680 543 2759 521,
568 2703 621 2747 e.
674 2679 882 2757 ἔδοξαν
929 2685 1078 2759 γοῦν
1126 2682 1237 2756 τὴν
1283 2682 1477 2753 αὐτὴν
1524 2679 1668 2744 ἰδεῖν
1715 2678 1849 2758 ὄψιν
1903 2679 1961 2743 ἐν
2011 2688 2087 2757 τῇ
2136 2680 2299 2758 αὐτῇ
2357 2676 2561 2740 νυκτί·

243 2785 323 2855 Τῆν
382 2788 549 2871 [γὰρ]
612 2786 808 2867 Ἦραν
873 2786 1160 2871 [ἰδόντες]
1210 2787 1505 2852 ἐλθοῦσαν
1568 2786 1653 2856 εἷς
1720 2784 1916 2863 μέσην
1981 2786 2090 2859 τὴν
2153 2782 2391 2861 οὶγοροὶν
2457 2781 2562 2845 καὶ

243 2888 457 2963 ἐμοῦσαν
520 2896 739 2974 χολήν.
810 2892 885 2957 In
945 2893 1047 2957 his
1109 2915 1232 2958 non
1294 2898 1551 2957 tantum
1612 2892 1774 2970 γὰρ,
1839 2891 2008 2977 quod
2070 2893 2205 2956 iam
2251 2891 2566 2974 expunxit

241 2993 517 3077 Meineke,
564 3000 675 3065 sed
722 3002 919 3065 etiam
967 3000 1189 3071 ἷδόντες
1238 2998 1407 3064 male
1453 2998 1752 3063 abundat.

304 3123 355 3187 p.
398 3104 541 3183 524,
568 3127 619 3169 c.
669 3106 771 3170 διὰ
813 3106 882 3169 τὸ
925 3107 1151 3193 πλῆθος
1198 3102 1291 3170 οὖν
1334 3111 1451 3168 τῶν
1493 3109 1947 3183 κατασχουσῶν
1989 3101 2210 3174 αὐτοὺς
2237 3100 2564 3188 (Scythas)

242 3214 526 3290 wumopc'bv,
575 3212 706 3276 ἐπεὶ
758 3212 857 3276 διὰ
906 3211 974 3275 τὸ
1024 3212 1230 3283 πένθος
1280 3208 1423 3283 ἅμα
1472 3209 1575 3274 τόν
1616 3234 1685 3273 τε
1726 3212 1844 3274 τῶν
1883 3209 2032 3286 βίων
2073 3206 2259 3285 ὄλβον
2299 3207 2402 3270 καὶ
2444 3206 2561 3279 τὰς

242 3313 393 3389 κόμας
449 3318 1002 3403 περιεσπάσθησαν,
1072 3318 1373 3389 παντὸς
1442 3313 1711 3387 ἔθνους
1775 3317 1826 3380 οἱ
1890 3313 2001 3390 ἔξω
2068 3315 2174 3387 τὴν
2239 3315 2342 3392 ἐφ’
2392 3309 2563 3391 ὕβρει

242 3422 407 3497 κουρὰν
463 3426 902 3489 ἀπεσκυθίσθαι
966 3423 1476 3503 προσηγόρευσαν.
1539 3422 1887 3509 Distingue
1948 3427 2013 3487 et
2074 3421 2354 3507 corrige:
2402 3442 2565 3499 περι-

244 3528 583 3603 εσπάσθησαν
631 3534 791 3596 πᾶν
837 3529 922 3593 τὸ
972 3528 1223 3607 ἔθνος,
1270 3530 1321 3595 οἱ
1372 3528 1483 3605 ἔξω
1532 3536 1664 3594 xrs.

306 3654 356 3716 p.
398 3634 540 3715 529,
566 3636 610 3701 f.
681 3640 750 3701 in
812 3634 1249 3721 Sardanapalli
1313 3637 1639 3721 epitaphio
1702 3633 1871 3699 male
1936 3634 2272 3699 cohaerent
2331 3633 2560 3698 verba:

246 3736 367 3809 εἰδὼς
411 3742 505 3807 τόν
552 3767 621 3806 τε
669 3741 882 3822 χρόνον
927 3741 1073 3807 ὄντα
1124 3743 1375 3822 βραχὺν
1424 3738 1486 3807 ὃν
1534 3740 1709 3821 ζῶσιν
1758 3742 1808 3806 οἱ
1858 3738 2148 3821 ἄνθρωποι
2201 3741 2304 3803 καὶ
2353 3742 2564 3804 τοῦτον

246 3848 439 3918 πολλὰς
497 3848 728 3933 ἔχοντα
779 3848 1152 3927 μεταβολὰς
1196 3849 1299 3913 καὶ
1350 3849 1770 3920 κακοπαθείας
1823 3848 1928 3910 καὶ
1980 3843 2054 3911 ὧν
2101 3845 2177 3911 ἂν
2228 3846 2561 3911 καταλίπω

246 3946 443 4022 ὀνειδῶν
498 3952 680 4019 ἄλλοι
742 3952 937 4031 ἕξουσι
1002 3956 1120 4027 τὰς
1186 3956 1590 4026 ἀπολαύσεις.
1640 3954 1804 4034 Quia
1849 3956 2023 4019 enim
2070 3952 2408 4018 manifesto
2457 3952 2561 4017 καὶ

248 4088 309 4098 —
328 4057 678 4131 ἀπολαύσεις
724 4062 996 4147 pendere
1040 4061 1227 4126 debet
1273 4062 1351 4127 ab
1390 4060 1555 4133 εἰδώς
1576 4109 1592 4138 ,
1633 4061 1808 4125 haud
1845 4061 2036 4125 dubie
2075 4058 2562 4145 corrigendum:

248 4159 323 4221 καὶ
373 4168 532 4244 (ὥς)
580 4164 658 4232 ὧν
705 4166 781 4233 ἂν
830 4168 1166 4232 καταλίπω
1217 4168 1466 4245 ἀγαθῶν
1514 4165 1698 4231 ἄλλοι
1747 4162 1942 4244 ἕξουσι
1992 4164 2108 4237 τας
2159 4166 2562 4238 ἀπολαύσεις.

312 4288 360 4349 p.
402 4270 539 4351 530,
567 4295 621 4339 e.
699 4272 834 4339 Sub
898 4275 1443 4360 depravatissimis
1504 4274 1716 4341 verbis
1775 4272 2126 4339 Pnonmms
2188 4268 2566 4357 Colophonii

248 4372 337 4441 (vs.
373 4372 431 4453 4)
