<?xml version="1.0" encoding="UTF-8"?>
<!DOCTYPE html PUBLIC "-//W3C//DTD XHTML 1.0 Transitional//EN"
    "http://www.w3.org/TR/xhtml1/DTD/xhtml1-transitional.dtd">
<html xmlns="http://www.w3.org/1999/xhtml" xml:lang="en" lang="en">
 <head>
  <title>
</title>
<meta http-equiv="Content-Type" content="text/html;charset=utf-8" />
  <meta name='ocr-system' content='tesseract 3.04.00' />
  <meta name='ocr-capabilities' content='ocr_page ocr_carea ocr_par ocr_line ocrx_word'/>
</head>
<body>
  <div class='ocr_page' id='page_1' title='image "./mnemosyne07servgoog_0285.png"; bbox 0 0 3192 5009; ppageno 0'>
   <div class='ocr_carea' id='block_1_1' title="bbox 1214 280 2590 372">
    <p class='ocr_par' dir='ltr' id='par_1_1' title="bbox 1214 280 2590 372">
     <span class='ocr_line' id='line_1_1' title="bbox 1214 280 2590 372; baseline -0.001 -1"><span class='ocrx_word' id='word_1_1' title='bbox 1214 280 1575 372; x_wconf 66' lang='lat' dir='ltr'><strong>vanemms.</strong></span> <span class='ocrx_word' id='word_1_2' title='bbox 2456 291 2590 369; x_wconf 77' lang='lat'><strong>&#39;277</strong></span> 
     </span>
    </p>
   </div>
   <div class='ocr_carea' id='block_1_2' title="bbox 270 477 2598 787">
    <p class='ocr_par' dir='ltr' id='par_1_2' title="bbox 270 477 2598 787">
     <span class='ocr_line' id='line_1_2' title="bbox 344 477 2598 584; baseline -0.001 -32"><span class='ocrx_word' id='word_1_3' title='bbox 344 487 481 553; x_wconf 85' lang='lat' dir='ltr'><strong>Flor.</strong></span> <span class='ocrx_word' id='word_1_4' title='bbox 524 485 633 565; x_wconf 82' lang='lat' dir='ltr'><strong>HI,</strong></span> <span class='ocrx_word' id='word_1_5' title='bbox 678 485 828 565; x_wconf 87' lang='lat' dir='ltr'>XII,</span> <span class='ocrx_word' id='word_1_6' title='bbox 882 485 965 584; x_wconf 80' lang='grc'><strong>14</strong></span> <span class='ocrx_word' id='word_1_7' title='bbox 1028 487 1159 551; x_wconf 71' lang='lat' dir='ltr'><strong>Hos</strong></span> <span class='ocrx_word' id='word_1_8' title='bbox 1204 487 1399 568; x_wconf 59' lang='grc' dir='ltr'><strong>ἐρέττω·</strong></span> <span class='ocrx_word' id='word_1_9' title='bbox 1434 487 1662 570; x_wconf 76' lang='lat' dir='ltr'><strong>populi</strong></span> <span class='ocrx_word' id='word_1_10' title='bbox 1706 486 1968 551; x_wconf 77' lang='lat' dir='ltr'><strong>Romani</strong></span> <span class='ocrx_word' id='word_1_11' title='bbox 2016 507 2208 550; x_wconf 67' lang='lat' dir='ltr'><strong>omnes</strong></span> <span class='ocrx_word' id='word_1_12' title='bbox 2256 477 2598 550; x_wconf 67' lang='lat' dir='ltr'><strong>domesticos</strong></span> 
     </span>
     <span class='ocr_line' id='line_1_3' title="bbox 270 592 2593 678; baseline 0 -22"><span class='ocrx_word' id='word_1_13' title='bbox 270 601 420 656; x_wconf 70' lang='lat' dir='ltr'><strong>notu-3</strong></span> <span class='ocrx_word' id='word_1_14' title='bbox 433 643 449 670; x_wconf 91' lang='lat'><strong>,</strong></span> <span class='ocrx_word' id='word_1_15' title='bbox 490 600 789 676; x_wconf 68' lang='lat' dir='ltr'><strong>separatos</strong></span> <span class='ocrx_word' id='word_1_16' title='bbox 835 593 908 656; x_wconf 81' lang='lat' dir='ltr'><strong>ab</strong></span> <span class='ocrx_word' id='word_1_17' title='bbox 950 593 1211 658; x_wconf 70' lang='lat' dir='ltr'><strong>externis</strong></span> <span class='ocrx_word' id='word_1_18' title='bbox 1248 593 1540 678; x_wconf 68' lang='lat' dir='ltr'><strong>iustisque</strong></span> <span class='ocrx_word' id='word_1_19' title='bbox 1576 592 1752 657; x_wconf 67' lang='lat' dir='ltr'><strong>belbis</strong></span> <span class='ocrx_word' id='word_1_20' title='bbox 1768 641 1785 672; x_wconf 92' lang='lat'><strong>,</strong></span> <span class='ocrx_word' id='word_1_21' title='bbox 1828 616 1900 656; x_wconf 73' lang='lat' dir='ltr'><strong>ex</strong></span> <span class='ocrx_word' id='word_1_22' title='bbox 1924 593 2136 656; x_wconf 67' lang='lat' dir='ltr'><strong>ordine</strong></span> <span class='ocrx_word' id='word_1_23' title='bbox 2154 615 2593 677; x_wconf 68' lang='lat' dir='ltr'><strong>prosequemur.</strong></span> 
     </span>
     <span class='ocr_line' id='line_1_4' title="bbox 270 696 2597 787; baseline -0.001 -25"><span class='ocrx_word' id='word_1_24' title='bbox 270 697 329 762; x_wconf 91' lang='lat' dir='ltr'><strong>In</strong></span> <span class='ocrx_word' id='word_1_25' title='bbox 376 700 579 785; x_wconf 88' lang='lat' dir='ltr'><strong>quibus</strong></span> <span class='ocrx_word' id='word_1_26' title='bbox 642 700 942 765; x_wconf 87' lang='lat' dir='ltr'><strong>omnibus</strong></span> <span class='ocrx_word' id='word_1_27' title='bbox 990 699 1301 787; x_wconf 84' lang='lat' dir='ltr'><strong>exemplis</strong></span> <span class='ocrx_word' id='word_1_28' title='bbox 1348 698 1656 786; x_wconf 81' lang='lat' dir='ltr'><strong>pergendi</strong></span> <span class='ocrx_word' id='word_1_29' title='bbox 1701 701 2031 765; x_wconf 88' lang='lat' dir='ltr'><strong>notionem</strong></span> <span class='ocrx_word' id='word_1_30' title='bbox 2077 698 2270 764; x_wconf 82' lang='lat' dir='ltr'><strong>verbo</strong></span> <span class='ocrx_word' id='word_1_31' title='bbox 2308 696 2597 783; x_wconf 72' lang='lat' dir='ltr'><strong>prosequi</strong></span> 
     </span>
    </p>
   </div>
   <div class='ocr_carea' id='block_1_3' title="bbox 268 803 2598 996">
    <p class='ocr_par' dir='ltr' id='par_1_3' title="bbox 268 803 2598 996">
     <span class='ocr_line' id='line_1_5' title="bbox 268 803 1996 893; baseline 0 -24"><span class='ocrx_word' id='word_1_32' title='bbox 268 806 434 870; x_wconf 86' lang='lat' dir='ltr'><strong>inesse</strong></span> <span class='ocrx_word' id='word_1_33' title='bbox 474 804 759 870; x_wconf 80' lang='lat' dir='ltr'><strong>videmus</strong></span> <span class='ocrx_word' id='word_1_34' title='bbox 777 854 794 883; x_wconf 92' lang='lat'><strong>,</strong></span> <span class='ocrx_word' id='word_1_35' title='bbox 844 827 925 892; x_wconf 92' lang='lat' dir='ltr'><strong>qu</strong></span> <span class='ocrx_word' id='word_1_36' title='bbox 933 827 1040 871; x_wconf 89' lang='lat' dir='ltr'><strong>am</strong></span> <span class='ocrx_word' id='word_1_37' title='bbox 1083 803 1357 893; x_wconf 82' lang='lat' dir='ltr'>Vergilii</span> <span class='ocrx_word' id='word_1_38' title='bbox 1402 805 1542 870; x_wconf 93' lang='lat' dir='ltr'><strong>loco</strong></span> <span class='ocrx_word' id='word_1_39' title='bbox 1588 807 1996 890; x_wconf 77' lang='lat' dir='ltr'><strong>requirimus.</strong></span> 
     </span>
     <span class='ocr_line' id='line_1_6' title="bbox 344 910 2598 996; baseline -0 -20"><span class='ocrx_word' id='word_1_40' title='bbox 344 910 444 975; x_wconf 86' lang='lat' dir='ltr'><strong>His</strong></span> <span class='ocrx_word' id='word_1_41' title='bbox 494 913 547 976; x_wconf 86' lang='lat' dir='ltr'><strong>si</strong></span> <span class='ocrx_word' id='word_1_42' title='bbox 603 911 899 976; x_wconf 79' lang='lat' dir='ltr'><strong>addimus</strong></span> <span class='ocrx_word' id='word_1_43' title='bbox 946 935 1067 995; x_wconf 81' lang='lat' dir='ltr'><strong>pro</strong></span> <span class='ocrx_word' id='word_1_44' title='bbox 1128 914 1197 976; x_wconf 86' lang='lat' dir='ltr'><strong>in</strong></span> <span class='ocrx_word' id='word_1_45' title='bbox 1250 912 1541 996; x_wconf 70' lang='lat' dir='ltr'><strong>prosequi</strong></span> <span class='ocrx_word' id='word_1_46' title='bbox 1603 910 1814 976; x_wconf 88' lang='lat' dir='ltr'><strong>multo</strong></span> <span class='ocrx_word' id='word_1_47' title='bbox 1861 912 2089 976; x_wconf 88' lang='lat' dir='ltr'><strong>fortius</strong></span> <span class='ocrx_word' id='word_1_48' title='bbox 2134 931 2356 976; x_wconf 88' lang='lat' dir='ltr'><strong>sonare</strong></span> <span class='ocrx_word' id='word_1_49' title='bbox 2403 931 2598 996; x_wconf 88' lang='lat' dir='ltr'><strong>quam</strong></span> 
     </span>
    </p>
   </div>
   <div class='ocr_carea' id='block_1_4' title="bbox 262 1015 2603 1423">
    <p class='ocr_par' dir='ltr' id='par_1_4' title="bbox 262 1015 2603 1423">
     <span class='ocr_line' id='line_1_7' title="bbox 266 1015 2601 1104; baseline 0.001 -25"><span class='ocrx_word' id='word_1_50' title='bbox 266 1037 357 1097; x_wconf 80' lang='lat' dir='ltr'><strong>per</strong></span> <span class='ocrx_word' id='word_1_51' title='bbox 389 1018 448 1080; x_wconf 88' lang='lat' dir='ltr'><strong>in</strong></span> <span class='ocrx_word' id='word_1_52' title='bbox 474 1015 749 1102; x_wconf 66' lang='lat' dir='ltr'><strong>pei-sequi</strong></span> <span class='ocrx_word' id='word_1_53' title='bbox 768 1065 785 1095; x_wconf 88' lang='lat'><strong>,</strong></span> <span class='ocrx_word' id='word_1_54' title='bbox 834 1023 899 1082; x_wconf 87' lang='lat' dir='ltr'><strong>et</strong></span> <span class='ocrx_word' id='word_1_55' title='bbox 945 1039 1167 1083; x_wconf 85' lang='lat' dir='ltr'><strong>vocem</strong></span> <span class='ocrx_word' id='word_1_56' title='bbox 1213 1017 1498 1083; x_wconf 84' lang='lat' dir='ltr'><strong>validam</strong></span> <span class='ocrx_word' id='word_1_57' title='bbox 1545 1019 1785 1104; x_wconf 84' lang='lat' dir='ltr'><strong>requiri</strong></span> <span class='ocrx_word' id='word_1_58' title='bbox 1802 1065 1820 1096; x_wconf 93' lang='lat'><strong>,</strong></span> <span class='ocrx_word' id='word_1_59' title='bbox 1869 1018 1984 1083; x_wconf 87' lang='lat' dir='ltr'><strong>ubi</strong></span> <span class='ocrx_word' id='word_1_60' title='bbox 2031 1015 2226 1082; x_wconf 83' lang='lat' dir='ltr'><strong>Sinon</strong></span> <span class='ocrx_word' id='word_1_61' title='bbox 2273 1037 2347 1082; x_wconf 89' lang='lat' dir='ltr'><strong>ea</strong></span> <span class='ocrx_word' id='word_1_62' title='bbox 2393 1037 2601 1082; x_wconf 87' lang='lat' dir='ltr'><strong>narra-</strong></span> 
     </span>
     <span class='ocr_line' id='line_1_8' title="bbox 264 1122 2598 1210; baseline 0.002 -26"><span class='ocrx_word' id='word_1_63' title='bbox 264 1126 421 1186; x_wconf 89' lang='lat' dir='ltr'><strong>turus</strong></span> <span class='ocrx_word' id='word_1_64' title='bbox 472 1129 593 1200; x_wconf 86' lang='lat' dir='ltr'><strong>est,</strong></span> <span class='ocrx_word' id='word_1_65' title='bbox 644 1143 807 1208; x_wconf 88' lang='lat' dir='ltr'><strong>quae</strong></span> <span class='ocrx_word' id='word_1_66' title='bbox 854 1123 1091 1210; x_wconf 87' lang='lat' dir='ltr'><strong>populo</strong></span> <span class='ocrx_word' id='word_1_67' title='bbox 1137 1125 1479 1189; x_wconf 84' lang='lat' dir='ltr'><strong>interitum</strong></span> <span class='ocrx_word' id='word_1_68' title='bbox 1525 1124 1672 1189; x_wconf 91' lang='lat' dir='ltr'><strong>urbi</strong></span> <span class='ocrx_word' id='word_1_69' title='bbox 1721 1123 2043 1189; x_wconf 82' lang='lat' dir='ltr'><strong>excidium</strong></span> <span class='ocrx_word' id='word_1_70' title='bbox 2091 1122 2363 1188; x_wconf 88' lang='lat' dir='ltr'><strong>allatura</strong></span> <span class='ocrx_word' id='word_1_71' title='bbox 2411 1129 2565 1190; x_wconf 89' lang='lat' dir='ltr'><strong>sunt</strong></span> <span class='ocrx_word' id='word_1_72' title='bbox 2581 1172 2598 1203; x_wconf 95' lang='lat'><strong>,</strong></span> 
     </span>
     <span class='ocr_line' id='line_1_9' title="bbox 262 1225 2603 1315; baseline 0.002 -25"><span class='ocrx_word' id='word_1_73' title='bbox 262 1225 418 1291; x_wconf 81' lang='lat' dir='ltr'><strong>nulla</strong></span> <span class='ocrx_word' id='word_1_74' title='bbox 456 1249 634 1294; x_wconf 83' lang='lat' dir='ltr'><strong>causa</strong></span> <span class='ocrx_word' id='word_1_75' title='bbox 676 1250 1005 1296; x_wconf 89' lang='lat' dir='ltr'><strong>remanere</strong></span> <span class='ocrx_word' id='word_1_76' title='bbox 1050 1229 1311 1314; x_wconf 81' lang='lat' dir='ltr'><strong>videtur</strong></span> <span class='ocrx_word' id='word_1_77' title='bbox 1354 1251 1469 1295; x_wconf 90' lang='lat' dir='ltr'><strong>cur</strong></span> <span class='ocrx_word' id='word_1_78' title='bbox 1511 1229 1773 1296; x_wconf 87' lang='lat' dir='ltr'><strong>lectioni</strong></span> <span class='ocrx_word' id='word_1_79' title='bbox 1806 1230 2200 1315; x_wconf 63' lang='lat' dir='ltr'><strong>prosequitur</strong></span> <span class='ocrx_word' id='word_1_80' title='bbox 2244 1233 2490 1295; x_wconf 83' lang='lat' dir='ltr'><strong>ratione</strong></span> <span class='ocrx_word' id='word_1_81' title='bbox 2538 1235 2603 1295; x_wconf 86' lang='lat' dir='ltr'><strong>et</strong></span> 
     </span>
     <span class='ocr_line' id='line_1_10' title="bbox 264 1329 2282 1423; baseline 0.002 -25"><span class='ocrx_word' id='word_1_82' title='bbox 264 1329 557 1400; x_wconf 84' lang='lat' dir='ltr'><strong>Codicibus</strong></span> <span class='ocrx_word' id='word_1_83' title='bbox 600 1335 1081 1402; x_wconf 82' lang='lat' dir='ltr'><strong>commendatae</strong></span> <span class='ocrx_word' id='word_1_84' title='bbox 1126 1357 1361 1402; x_wconf 83' lang='lat' dir='ltr'><strong>novam</strong></span> <span class='ocrx_word' id='word_1_85' title='bbox 1395 1336 1785 1422; x_wconf 70' lang='lat' dir='ltr'><strong>persequitur</strong></span> <span class='ocrx_word' id='word_1_86' title='bbox 1830 1335 2282 1423; x_wconf 83' lang='lat' dir='ltr'><strong>praeferamus.</strong></span> 
     </span>
    </p>
   </div>
   <div class='ocr_carea' id='block_1_5' title="bbox 247 1546 2610 2274">
    <p class='ocr_par' dir='ltr' id='par_1_5' title="bbox 247 1546 2610 2274">
     <span class='ocr_line' id='line_1_11' title="bbox 346 1546 2230 1615; baseline 0.002 -4"><span class='ocrx_word' id='word_1_87' title='bbox 346 1546 459 1612; x_wconf 79' lang='lat'><strong>124</strong></span> <span class='ocrx_word' id='word_1_88' title='bbox 480 1553 541 1614; x_wconf 86' lang='lat' dir='ltr'><strong>et</strong></span> <span class='ocrx_word' id='word_1_89' title='bbox 564 1547 713 1615; x_wconf 83' lang='grc'><strong>125.</strong></span> <span class='ocrx_word' id='word_1_90' title='bbox 944 1550 1031 1615; x_wconf 76' lang='lat' dir='ltr'><strong>Et</strong></span> <span class='ocrx_word' id='word_1_91' title='bbox 1074 1550 1225 1614; x_wconf 73' lang='lat' dir='ltr'><strong>mihi</strong></span> <span class='ocrx_word' id='word_1_92' title='bbox 1268 1550 1391 1614; x_wconf 80' lang='lat' dir='ltr'><strong>iam</strong></span> <span class='ocrx_word' id='word_1_93' title='bbox 1434 1549 1614 1614; x_wconf 76' lang='lat' dir='ltr'><strong>multi</strong></span> <span class='ocrx_word' id='word_1_94' title='bbox 1659 1550 1898 1615; x_wconf 73' lang='lat' dir='ltr'><strong>crudele</strong></span> <span class='ocrx_word' id='word_1_95' title='bbox 1942 1552 2230 1614; x_wconf 73' lang='lat' dir='ltr'><strong>canebant</strong></span> 
     </span>
     <span class='ocr_line' id='line_1_12' title="bbox 760 1655 2239 1742; baseline 0 -22"><span class='ocrx_word' id='word_1_96' title='bbox 760 1655 1037 1742; x_wconf 53' lang='lat' dir='ltr'><strong>Artificis</strong></span> <span class='ocrx_word' id='word_1_97' title='bbox 1079 1657 1271 1721; x_wconf 67' lang='lat' dir='ltr'><strong>ecebue</strong></span> <span class='ocrx_word' id='word_1_98' title='bbox 1317 1665 1375 1721; x_wconf 73' lang='lat' dir='ltr'><strong>et</strong></span> <span class='ocrx_word' id='word_1_99' title='bbox 1422 1656 1595 1721; x_wconf 76' lang='lat' dir='ltr'><strong>taciti</strong></span> <span class='ocrx_word' id='word_1_100' title='bbox 1641 1664 1893 1720; x_wconf 62' lang='lat' dir='ltr'><strong>ventura</strong></span> <span class='ocrx_word' id='word_1_101' title='bbox 1938 1656 2239 1720; x_wconf 70' lang='lat' dir='ltr'><strong>videbant.</strong></span> 
     </span>
     <span class='ocr_line' id='line_1_13' title="bbox 254 1758 2607 1851; baseline 0.001 -27"><span class='ocrx_word' id='word_1_102' title='bbox 254 1758 390 1824; x_wconf 87' lang='lat' dir='ltr'><strong>Duo</strong></span> <span class='ocrx_word' id='word_1_103' title='bbox 459 1764 867 1828; x_wconf 73' lang='lat' dir='ltr'><strong>recentissimi</strong></span> <span class='ocrx_word' id='word_1_104' title='bbox 941 1766 1321 1850; x_wconf 75' lang='lat' dir='ltr'><strong>interpretes</strong></span> <span class='ocrx_word' id='word_1_105' title='bbox 1394 1767 1692 1829; x_wconf 84' lang='lat' dir='ltr'><strong>statuunt</strong></span> <span class='ocrx_word' id='word_1_106' title='bbox 1751 1762 2114 1851; x_wconf 76' lang='lat' dir='ltr'><strong>Vergilium</strong></span> <span class='ocrx_word' id='word_1_107' title='bbox 2177 1763 2282 1828; x_wconf 90' lang='lat' dir='ltr'><strong>hic</strong></span> <span class='ocrx_word' id='word_1_108' title='bbox 2343 1760 2418 1827; x_wconf 91' lang='lat' dir='ltr'><strong>de</strong></span> <span class='ocrx_word' id='word_1_109' title='bbox 2481 1759 2607 1834; x_wconf 81' lang='lat' dir='ltr'><strong>duo</strong></span> 
     </span>
     <span class='ocr_line' id='line_1_14' title="bbox 254 1865 2608 1956; baseline 0.001 -26"><span class='ocrx_word' id='word_1_110' title='bbox 254 1865 365 1930; x_wconf 90' lang='lat' dir='ltr'><strong>bus</strong></span> <span class='ocrx_word' id='word_1_111' title='bbox 416 1866 739 1934; x_wconf 89' lang='lat' dir='ltr'><strong>hominum</strong></span> <span class='ocrx_word' id='word_1_112' title='bbox 792 1871 1133 1956; x_wconf 81' lang='lat' dir='ltr'><strong>generibus</strong></span> <span class='ocrx_word' id='word_1_113' title='bbox 1194 1869 1374 1956; x_wconf 91' lang='lat' dir='ltr'><strong>loqui</strong></span> <span class='ocrx_word' id='word_1_114' title='bbox 1391 1919 1408 1949; x_wconf 91' lang='lat'><strong>,</strong></span> <span class='ocrx_word' id='word_1_115' title='bbox 1470 1872 1566 1934; x_wconf 88' lang='lat' dir='ltr'><strong>ita</strong></span> <span class='ocrx_word' id='word_1_116' title='bbox 1627 1875 1705 1935; x_wconf 89' lang='lat' dir='ltr'><strong>ut</strong></span> <span class='ocrx_word' id='word_1_117' title='bbox 1763 1868 1961 1934; x_wconf 85' lang='lat' dir='ltr'><strong>altera</strong></span> <span class='ocrx_word' id='word_1_118' title='bbox 2007 1890 2153 1956; x_wconf 85' lang='lat' dir='ltr'><strong>pars</strong></span> <span class='ocrx_word' id='word_1_119' title='bbox 2200 1867 2424 1933; x_wconf 83' lang='lat' dir='ltr'><strong>Sinoni</strong></span> <span class='ocrx_word' id='word_1_120' title='bbox 2471 1890 2608 1954; x_wconf 91' lang='lat' dir='ltr'><strong>per-</strong></span> 
     </span>
     <span class='ocr_line' id='line_1_15' title="bbox 250 1973 2606 2063; baseline 0.002 -27"><span class='ocrx_word' id='word_1_121' title='bbox 250 1973 463 2038; x_wconf 84' lang='lat' dir='ltr'><strong>niciem</strong></span> <span class='ocrx_word' id='word_1_122' title='bbox 500 1975 949 2041; x_wconf 77' lang='lat' dir='ltr'><strong>imminentem</strong></span> <span class='ocrx_word' id='word_1_123' title='bbox 997 1975 1125 2041; x_wconf 88' lang='lat' dir='ltr'><strong>alta</strong></span> <span class='ocrx_word' id='word_1_124' title='bbox 1170 1997 1325 2042; x_wconf 85' lang='lat' dir='ltr'><strong>voce</strong></span> <span class='ocrx_word' id='word_1_125' title='bbox 1371 1975 1695 2063; x_wconf 81' lang='lat' dir='ltr'><strong>praedicat</strong></span> <span class='ocrx_word' id='word_1_126' title='bbox 1711 2025 1728 2054; x_wconf 91' lang='lat'><strong>,</strong></span> <span class='ocrx_word' id='word_1_127' title='bbox 1779 1974 1976 2040; x_wconf 87' lang='lat' dir='ltr'><strong>altera</strong></span> <span class='ocrx_word' id='word_1_128' title='bbox 2015 1995 2166 2040; x_wconf 83' lang='lat' dir='ltr'><strong>vero</strong></span> <span class='ocrx_word' id='word_1_129' title='bbox 2209 1996 2352 2040; x_wconf 89' lang='lat' dir='ltr'><strong>eam</strong></span> <span class='ocrx_word' id='word_1_130' title='bbox 2393 1981 2606 2040; x_wconf 86' lang='lat' dir='ltr'><strong>tacens</strong></span> 
     </span>
     <span class='ocr_line' id='line_1_16' title="bbox 250 2079 2610 2169; baseline 0.001 -27"><span class='ocrx_word' id='word_1_131' title='bbox 250 2079 605 2162; x_wconf 81' lang='lat' dir='ltr'><strong>praevideat.</strong></span> <span class='ocrx_word' id='word_1_132' title='bbox 654 2079 730 2146; x_wconf 92' lang='lat' dir='ltr'><strong>Id</strong></span> <span class='ocrx_word' id='word_1_133' title='bbox 773 2087 849 2146; x_wconf 89' lang='lat' dir='ltr'><strong>ut</strong></span> <span class='ocrx_word' id='word_1_134' title='bbox 896 2081 1099 2147; x_wconf 85' lang='lat' dir='ltr'><strong>facere</strong></span> <span class='ocrx_word' id='word_1_135' title='bbox 1146 2084 1409 2169; x_wconf 77' lang='lat' dir='ltr'><strong>possint,</strong></span> <span class='ocrx_word' id='word_1_136' title='bbox 1456 2080 1808 2167; x_wconf 79' lang='lat' dir='ltr'><strong>particulae</strong></span> <span class='ocrx_word' id='word_1_137' title='bbox 1855 2089 1913 2145; x_wconf 77' lang='lat' dir='ltr'><strong>et</strong></span> <span class='ocrx_word' id='word_1_138' title='bbox 1957 2082 2254 2147; x_wconf 88' lang='lat' dir='ltr'><strong>tribuunt</strong></span> <span class='ocrx_word' id='word_1_139' title='bbox 2299 2083 2438 2147; x_wconf 82' lang='lat' dir='ltr'><strong>vim</strong></span> <span class='ocrx_word' id='word_1_140' title='bbox 2489 2080 2610 2145; x_wconf 91' lang='lat' dir='ltr'><strong>dis-</strong></span> 
     </span>
     <span class='ocr_line' id='line_1_17' title="bbox 247 2178 2607 2274; baseline 0.002 -28"><span class='ocrx_word' id='word_1_141' title='bbox 247 2185 575 2251; x_wconf 84' lang='lat' dir='ltr'><strong>iunctivam</strong></span> <span class='ocrx_word' id='word_1_142' title='bbox 592 2235 609 2264; x_wconf 91' lang='lat'><strong>,</strong></span> <span class='ocrx_word' id='word_1_143' title='bbox 667 2178 936 2273; x_wconf 77' lang='lat' dir='ltr'><strong>eamque</strong></span> <span class='ocrx_word' id='word_1_144' title='bbox 998 2187 1319 2273; x_wconf 83' lang='lat' dir='ltr'><strong>explicant</strong></span> <span class='ocrx_word' id='word_1_145' title='bbox 1363 2209 1476 2274; x_wconf 90' lang='lat' dir='ltr'><strong>per</strong></span> <span class='ocrx_word' id='word_1_146' title='bbox 1519 2195 1628 2252; x_wconf 81' lang='lat' dir='ltr'><strong>aut</strong></span> <span class='ocrx_word' id='word_1_147' title='bbox 1645 2237 1661 2267; x_wconf 91' lang='lat'><strong>,</strong></span> <span class='ocrx_word' id='word_1_148' title='bbox 1713 2193 2186 2274; x_wconf 81' lang='lat' dir='ltr'><strong>provocantque</strong></span> <span class='ocrx_word' id='word_1_149' title='bbox 2234 2187 2314 2252; x_wconf 90' lang='lat' dir='ltr'><strong>ad</strong></span> <span class='ocrx_word' id='word_1_150' title='bbox 2359 2207 2607 2252; x_wconf 91' lang='lat' dir='ltr'><strong>morem</strong></span> 
     </span>
    </p>
   </div>
   <div class='ocr_carea' id='block_1_6' title="bbox 250 2287 2730 2381">
    <p class='ocr_par' dir='ltr' id='par_1_6' title="bbox 250 2287 2730 2381">
     <span class='ocr_line' id='line_1_18' title="bbox 250 2287 2730 2381; baseline 0.002 -28"><span class='ocrx_word' id='word_1_151' title='bbox 250 2287 683 2377; x_wconf 76' lang='lat' dir='ltr'><strong>Vergilianum.</strong></span> <span class='ocrx_word' id='word_1_152' title='bbox 723 2293 995 2381; x_wconf 80' lang='lat' dir='ltr'><strong>Largior</strong></span> <span class='ocrx_word' id='word_1_153' title='bbox 1028 2315 1175 2359; x_wconf 84' lang='lat' dir='ltr'><strong>sane</strong></span> <span class='ocrx_word' id='word_1_154' title='bbox 1212 2297 1295 2360; x_wconf 88' lang='lat' dir='ltr'><strong>iis</strong></span> <span class='ocrx_word' id='word_1_155' title='bbox 1338 2293 1408 2360; x_wconf 91' lang='lat' dir='ltr'><strong>id</strong></span> <span class='ocrx_word' id='word_1_156' title='bbox 1449 2297 1703 2380; x_wconf 87' lang='lat' dir='ltr'><strong>saepius</strong></span> <span class='ocrx_word' id='word_1_157' title='bbox 1746 2293 1916 2380; x_wconf 90' lang='lat' dir='ltr'><strong>apud</strong></span> <span class='ocrx_word' id='word_1_158' title='bbox 1938 2292 2303 2381; x_wconf 80' lang='lat' dir='ltr'><strong>Vergilium</strong></span> <span class='ocrx_word' id='word_1_159' title='bbox 2327 2292 2608 2359; x_wconf 84' lang='lat' dir='ltr'><strong>animad-</strong></span> <span class='ocrx_word' id='word_1_160' title='bbox 2727 2336 2730 2341; x_wconf 94' lang='lat'>-</span> 
     </span>
    </p>
   </div>
   <div class='ocr_carea' id='block_1_7' title="bbox 238 2397 2617 4398">
    <p class='ocr_par' dir='ltr' id='par_1_7' title="bbox 238 2397 2617 4398">
     <span class='ocr_line' id='line_1_19' title="bbox 250 2397 2606 2487; baseline 0.001 -25"><span class='ocrx_word' id='word_1_161' title='bbox 250 2398 403 2462; x_wconf 74' lang='lat' dir='ltr'><strong>verti</strong></span> <span class='ocrx_word' id='word_1_162' title='bbox 464 2419 643 2484; x_wconf 87' lang='lat' dir='ltr'><strong>posse</strong></span> <span class='ocrx_word' id='word_1_163' title='bbox 703 2397 911 2480; x_wconf 86' lang='lat' dir='ltr'><strong>(Conf.</strong></span> <span class='ocrx_word' id='word_1_164' title='bbox 976 2399 1279 2487; x_wconf 81' lang='lat' dir='ltr'><strong>Wagneri</strong></span> <span class='ocrx_word' id='word_1_165' title='bbox 1341 2399 1599 2480; x_wconf 84' lang='lat' dir='ltr'><strong>Quaest.</strong></span> <span class='ocrx_word' id='word_1_166' title='bbox 1663 2399 2016 2486; x_wconf 81' lang='lat' dir='ltr'><strong>Vergilian.</strong></span> <span class='ocrx_word' id='word_1_167' title='bbox 2083 2399 2190 2478; x_wconf 86' lang='lat'><strong>33,</strong></span> <span class='ocrx_word' id='word_1_168' title='bbox 2251 2399 2336 2464; x_wconf 84' lang='lat'><strong>34</strong></span> <span class='ocrx_word' id='word_1_169' title='bbox 2399 2406 2465 2465; x_wconf 88' lang='lat' dir='ltr'><strong>et</strong></span> <span class='ocrx_word' id='word_1_170' title='bbox 2520 2397 2606 2466; x_wconf 85' lang='lat'><strong>35</strong></span> 
     </span>
     <span class='ocr_line' id='line_1_20' title="bbox 249 2501 2609 2593; baseline 0.003 -27"><span class='ocrx_word' id='word_1_171' title='bbox 249 2505 309 2566; x_wconf 89' lang='lat' dir='ltr'><strong>in</strong></span> <span class='ocrx_word' id='word_1_172' title='bbox 362 2501 592 2591; x_wconf 83' lang='lat' dir='ltr'><strong>Heynii</strong></span> <span class='ocrx_word' id='word_1_173' title='bbox 648 2505 769 2572; x_wconf 83' lang='lat' dir='ltr'><strong>Ed.</strong></span> <span class='ocrx_word' id='word_1_174' title='bbox 829 2509 1115 2588; x_wconf 88' lang='lat' dir='ltr'><strong>maiore).</strong></span> <span class='ocrx_word' id='word_1_175' title='bbox 1182 2505 1383 2574; x_wconf 86' lang='lat' dir='ltr'><strong>Credo</strong></span> <span class='ocrx_word' id='word_1_176' title='bbox 1430 2513 1648 2573; x_wconf 85' lang='lat' dir='ltr'><strong>tamen</strong></span> <span class='ocrx_word' id='word_1_177' title='bbox 1693 2507 1762 2572; x_wconf 89' lang='lat' dir='ltr'><strong>id</strong></span> <span class='ocrx_word' id='word_1_178' title='bbox 1809 2507 2071 2593; x_wconf 89' lang='lat' dir='ltr'><strong>quidem</strong></span> <span class='ocrx_word' id='word_1_179' title='bbox 2119 2507 2258 2572; x_wconf 86' lang='lat' dir='ltr'><strong>fieri</strong></span> <span class='ocrx_word' id='word_1_180' title='bbox 2301 2505 2493 2572; x_wconf 89' lang='lat' dir='ltr'><strong>licere</strong></span> <span class='ocrx_word' id='word_1_181' title='bbox 2539 2509 2609 2573; x_wconf 89' lang='lat' dir='ltr'><strong>in</strong></span> 
     </span>
     <span class='ocr_line' id='line_1_21' title="bbox 252 2611 2610 2701; baseline 0.001 -27"><span class='ocrx_word' id='word_1_182' title='bbox 252 2612 549 2675; x_wconf 78' lang='lat' dir='ltr'><strong>variarum</strong></span> <span class='ocrx_word' id='word_1_183' title='bbox 604 2615 672 2677; x_wconf 89' lang='lat' dir='ltr'><strong>et</strong></span> <span class='ocrx_word' id='word_1_184' title='bbox 731 2611 1229 2700; x_wconf 84' lang='lat' dir='ltr'><strong>discrepantium</strong></span> <span class='ocrx_word' id='word_1_185' title='bbox 1293 2616 1670 2701; x_wconf 88' lang='lat' dir='ltr'><strong>opinionum</strong></span> <span class='ocrx_word' id='word_1_186' title='bbox 1733 2619 1848 2679; x_wconf 88' lang='lat' dir='ltr'><strong>aut</strong></span> <span class='ocrx_word' id='word_1_187' title='bbox 1910 2616 2238 2679; x_wconf 85' lang='lat' dir='ltr'><strong>actionum</strong></span> <span class='ocrx_word' id='word_1_188' title='bbox 2284 2634 2610 2678; x_wconf 91' lang='lat' dir='ltr'><strong>enumera-</strong></span> 
     </span>
     <span class='ocr_line' id='line_1_22' title="bbox 250 2718 2608 2805; baseline 0.002 -26"><span class='ocrx_word' id='word_1_189' title='bbox 250 2718 435 2794; x_wconf 76' lang='lat' dir='ltr'><strong>tione,</strong></span> <span class='ocrx_word' id='word_1_190' title='bbox 480 2719 572 2783; x_wconf 87' lang='lat' dir='ltr'><strong>ita</strong></span> <span class='ocrx_word' id='word_1_191' title='bbox 616 2723 833 2784; x_wconf 84' lang='lat' dir='ltr'><strong>tamen</strong></span> <span class='ocrx_word' id='word_1_192' title='bbox 878 2723 954 2783; x_wconf 86' lang='lat' dir='ltr'><strong>ut</strong></span> <span class='ocrx_word' id='word_1_193' title='bbox 994 2719 1329 2785; x_wconf 80' lang='lat' dir='ltr'><strong>vinculum</strong></span> <span class='ocrx_word' id='word_1_194' title='bbox 1369 2719 1689 2805; x_wconf 79' lang='lat' dir='ltr'><strong>quoddam</strong></span> <span class='ocrx_word' id='word_1_195' title='bbox 1730 2721 1899 2784; x_wconf 88' lang='lat' dir='ltr'><strong>inter</strong></span> <span class='ocrx_word' id='word_1_196' title='bbox 1936 2739 2040 2784; x_wconf 87' lang='lat' dir='ltr'><strong>eas</strong></span> <span class='ocrx_word' id='word_1_197' title='bbox 2078 2721 2348 2804; x_wconf 80' lang='lat' dir='ltr'><strong>cogitari</strong></span> <span class='ocrx_word' id='word_1_198' title='bbox 2385 2721 2608 2805; x_wconf 88' lang='lat' dir='ltr'><strong>possit,</strong></span> 
     </span>
     <span class='ocr_line' id='line_1_23' title="bbox 248 2823 2609 2913; baseline 0.003 -29"><span class='ocrx_word' id='word_1_199' title='bbox 248 2843 360 2886; x_wconf 89' lang='lat' dir='ltr'><strong>non</strong></span> <span class='ocrx_word' id='word_1_200' title='bbox 402 2843 547 2889; x_wconf 81' lang='lat' dir='ltr'><strong>vero</strong></span> <span class='ocrx_word' id='word_1_201' title='bbox 584 2823 696 2889; x_wconf 89' lang='lat' dir='ltr'><strong>ubi</strong></span> <span class='ocrx_word' id='word_1_202' title='bbox 735 2825 860 2890; x_wconf 89' lang='lat' dir='ltr'><strong>duo</strong></span> <span class='ocrx_word' id='word_1_203' title='bbox 896 2825 1237 2890; x_wconf 88' lang='lat' dir='ltr'><strong>hominum</strong></span> <span class='ocrx_word' id='word_1_204' title='bbox 1276 2847 1509 2913; x_wconf 82' lang='lat' dir='ltr'><strong>genera</strong></span> <span class='ocrx_word' id='word_1_205' title='bbox 1526 2875 1543 2904; x_wconf 90' lang='lat'><strong>,</strong></span> <span class='ocrx_word' id='word_1_206' title='bbox 1584 2831 1664 2890; x_wconf 91' lang='lat' dir='ltr'><strong>ut</strong></span> <span class='ocrx_word' id='word_1_207' title='bbox 1710 2823 1894 2912; x_wconf 86' lang='lat' dir='ltr'><strong>plane</strong></span> <span class='ocrx_word' id='word_1_208' title='bbox 1943 2828 2256 2891; x_wconf 85' lang='lat' dir='ltr'><strong>contraria</strong></span> <span class='ocrx_word' id='word_1_209' title='bbox 2272 2875 2289 2904; x_wconf 90' lang='lat'><strong>,</strong></span> <span class='ocrx_word' id='word_1_210' title='bbox 2335 2829 2505 2892; x_wconf 90' lang='lat' dir='ltr'><strong>inter</strong></span> <span class='ocrx_word' id='word_1_211' title='bbox 2543 2847 2609 2892; x_wconf 90' lang='lat' dir='ltr'><strong>se</strong></span> 
     </span>
     <span class='ocr_line' id='line_1_24' title="bbox 245 2931 2608 3018; baseline 0.002 -25"><span class='ocrx_word' id='word_1_212' title='bbox 245 2935 653 3014; x_wconf 87' lang='lat' dir='ltr'><strong>opponuntur,</strong></span> <span class='ocrx_word' id='word_1_213' title='bbox 701 2931 875 3016; x_wconf 89' lang='lat' dir='ltr'><strong>quod</strong></span> <span class='ocrx_word' id='word_1_214' title='bbox 921 2932 1274 2998; x_wconf 87' lang='lat' dir='ltr'><strong>secundum</strong></span> <span class='ocrx_word' id='word_1_215' title='bbox 1310 2931 1458 2996; x_wconf 86' lang='lat' dir='ltr'><strong>illos</strong></span> <span class='ocrx_word' id='word_1_216' title='bbox 1494 2934 1874 3018; x_wconf 83' lang='lat' dir='ltr'><strong>interpretes</strong></span> <span class='ocrx_word' id='word_1_217' title='bbox 1913 2933 2017 2997; x_wconf 90' lang='lat' dir='ltr'><strong>hic</strong></span> <span class='ocrx_word' id='word_1_218' title='bbox 2055 2931 2273 2998; x_wconf 89' lang='lat' dir='ltr'><strong>locum</strong></span> <span class='ocrx_word' id='word_1_219' title='bbox 2309 2932 2572 2998; x_wconf 87' lang='lat' dir='ltr'><strong>haberet</strong></span> <span class='ocrx_word' id='word_1_220' title='bbox 2591 2981 2608 3011; x_wconf 89' lang='lat'><strong>,</strong></span> 
     </span>
     <span class='ocr_line' id='line_1_25' title="bbox 246 3031 1498 3117; baseline 0.002 -17"><span class='ocrx_word' id='word_1_221' title='bbox 246 3031 373 3100; x_wconf 79' lang='lat' dir='ltr'><strong>aliis</strong></span> <span class='ocrx_word' id='word_1_222' title='bbox 418 3033 839 3102; x_wconf 81' lang='lat' dir='ltr'><strong>clamantibus</strong></span> <span class='ocrx_word' id='word_1_223' title='bbox 857 3085 874 3117; x_wconf 86' lang='lat'><strong>,</strong></span> <span class='ocrx_word' id='word_1_224' title='bbox 924 3037 1069 3107; x_wconf 84' lang='lat' dir='ltr'><strong>aliis</strong></span> <span class='ocrx_word' id='word_1_225' title='bbox 1120 3038 1498 3104; x_wconf 81' lang='lat' dir='ltr'><strong>tacentibus.</strong></span> 
     </span>
     <span class='ocr_line' id='line_1_26' title="bbox 320 3141 2612 3230; baseline 0.003 -24"><span class='ocrx_word' id='word_1_226' title='bbox 320 3141 393 3207; x_wconf 89' lang='lat' dir='ltr'><strong>Id</strong></span> <span class='ocrx_word' id='word_1_227' title='bbox 460 3145 697 3229; x_wconf 86' lang='lat' dir='ltr'><strong>optime</strong></span> <span class='ocrx_word' id='word_1_228' title='bbox 768 3144 1192 3210; x_wconf 83' lang='lat' dir='ltr'><strong>animadverti</strong></span> <span class='ocrx_word' id='word_1_229' title='bbox 1260 3149 1472 3230; x_wconf 86' lang='lat' dir='ltr'><strong>potest</strong></span> <span class='ocrx_word' id='word_1_230' title='bbox 1534 3147 1605 3209; x_wconf 91' lang='lat' dir='ltr'><strong>in</strong></span> <span class='ocrx_word' id='word_1_231' title='bbox 1663 3143 1801 3209; x_wconf 90' lang='lat' dir='ltr'><strong>loco</strong></span> <span class='ocrx_word' id='word_1_232' title='bbox 1863 3146 2147 3210; x_wconf 84' lang='lat' dir='ltr'><strong>maxime</strong></span> <span class='ocrx_word' id='word_1_233' title='bbox 2206 3145 2612 3212; x_wconf 86' lang='lat' dir='ltr'><strong>memorabili</strong></span> 
     </span>
     <span class='ocr_line' id='line_1_27' title="bbox 245 3249 2474 3338; baseline 0.002 -26"><span class='ocrx_word' id='word_1_234' title='bbox 245 3268 505 3335; x_wconf 83' lang='lat' dir='ltr'><strong>eumque</strong></span> <span class='ocrx_word' id='word_1_235' title='bbox 549 3253 618 3314; x_wconf 90' lang='lat' dir='ltr'><strong>in</strong></span> <span class='ocrx_word' id='word_1_236' title='bbox 665 3250 860 3316; x_wconf 90' lang='lat' dir='ltr'><strong>finem</strong></span> <span class='ocrx_word' id='word_1_237' title='bbox 904 3254 1037 3316; x_wconf 83' lang='lat' dir='ltr'><strong>iam</strong></span> <span class='ocrx_word' id='word_1_238' title='bbox 1086 3273 1124 3318; x_wconf 67' lang='lat' dir='ltr'><strong>a⁴</strong></span> <span class='ocrx_word' id='word_1_239' title='bbox 1171 3251 1490 3338; x_wconf 82' lang='lat' dir='ltr'><strong>Wagnero</strong></span> <span class='ocrx_word' id='word_1_240' title='bbox 1536 3253 1732 3315; x_wconf 87' lang='lat' dir='ltr'><strong>citato</strong></span> <span class='ocrx_word' id='word_1_241' title='bbox 1783 3249 1973 3338; x_wconf 83' lang='lat' dir='ltr'><strong>Verg.</strong></span> <span class='ocrx_word' id='word_1_242' title='bbox 2023 3251 2180 3316; x_wconf 91' lang='lat' dir='ltr'><strong>Aen.</strong></span> <span class='ocrx_word' id='word_1_243' title='bbox 2232 3251 2316 3316; x_wconf 88' lang='lat' dir='ltr'><strong>H.</strong></span> <span class='ocrx_word' id='word_1_244' title='bbox 2367 3251 2474 3317; x_wconf 89' lang='lat'><strong>36.</strong></span> 
     </span>
     <span class='ocr_line' id='line_1_28' title="bbox 588 3355 2239 3442; baseline 0.001 -22"><span class='ocrx_word' id='word_1_245' title='bbox 588 3357 713 3420; x_wconf 75' lang='lat' dir='ltr'><strong>Aut</strong></span> <span class='ocrx_word' id='word_1_246' title='bbox 743 3357 967 3440; x_wconf 74' lang='lat' dir='ltr'><strong>pelaqo</strong></span> <span class='ocrx_word' id='word_1_247' title='bbox 1014 3355 1297 3421; x_wconf 80' lang='lat' dir='ltr'><strong>Danaum</strong></span> <span class='ocrx_word' id='word_1_248' title='bbox 1339 3355 1603 3420; x_wconf 64' lang='lat' dir='ltr'><strong>insidias</strong></span> <span class='ocrx_word' id='word_1_249' title='bbox 1649 3363 2032 3442; x_wconf 73' lang='lat' dir='ltr'><strong>suspectaque</strong></span> <span class='ocrx_word' id='word_1_250' title='bbox 2079 3358 2239 3422; x_wconf 77' lang='lat' dir='ltr'><strong>dona</strong></span> 
     </span>
     <span class='ocr_line' id='line_1_29' title="bbox 590 3460 2288 3548; baseline 0.001 -23"><span class='ocrx_word' id='word_1_251' title='bbox 590 3461 1009 3545; x_wconf 74' lang='lat' dir='ltr'><strong>Praecipitare</strong></span> <span class='ocrx_word' id='word_1_252' title='bbox 1053 3463 1255 3528; x_wconf 74' lang='lat' dir='ltr'><strong>iubent</strong></span> <span class='ocrx_word' id='word_1_253' title='bbox 1296 3460 1575 3526; x_wconf 68' lang='lat' dir='ltr'><strong>subiecbie</strong></span> <span class='ocrx_word' id='word_1_254' title='bbox 1588 3485 1627 3548; x_wconf 83' lang='lat' dir='ltr'><strong>q</strong></span> <span class='ocrx_word' id='word_1_255' title='bbox 1643 3486 1683 3526; x_wconf 82' lang='lat' dir='ltr'><em>u</em></span> <span class='ocrx_word' id='word_1_256' title='bbox 1701 3477 1732 3525; x_wconf 80' lang='lat' dir='ltr'><strong>&#39;e</strong></span> <span class='ocrx_word' id='word_1_257' title='bbox 1777 3483 1950 3526; x_wconf 79' lang='lat' dir='ltr'><strong>urere</strong></span> <span class='ocrx_word' id='word_1_258' title='bbox 1979 3462 2248 3544; x_wconf 68' lang='lat' dir='ltr'><strong>flammis</strong></span> <span class='ocrx_word' id='word_1_259' title='bbox 2270 3512 2288 3541; x_wconf 95' lang='lat'><strong>,</strong></span> 
     </span>
     <span class='ocr_line' id='line_1_30' title="bbox 589 3567 2188 3634; baseline 0.001 -3"><span class='ocrx_word' id='word_1_260' title='bbox 589 3568 715 3632; x_wconf 74' lang='lat' dir='ltr'><strong>Aut</strong></span> <span class='ocrx_word' id='word_1_261' title='bbox 760 3569 1055 3634; x_wconf 71' lang='lat' dir='ltr'><strong>terebrare</strong></span> <span class='ocrx_word' id='word_1_262' title='bbox 1100 3591 1276 3634; x_wconf 73' lang='lat' dir='ltr'><strong>cavae</strong></span> <span class='ocrx_word' id='word_1_263' title='bbox 1319 3569 1481 3632; x_wconf 78' lang='lat' dir='ltr'><strong>uteri</strong></span> <span class='ocrx_word' id='word_1_264' title='bbox 1526 3575 1584 3633; x_wconf 74' lang='lat' dir='ltr'><strong>et</strong></span> <span class='ocrx_word' id='word_1_265' title='bbox 1629 3575 1861 3632; x_wconf 72' lang='lat' dir='ltr'><strong>tentare</strong></span> <span class='ocrx_word' id='word_1_266' title='bbox 1909 3567 2188 3632; x_wconf 74' lang='lat' dir='ltr'><strong>latebrae.</strong></span> 
     </span>
     <span class='ocr_line' id='line_1_31' title="bbox 242 3671 2612 3760; baseline 0 -21"><span class='ocrx_word' id='word_1_267' title='bbox 242 3671 353 3739; x_wconf 86' lang='lat' dir='ltr'><strong>Ubi</strong></span> <span class='ocrx_word' id='word_1_268' title='bbox 418 3693 545 3738; x_wconf 91' lang='lat' dir='ltr'><strong>non</strong></span> <span class='ocrx_word' id='word_1_269' title='bbox 605 3675 1003 3741; x_wconf 85' lang='lat' dir='ltr'><strong>admittenda</strong></span> <span class='ocrx_word' id='word_1_270' title='bbox 1061 3681 1159 3740; x_wconf 86' lang='lat' dir='ltr'><strong>est</strong></span> <span class='ocrx_word' id='word_1_271' title='bbox 1204 3677 1568 3740; x_wconf 86' lang='lat' dir='ltr'><strong>coniectura</strong></span> <span class='ocrx_word' id='word_1_272' title='bbox 1612 3674 1890 3738; x_wconf 70' lang='lat' dir='ltr'><strong>subiectis</strong></span> <span class='ocrx_word' id='word_1_273' title='bbox 1903 3695 1940 3736; x_wconf 85' lang='lat' dir='ltr'><strong><em>v</em></strong></span> <span class='ocrx_word' id='word_1_274' title='bbox 1955 3696 1986 3737; x_wconf 86' lang='lat' dir='ltr'><strong>e</strong></span> <span class='ocrx_word' id='word_1_275' title='bbox 2030 3695 2144 3759; x_wconf 90' lang='lat' dir='ltr'><strong>pro</strong></span> <span class='ocrx_word' id='word_1_276' title='bbox 2189 3674 2578 3760; x_wconf 63' lang='lat' dir='ltr'><strong>subiectisque</strong></span> <span class='ocrx_word' id='word_1_277' title='bbox 2595 3724 2612 3755; x_wconf 88' lang='lat'>‚</span> 
     </span>
     <span class='ocr_line' id='line_1_32' title="bbox 242 3779 2616 3867; baseline 0 -23"><span class='ocrx_word' id='word_1_278' title='bbox 242 3801 373 3846; x_wconf 87' lang='lat' dir='ltr'><strong>nam</strong></span> <span class='ocrx_word' id='word_1_279' title='bbox 417 3779 544 3845; x_wconf 89' lang='lat' dir='ltr'><strong>duo</strong></span> <span class='ocrx_word' id='word_1_280' title='bbox 579 3779 696 3845; x_wconf 85' lang='lat' dir='ltr'><strong>illa</strong></span> <span class='ocrx_word' id='word_1_281' title='bbox 734 3783 944 3866; x_wconf 90' lang='lat' dir='ltr'><strong>priora</strong></span> <span class='ocrx_word' id='word_1_282' title='bbox 978 3803 1107 3846; x_wconf 87' lang='lat' dir='ltr'><strong>una</strong></span> <span class='ocrx_word' id='word_1_283' title='bbox 1148 3783 1402 3860; x_wconf 86' lang='lat' dir='ltr'><strong>notione</strong></span> <span class='ocrx_word' id='word_1_284' title='bbox 1441 3779 1893 3867; x_wconf 87' lang='lat' dir='ltr'><strong>comprehendi</strong></span> <span class='ocrx_word' id='word_1_285' title='bbox 1932 3784 2236 3864; x_wconf 84' lang='lat' dir='ltr'><strong>possunt,</strong></span> <span class='ocrx_word' id='word_1_286' title='bbox 2281 3801 2508 3866; x_wconf 90' lang='lat' dir='ltr'><strong>nempe</strong></span> <span class='ocrx_word' id='word_1_287' title='bbox 2539 3787 2616 3845; x_wconf 89' lang='lat' dir='ltr'><strong>ut</strong></span> 
     </span>
     <span class='ocr_line' id='line_1_33' title="bbox 240 3885 2612 3975; baseline 0.001 -25"><span class='ocrx_word' id='word_1_288' title='bbox 240 3885 515 3952; x_wconf 81' lang='lat' dir='ltr'><strong>deleatur</strong></span> <span class='ocrx_word' id='word_1_289' title='bbox 556 3907 760 3971; x_wconf 88' lang='lat' dir='ltr'><strong>equus</strong></span> <span class='ocrx_word' id='word_1_290' title='bbox 808 3889 943 3952; x_wconf 84' lang='lat' dir='ltr'><strong>sive</strong></span> <span class='ocrx_word' id='word_1_291' title='bbox 989 3889 1059 3951; x_wconf 92' lang='lat' dir='ltr'><strong>in</strong></span> <span class='ocrx_word' id='word_1_292' title='bbox 1102 3887 1375 3975; x_wconf 80' lang='lat' dir='ltr'><strong>pelagus</strong></span> <span class='ocrx_word' id='word_1_293' title='bbox 1421 3886 1893 3973; x_wconf 84' lang='lat' dir='ltr'><strong>praecipitando</strong></span> <span class='ocrx_word' id='word_1_294' title='bbox 1914 3933 1929 3962; x_wconf 90' lang='lat'><strong>,</strong></span> <span class='ocrx_word' id='word_1_295' title='bbox 1973 3885 2110 3950; x_wconf 78' lang='lat' dir='ltr'><strong>sive</strong></span> <span class='ocrx_word' id='word_1_296' title='bbox 2151 3885 2575 3952; x_wconf 91' lang='lat' dir='ltr'><strong>comburendo</strong></span> <span class='ocrx_word' id='word_1_297' title='bbox 2595 3936 2612 3966; x_wconf 91' lang='lat'><strong>,</strong></span> 
     </span>
     <span class='ocr_line' id='line_1_34' title="bbox 240 3989 2616 4078; baseline -0 -22"><span class='ocrx_word' id='word_1_298' title='bbox 240 3991 503 4058; x_wconf 82' lang='lat' dir='ltr'><strong>alterum</strong></span> <span class='ocrx_word' id='word_1_299' title='bbox 560 3997 781 4057; x_wconf 86' lang='lat' dir='ltr'><strong>autem</strong></span> <span class='ocrx_word' id='word_1_300' title='bbox 842 3991 1183 4059; x_wconf 89' lang='lat' dir='ltr'><strong>consilium</strong></span> <span class='ocrx_word' id='word_1_301' title='bbox 1240 3999 1338 4058; x_wconf 89' lang='lat' dir='ltr'><strong>est</strong></span> <span class='ocrx_word' id='word_1_302' title='bbox 1384 3998 1461 4056; x_wconf 85' lang='lat' dir='ltr'><strong>ut</strong></span> <span class='ocrx_word' id='word_1_303' title='bbox 1505 3992 1886 4078; x_wconf 87' lang='lat' dir='ltr'><strong>perforetur.</strong></span> <span class='ocrx_word' id='word_1_304' title='bbox 1938 3989 2215 4075; x_wconf 88' lang='lat' dir='ltr'><strong>Ideoque</strong></span> <span class='ocrx_word' id='word_1_305' title='bbox 2263 3991 2351 4054; x_wconf 80' lang='lat' dir='ltr'><strong>ibi</strong></span> <span class='ocrx_word' id='word_1_306' title='bbox 2395 3989 2616 4078; x_wconf 83' lang='lat' dir='ltr'><strong>Vergi-</strong></span> 
     </span>
     <span class='ocr_line' id='line_1_35' title="bbox 238 4093 2614 4184; baseline 0.001 -22"><span class='ocrx_word' id='word_1_307' title='bbox 238 4095 347 4164; x_wconf 86' lang='lat' dir='ltr'><strong>lius</strong></span> <span class='ocrx_word' id='word_1_308' title='bbox 414 4118 571 4164; x_wconf 84' lang='lat' dir='ltr'><strong>usus</strong></span> <span class='ocrx_word' id='word_1_309' title='bbox 632 4105 729 4163; x_wconf 85' lang='lat' dir='ltr'><strong>est</strong></span> <span class='ocrx_word' id='word_1_310' title='bbox 787 4099 1101 4184; x_wconf 86' lang='lat' dir='ltr'><strong>particula</strong></span> <span class='ocrx_word' id='word_1_311' title='bbox 1164 4099 1554 4164; x_wconf 82' lang='lat' dir='ltr'><strong>disiunctiva</strong></span> <span class='ocrx_word' id='word_1_312' title='bbox 1619 4103 1742 4179; x_wconf 74' lang='lat' dir='ltr'><strong>aut,</strong></span> <span class='ocrx_word' id='word_1_313' title='bbox 1809 4101 1886 4161; x_wconf 88' lang='lat' dir='ltr'><strong>ut</strong></span> <span class='ocrx_word' id='word_1_314' title='bbox 1949 4093 2304 4182; x_wconf 82' lang='lat' dir='ltr'><strong>Wagnerus</strong></span> <span class='ocrx_word' id='word_1_315' title='bbox 2372 4101 2614 4184; x_wconf 89' lang='lat' dir='ltr'><strong>optime</strong></span> 
     </span>
     <span class='ocr_line' id='line_1_36' title="bbox 242 4203 2616 4292; baseline 0.001 -24"><span class='ocrx_word' id='word_1_316' title='bbox 242 4209 497 4270; x_wconf 84' lang='lat' dir='ltr'><strong>monuit.</strong></span> <span class='ocrx_word' id='word_1_317' title='bbox 570 4203 644 4269; x_wconf 83' lang='lat' dir='ltr'><strong>Si</strong></span> <span class='ocrx_word' id='word_1_318' title='bbox 703 4207 913 4292; x_wconf 81' lang='lat' dir='ltr'><strong>igitur</strong></span> <span class='ocrx_word' id='word_1_319' title='bbox 969 4213 1157 4291; x_wconf 83' lang='lat' dir='ltr'><strong>poeta</strong></span> <span class='ocrx_word' id='word_1_320' title='bbox 1220 4205 1347 4270; x_wconf 91' lang='lat' dir='ltr'><strong>duo</strong></span> <span class='ocrx_word' id='word_1_321' title='bbox 1395 4204 1583 4290; x_wconf 91' lang='lat' dir='ltr'><strong>plane</strong></span> <span class='ocrx_word' id='word_1_322' title='bbox 1633 4203 1947 4268; x_wconf 87' lang='lat' dir='ltr'><strong>contraria</strong></span> <span class='ocrx_word' id='word_1_323' title='bbox 1994 4203 2335 4268; x_wconf 89' lang='lat' dir='ltr'><strong>hominum</strong></span> <span class='ocrx_word' id='word_1_324' title='bbox 2382 4225 2616 4291; x_wconf 81' lang='lat' dir='ltr'><strong>genera</strong></span> 
     </span>
     <span class='ocr_line' id='line_1_37' title="bbox 243 4307 2617 4398; baseline 0.001 -24"><span class='ocrx_word' id='word_1_325' title='bbox 243 4329 577 4398; x_wconf 87' lang='lat' dir='ltr'><strong>proponere</strong></span> <span class='ocrx_word' id='word_1_326' title='bbox 639 4309 949 4376; x_wconf 83' lang='lat' dir='ltr'><strong>voluisset</strong></span> <span class='ocrx_word' id='word_1_327' title='bbox 1008 4332 1137 4376; x_wconf 90' lang='lat' dir='ltr'><strong>non</strong></span> <span class='ocrx_word' id='word_1_328' title='bbox 1194 4318 1251 4374; x_wconf 75' lang='lat' dir='ltr'><strong>et</strong></span> <span class='ocrx_word' id='word_1_329' title='bbox 1296 4310 1407 4374; x_wconf 90' lang='lat' dir='ltr'><strong>sed</strong></span> <span class='ocrx_word' id='word_1_330' title='bbox 1456 4317 1564 4374; x_wconf 74' lang='lat' dir='ltr'><strong>aut</strong></span> <span class='ocrx_word' id='word_1_331' title='bbox 1612 4310 1882 4374; x_wconf 90' lang='lat' dir='ltr'><strong>scribere</strong></span> <span class='ocrx_word' id='word_1_332' title='bbox 1934 4307 2254 4374; x_wconf 87' lang='lat' dir='ltr'><strong>debuerat.</strong></span> <span class='ocrx_word' id='word_1_333' title='bbox 2303 4309 2429 4376; x_wconf 79' lang='lat' dir='ltr'><strong>Sed</strong></span> <span class='ocrx_word' id='word_1_334' title='bbox 2474 4332 2617 4398; x_wconf 81' lang='lat' dir='ltr'><strong>gra-</strong></span> 
     </span>
    </p>
   </div>
   <div class='ocr_carea' id='block_1_8' title="bbox 242 4415 2459 4586">
    <p class='ocr_par' dir='ltr' id='par_1_8' title="bbox 242 4415 2459 4586">
     <span class='ocr_line' id='line_1_38' title="bbox 242 4415 2459 4506; baseline 0 -25"><span class='ocrx_word' id='word_1_335' title='bbox 242 4417 401 4482; x_wconf 76' lang='lat' dir='ltr'><strong>viora</strong></span> <span class='ocrx_word' id='word_1_336' title='bbox 446 4421 608 4482; x_wconf 84' lang='lat' dir='ltr'><strong>sunt</strong></span> <span class='ocrx_word' id='word_1_337' title='bbox 651 4435 812 4502; x_wconf 84' lang='lat' dir='ltr'><strong>quae</strong></span> <span class='ocrx_word' id='word_1_338' title='bbox 854 4415 1038 4483; x_wconf 82' lang='lat' dir='ltr'><strong>illam</strong></span> <span class='ocrx_word' id='word_1_339' title='bbox 1084 4419 1450 4506; x_wconf 86' lang='lat' dir='ltr'><strong>opinionem</strong></span> <span class='ocrx_word' id='word_1_340' title='bbox 1496 4417 1878 4504; x_wconf 81' lang='lat' dir='ltr'><strong>redarguere</strong></span> <span class='ocrx_word' id='word_1_341' title='bbox 1926 4417 2091 4481; x_wconf 90' lang='lat' dir='ltr'><strong>mihi</strong></span> <span class='ocrx_word' id='word_1_342' title='bbox 2138 4416 2459 4484; x_wconf 76' lang='lat' dir='ltr'><strong>videntur.</strong></span> 
     </span>
     <span class='ocr_line' id='line_1_39' title="bbox 2309 4537 2374 4586; baseline 0 0"><span class='ocrx_word' id='word_1_343' title='bbox 2309 4537 2374 4586; x_wconf 77' lang='lat'><strong>18</strong></span> 
     </span>
    </p>
   </div>
  </div>
 </body>
</html>
