3192 5009
466 233 598 300 448
1100 252 1183 300 nn
1226 249 1850 300 mesammomus
1891 250 2193 299 nonme.

465 423 751 504 tempore
812 439 936 504 quo
1000 416 1076 483 de
1134 419 1406 503 imperio
1464 418 1615 481 novi
1678 418 1850 503 regis
1909 417 2466 504 interrogabantur
2533 419 2704 483 cives
2775 422 2840 483 et

466 546 742 613 augures
803 532 868 590 et
929 525 1152 590 Patres
1170 574 1186 602 ,
1252 545 1365 591 rex
1410 525 1541 588 iam
1590 543 1856 610 regnare
1904 530 2224 609 coeperat;
2274 521 2436 588 nihil
2481 523 2839 610 pertinebat

463 631 860 697 confirmatio
921 630 1000 695 ad
1060 633 1196 695 eius
1263 631 1650 696 creationem
1704 650 1864 716 quae
1910 631 2043 694 iam
2088 629 2367 716 perfecta
2411 635 2547 695 erat
2565 677 2582 707 ‚
2634 650 2838 716 neque

461 737 541 803 ad
602 739 957 823 potentiam
1019 757 1213 822 quam
1272 735 1418 801 inde
1480 734 1748 822 adeptus
1811 742 1980 814 erat3
2031 757 2143 802 rex
2189 757 2338 802 cum
2382 735 2598 823 legem
2643 736 2840 802 ferret

460 866 585 910 non
640 844 1078 931 interrogabat
1140 845 1309 908 cives
1364 865 1523 908 num
1572 845 1666 908 eis
1711 841 1986 929 placeret
2033 863 2254 931 regem
2301 864 2366 908 se
2411 843 2550 908 fieri
2568 890 2585 920 ‚
2633 864 2838 929 neque

461 972 610 1016 vero
628 1000 644 1028 ,
706 972 866 1015 num
928 971 1202 1037 regnum
1263 949 1383 1014 sibi
1449 948 1831 1027 adimerent,
1889 948 1998 1014 sed
2043 949 2162 1014 hoc
2210 947 2424 1015 solum
2443 997 2459 1028 ,
2510 970 2670 1014 num
2715 950 2840 1015 sibi

462 1078 678 1143 parere
738 1055 976 1122 vellent
991 1104 1008 1133 ,
1074 1062 1140 1120 et
1200 1055 1275 1120 ab
1342 1056 1697 1141 auguribus
1761 1055 2133 1140 exquirebat
2196 1055 2368 1121 idem
2387 1103 2403 1134 ,
2475 1077 2634 1120 num
2703 1055 2837 1120 deis

460 1184 710 1250 quoque
747 1162 815 1227 id
853 1169 1115 1250 gratum
1155 1167 1320 1228 esset
1360 1168 1436 1226 ut
1475 1164 1648 1227 cives
1687 1161 1812 1226 sibi
1849 1161 2226 1247 obsequium
2272 1164 2722 1248 promitterent
2749 1163 2832 1242 1);

459 1273 678 1355 itaque
726 1271 781 1333 si
825 1267 931 1334 lex
978 1290 1104 1334 non
1146 1268 1579 1354 perferebatur
1597 1317 1615 1345 ‚
1663 1269 1798 1332 sive
1847 1267 2014 1352 quod
2059 1271 2231 1333 cives
2278 1288 2420 1333 eam
2457 1268 2802 1334 reiciebant
2817 1315 2835 1346 ,

464 1377 598 1440 sive
665 1374 833 1461 quod
902 1395 1177 1462 augures
1246 1395 1388 1440 eam
1456 1380 1663 1439 ratam
1733 1394 1859 1438 non
1927 1394 2060 1439 esse
2121 1373 2520 1440 declarabant
2579 1381 2840 1461 propter

468 1483 748 1567 auspicia
794 1481 1057 1547 adversa
1073 1531 1090 1561 ,
1140 1502 1341 1567 neque
1388 1481 1612 1546 Patres
1661 1482 1721 1545 ei
1765 1482 2073 1546 Auctores
2111 1480 2378 1558 fiebant,
2421 1481 2540 1547 hoc
2580 1488 2839 1547 tantum

464 1588 883 1666 efficiebatur,
925 1595 1001 1653 ut
1039 1593 1369 1674 appareret
1406 1607 1628 1674 regem
1666 1607 1930 1674 regnare
1970 1594 2259 1652 contra
2304 1587 2838 1654 voluntatem

465 1693 761 1781 populi
822 1699 904 1761 et
966 1702 1258 1760 contra
1319 1695 1731 1780 auspicia,
1797 1693 1966 1779 quod
2008 1691 2182 1758 idem
2227 1693 2584 1772 accidebat,
2635 1693 2839 1760 silex

465 1799 708 1866 curiata
770 1802 1027 1867 omnino
1088 1822 1215 1866 non
1278 1801 1625 1888 rogabatur
1649 1797 1722 1880 ¹).
1797 1798 1922 1865 Sed
1983 1802 2238 1864 etiamsi
2297 1801 2451 1866 haec
2512 1803 2678 1866 actio
2749 1803 2842 1866 ita

466 1912 825 1993 comparata
889 1906 1015 1972 fuit
1033 1956 1048 1985 ,
1109 1913 1182 1972 ut
1245 1909 1383 1972 iure
1446 1905 1699 1972 nullum
1769 1905 2063 1972 effectum
2129 1907 2390 1973 haberet
2448 1909 2516 1971 in
2578 1928 2798 1995 regem
2823 1957 2838 1984 ,

464 2034 666 2099 neque
715 2014 790 2079 de
839 2015 973 2079 eius
1018 2017 1157 2079 iure
1207 2014 1603 2080 deminueret
1621 2063 1638 2092 ,
1689 2019 1903 2078 tamen
1951 2014 2171 2101 negari
2210 2035 2337 2079 non
2375 2013 2560 2080 debet
2576 2062 2592 2093 ‚
2639 2013 2839 2080 libera

468 2121 658 2186 fuisse
721 2119 1098 2206 suffragium
1152 2122 1396 2184 civium
1443 2125 1509 2185 et
1553 2139 1928 2206 responsum
1975 2135 2300 2205 augurum
2347 2126 2413 2186 et
2457 2123 2836 2186 sententiam

464 2226 734 2291 Patrum
754 2275 769 2304 ,
819 2247 1023 2312 neque
1070 2225 1223 2292 licet
1244 2275 1251 2282 .
1269 2225 1570 2291 affirmari
1588 2275 1605 2302 ‚
1655 2247 1878 2312 regem
1924 2227 2172 2292 civibus
2219 2229 2563 2312 imperasse
2602 2231 2678 2290 ut
2713 2226 2834 2290 sibi

465 2333 840 2418 obsequium
902 2335 1373 2418 promitterent;
1437 2331 1506 2396 id
1565 2330 1929 2397 excluditur
1987 2335 2272 2418 primum
2334 2353 2406 2399 eo
2454 2332 2622 2419 quod
2667 2333 2832 2396 actio

465 2439 655 2505 fiebat
698 2443 765 2504 in
813 2439 1066 2503 comitiis
1111 2443 1299 2525 (quae
1347 2437 1524 2504 nulla
1570 2445 1720 2504 sunt
1766 2441 1900 2505 sine
1944 2438 2144 2506 libero
2185 2439 2488 2527 suffragio
2530 2441 2832 2517 civium),

466 2545 688 2610 deinde
750 2567 823 2611 eo
886 2544 1053 2631 quod
1114 2545 1215 2610 dei
1276 2543 1766 2610 consulebantur
1822 2547 1893 2608 ab
1957 2546 2314 2627 auyuribue,
2381 2548 2612 2632 quibus
2667 2543 2836 2631 quod

465 2652 913 2737 responderent
975 2651 1313 2736 praescribi
1372 2673 1497 2716 non
1560 2657 1809 2737 poterat
1856 2654 2005 2738 quia
2050 2672 2165 2716 sua
2211 2655 2532 2736 spectione
2577 2652 2838 2717 uteban-

462 2766 570 2823 tur
598 2755 677 2836 ³);
742 2763 1053 2843 quatenus
1114 2763 1331 2824 autem
1390 2757 1668 2824 liberum
1730 2765 1864 2823 erat
1925 2757 2170 2823 civibus
2233 2763 2298 2821 et
2359 2757 2716 2843 auguribus
2769 2761 2834 2820 et

462 2864 757 2930 Patribus
820 2864 1191 2949 respondere
1255 2864 1423 2951 quod
1484 2863 1759 2942 vellent,
1824 2866 1976 2930 haec
2037 2865 2201 2928 actio
2252 2863 2386 2928 iure
2430 2881 2832 2948 nequaquam

462 2972 587 3036 fuit
648 2973 1026 3036 caerimonia
1083 2991 1243 3036 vana
1260 3019 1277 3048 ,
1336 2974 1588 3036 etiamsi
1629 2973 1814 3057 facto
1862 2971 2237 3057 plerumque
2287 2969 2364 3035 de
2411 2972 2548 3036 eius
2596 2973 2830 3034 eventu

464 3077 741 3142 dubitari
799 3098 926 3142 non
984 3083 1233 3163 poterat
1250 3098 1265 3155 ;
1332 3098 1647 3163 magnum
1706 3078 1824 3142 hoc
1886 3083 2055 3154 erat,
2119 3074 2433 3163 populum
2493 3080 2558 3142 et
2611 3075 2836 3139 Patres

464 3183 792 3249 decernere
838 3204 1021 3270 posse
1061 3206 1249 3264 reyem
1286 3206 1535 3264 reynare
1574 3191 1780 3247 contra
1817 3183 2178 3247 vobuntatem
2203 3183 2428 3266 populi
2465 3190 2524 3246 et
2560 3184 2800 3246 deorum
2816 3229 2834 3260 ,

530 3470 583 3534 1)
629 3468 761 3518 Idem
807 3472 963 3517 censet
1010 3468 1279 3518 Mommsen
1328 3469 1356 3516 8
1391 3483 1495 3532 pag.
1532 3469 1656 3518 318:
1707 3469 1793 3516 uda
1828 3467 1913 3516 der
1951 3466 2211 3529 Magistra
2248 3483 2340 3516 nur
2373 3466 2663 3531 berwhtigt,
2700 3467 2836 3516 nicht

460 3551 707 3618 genotbigt
752 3551 813 3600 ist
860 3551 937 3600 die
982 3550 1325 3614 Biirgerscbafl:
1369 3565 1427 3600 zu
1461 3549 1710 3614 heti-agen,
1748 3551 1843 3600 und
1878 3549 1999 3598 such
2034 3549 2157 3598 ohne
2191 3549 2274 3599 dss
2307 3549 2669 3614 Treugeliibniss
2702 3549 2836 3598 nicht

458 3633 665 3699 weniger
712 3633 973 3696 magistrat
1016 3631 1109 3692 ist,
1156 3649 1207 3682 so
1254 3631 1403 3681 bleibt
1435 3647 1489 3681 er
1522 3632 1624 3681 dies
1658 3631 1806 3692 such,
1843 3647 1979 3681 wenn
2013 3631 2098 3680 der
2133 3634 2224 3681 Aet
2259 3630 2550 3681 unterbleibt
2581 3631 2698 3680 oder
2730 3646 2834 3680 ver·

457 3714 611 3782 ssgt’'.
656 3743 721 3754 —
770 3717 825 3779 2)
874 3715 982 3764 Hac
1025 3715 1077 3764 in
1126 3730 1177 3764 re
1222 3715 1447 3780 inprimis
1482 3715 1734 3778 Dionysius
1769 3714 1990 3779 patefecit
2024 3729 2238 3763 errorem
2270 3729 2410 3764 suum
2443 3713 2558 3772 (vid.
2593 3728 2698 3779 pag.
2734 3715 2834 3764 444

456 3799 563 3849 adn.
600 3798 671 3862 2),
718 3812 825 3846 cum
873 3796 1102 3846 scriberet
1144 3795 1216 3860 (4.
1236 3797 1347 3856 4o)=
1396 3792 1714 3854 ἐλλείποντος
1761 3793 1818 3844 36
1853 3812 1984 3852 τινος
2019 3793 2210 3844 τούτων
2245 3795 2410 3856 ’ἕτερον
2444 3793 2712 3860 ὠνόμαζον,
2750 3795 2834 3844 καὶ

455 3881 639 3942 τρίτον,
686 3879 729 3928 εἷ
777 3879 845 3939 μὴ
892 3879 1118 3940 συμβαίη
1164 3877 1289 3940 μηδὲ
1336 3883 1407 3942 τῷ
1456 3876 1666 3940 δευτέρῳ
1703 3877 1772 3927 τά
1808 3895 1868 3926 τε
1903 3877 2016 3938 παρ’
2053 3874 2305 3938 ἀνθρώπων
2342 3875 2427 3926 καὶ
2460 3878 2529 3926 τὰ
2565 3878 2698 3938 παρὰ
2733 3881 2833 3926 τῶν

456 3961 569 4010 θοῦν
596 3960 928 4018 ἀνεπίληπτα.
968 3959 1059 4008 His
1092 3959 1246 4009 verbis
1282 3960 1539 4025 Dionysius
1573 3960 1770 4010 sustulit
1800 3963 1952 4008 totam
1981 3963 2266 4024 potestatem
2296 3959 2488 4009 creandi
2516 3959 2833 4026 interregibus

452 4059 740 4102 concessam;
794 4059 944 4107 neque
977 4057 1087 4091 casu
1118 4042 1297 4092 factum
1332 4048 1428 4102 est,
1466 4049 1519 4093 ut
1553 4042 1644 4092 boc
1678 4057 1840 4092 errore
1873 4045 2062 4092 coactus
2095 4041 2241 4091 etism
2278 4042 2326 4091 h.
2347 4042 2380 4090 1.
2419 4044 2634 4106 peccaret
2669 4042 2718 4091 in
2753 4058 2835 4091 vo-

451 4125 618 4176 cabulo
665 4123 924 4189 ὀνομάζειν
962 4125 1259 4190 usurpando.
1297 4141 1391 4189 quo
1428 4129 1674 4190 praeterea
1707 4123 1966 4188 diligenter
1997 4122 2258 4183 abstinuit,
2294 4123 2388 4172 vid.
2425 4139 2556 4189 supr.
2593 4139 2697 4188 pag.
2733 4123 2832 4173 48⁹

454 4209 560 4258 sdn.
597 4210 641 4258 1.
696 4234 761 4246 —
814 4207 869 4268 8)
914 4207 1207 4271 Suffragium
1254 4205 1455 4256 liberum
1502 4206 1646 4256 fnisse
1679 4207 1826 4256 etism
1861 4205 2079 4255 coneedit
2115 4205 2386 4254 Mommsen
2421 4206 2622 4255 Stsstsr.
2661 4206 2691 4254 8
2725 4221 2834 4271 pag.

458 4290 554 4339 812
570 4305 661 4354 «μ
718 4305 795 4338 -es
840 4305 969 4339 mass
1013 4289 1295 4353 wenigstens
1337 4288 1407 4337 sls
1444 4288 1652 4351 moglieh
1684 4287 1884 4352 gedscht
1917 4287 2104 4337 werden
2127 4325 2139 4344 ‚
2177 4287 2284 4337 dsss
2317 4287 2422 4349 (der
2458 4288 2672 4354 Burger)
2704 4287 2834 4340 disse

458 4371 819 4438 Verpflichtung
852 4388 910 4422 sn
948 4369 1269 4421 tibernebmsn
1301 4371 1401 4421 sich
1438 4368 1766 4436 verweigert”.
