3192 5009
1218 298 1617 347 nummus.
2473 273 2605 341 203

349 484 404 549 p.
449 462 545 541 80,
568 463 608 527 f.
655 462 739 527 τὰ
778 462 841 527 δὲ
880 470 990 535 τῆς
1017 463 1407 540 γλυκύτητος
1438 464 1779 542 ὑφειμένα,
1831 460 2604 541 προσλαμβάνοντα

272 570 761 646 δἐὖστομεῑν
822 572 921 635 διαὶ
990 573 1099 643 τὴν
1163 574 1352 641 ποσὴν
1415 575 1642 649 στῦψιν
1704 570 2252 649 εὐστομαχώτερα.
2325 567 2426 632 Ad
2472 588 2606 631 sen-

274 679 501 740 tentiam
580 680 817 761 optime
886 676 1091 741 editor
1176 675 2018 754 προσλαμβανόμενα
2091 675 2146 739 δ’
2199 672 2602 748 εὔστομοι,

268 778 458 845 εἶναι
507 784 653 859 xri„
710 782 820 847 sed
866 782 1091 868 quidni
1134 782 1343 847 lenius
1390 786 1697 847 correxit:
1750 780 2500 861 προσλαμβανοντῙ
2549 778 2601 841 δ’

268 886 527 967 εὔστομοι,
573 885 725 953 εἶναι
752 927 837 937 —
864 886 1439 971 εὖστομαχώτεραῗ

338 1017 393 1080 p.
432 994 529 1072 84,
554 1018 602 1059 c.
658 995 1003 1073 Βερβεαι
1043 996 1430 1070 πολυτίμητε
1471 996 1604 1059 κτὲ.
1655 995 1886 1073 „Latet
1925 994 2076 1060 deae
2116 994 2298 1058 deive
2322 990 2596 1057 nomen”

267 1117 407 1166 recte
457 1101 532 1165 K.
594 1100 718 1167 Vix
782 1101 992 1178 aliud,
1057 1102 1239 1167 credo
1258 1150 1273 1179 ,
1341 1122 1537 1187 quam
1584 1100 1844 1187 aliquod
1887 1104 2093 1188 ipsius
2141 1099 2400 1165 Veneris
2448 1094 2602 1183 (Cy-

264 1210 407 1291 priae
424 1206 472 1287 '?)
526 1208 709 1273 modo
772 1215 1303 1274 commemoratae
1364 1214 1865 1295 cognomentum
1883 1257 1899 1285 ,
1959 1208 2126 1293 quod
2175 1206 2440 1272 fortasse
2487 1204 2602 1269 ali-

264 1314 474 1399 quando
515 1318 882 1402 reperietur.

332 1442 385 1505 p.
430 1420 529 1499 84,
553 1422 613 1486 d.
678 1422 879 1487 καίτοι
936 1420 1037 1485 καὶ
1090 1422 1337 1485 Φαινίου
1386 1421 1493 1485 τοῦ
1524 1421 1818 1498 ’Ἐρεσίου
1870 1418 2093 1484 ἔννοιαν
2143 1422 2288 1496 ἡμῖν
2337 1416 2596 1488 διδόντος

262 1528 465 1601 μήποτε
510 1530 631 1593 ἀπὸ
680 1534 793 1600 τῆς
840 1526 1043 1604 κέδρου
1088 1528 1157 1591 τὸ
1205 1527 1517 1606 κεδρίον
1570 1528 1964 1610 ὠνόμασται,
2015 1526 2119 1590 καὶ
2173 1526 2299 1603 γὰρ
2347 1526 2455 1599 τὴν
2505 1522 2598 1587 κέ-

262 1630 363 1707 δρον
402 1634 577 1711 φησὶν
625 1634 685 1697 ἐν
737 1632 1006 1715 πέμπτῳ
1055 1633 1187 1710 περὶ
1240 1639 1451 1713 Φυτῶν
1500 1634 1776 1706 οξκοίνθας
1829 1632 1998 1713 ἔχειν
2046 1632 2182 1711 περὶ
2222 1636 2306 1696 τοὶ
2345 1632 2597 1713 φύλλα,

260 1734 331 1801 ὅτι
370 1738 425 1801 δὲ
469 1742 533 1805 τὸ
580 1740 737 1804 αὐτὸ
788 1745 965 1804 τοῦτο
1012 1741 1115 1804 καὶ
1165 1738 1300 1820 περὶ
1351 1741 1419 1803 τὸ
1470 1742 1688 1817 κιτρίον
1735 1740 1864 1804 ἐστὶ
1915 1740 2101 1804 παντὶ
2151 1738 2346 1812 δῆλον.
2416 1735 2601 1805 Coni-

260 1866 431 1909 cerem
488 1848 795 1921 κιτρίον
856 1868 972 1931 pro
1038 1847 1279 1923 κεδρίον,
1343 1850 1467 1911 nisi
1534 1850 1734 1911 etiam
1796 1847 2052 1912 facilius
2113 1846 2362 1911 librarii
2425 1866 2600 1910 error

259 1950 651 2037 explicaretur,
704 1956 762 2017 si
804 1955 1107 2037 primitus
1154 1955 1469 2039 scriptum
1514 1954 1744 2019 fuerit:
1796 1957 2038 2031 μήποτε
2082 1956 2205 2019 απὸ
2247 1962 2356 2028 τῆς
2395 1952 2595 2033 κέδρου

260 2056 313 2119 τὸ
350 2060 687 2138 (κιτρίον
738 2058 927 2135 ὡσεὶ)
977 2060 1285 2142 κεδρίον
1333 2060 1711 2137 ὠνόμασται.

326 2185 377 2249 p.
420 2163 521 2243 85,
546 2187 600 2230 c.
649 2166 839 2230 ταῦτ’
885 2164 1157 2237 εἰπόντος
1207 2172 1314 2231 τοῦ
1362 2168 1748 2247 Δημοκρίτου
1796 2166 2238 2246 θαυμάσαντες
2285 2168 2338 2231 οἱ
2375 2164 2592 2231 πολλοὶ

258 2268 343 2339 τῖεν
379 2275 475 2334 τοῦ
519 2271 743 2348 κιτρίου
794 2270 1046 2349 δύναμιν
1095 2273 1410 2350 ἀπήσθιον,
1460 2276 1535 2344 ὦς
1584 2275 1688 2352 μὴ
1744 2272 2140 2354 πρότερον
2187 2271 2508 2351 φαγόντες
2558 2271 2593 2347 ἢ

260 2376 455 2447 πιόντες
500 2402 581 2441 τι.
634 2376 799 2457 Quia
844 2376 1251 2443 Democritus
1301 2380 1377 2444 de
1425 2382 1573 2444 citri
1611 2383 1679 2444 vi
1719 2380 2065 2445 antidotica
2103 2386 2320 2444 contra
2355 2398 2598 2443 venena

259 2490 617 2565 exposuerat,
658 2487 869 2549 nescio
910 2505 991 2548 an
1026 2485 1477 2571 corrigendum
1521 2488 1638 2549 sit:
1683 2486 1758 2559 ὥς
1809 2486 1840 2549 δ
1861 2512 1894 2559 η
1915 2502 1952 2549 λ
1974 2510 2007 2559 n
2027 2509 2066 2548 τ
2100 2486 2134 2560 ἡ
2152 2508 2312 2565 ριον
2358 2484 2600 2563 φαγόν-

256 2610 332 2655 τες
372 2590 401 2663 ἢ
444 2590 679 2659 πιόντες
731 2614 813 2653 τι.
860 2589 1115 2655 locatur
1158 2590 1543 2656 Athenaeus.

320 2715 370 2778 p.
414 2694 515 2771 86,
540 2717 593 2761 c.
666 2694 807 2760 Iam
874 2696 1201 2761 Kockium
1262 2697 1449 2762 video
1511 2697 1543 2761 I
1609 2720 1672 2782 p.
1725 2696 1855 2762 683
1916 2700 1986 2761 in
2046 2699 2359 2763 ARomPPI
2402 2718 2596 2763 versu

256 2794 403 2884 longe
440 2804 673 2865 rectius
720 2800 927 2865 deleta
973 2802 1233 2888 virgula
1278 2807 1591 2881 πορφυροῖς
1643 2806 1986 2868 correxisse
2032 2824 2148 2887 pro
2195 2805 2534 2883 πορφύρας.

323 2926 375 2989 p.
420 2904 519 2985 93,
545 2929 599 2971 e.
669 2906 966 2973 Ismonus
1032 2905 1431 2975 Characenus
1476 2930 1674 2996 agens
1725 2910 1800 2974 de
1848 2913 2348 2996 margaritarum
2393 2912 2596 2995 pisca-

259 3012 455 3076 toribus
506 3013 762 3079 scribit:
826 3013 1085 3093 σχεδίας
1152 3014 1511 3091 καλαμίνας
1559 3014 1735 3094 πέριξ
1779 3010 1934 3079 εἶναι
1983 3022 2093 3087 τῆς
2142 3018 2354 3092 νήσου,
2407 3016 2475 3093 ἐξ
2515 3012 2590 3080 ὦν

260 3117 702 3195 καθαλλομένους
778 3116 859 3191 εἷς
930 3124 1040 3195 τὴν
1107 3122 1433 3185 θάλασσαν
1498 3123 1599 3186 ἐπ’
1665 3125 1914 3200 &pyum
1980 3122 2200 3186 εἴκοσιν
2261 3121 2592 3200 ἀναφέρειν

262 3230 603 3290 ΔΙΠΛΟΤΣ
643 3224 939 3303 κόγχους.
988 3226 1114 3292 Pro
1152 3226 1460 3292 vocabulo
1500 3231 1641 3293 iure
1683 3234 1978 3313 suspecto
2018 3228 2314 3293 Kaibelio
2355 3230 2592 3293 conieci
2663 3300 2670 3307 ,

260 3327 929 3413 [K]A11'I[OA]AOTC‚
977 3332 1111 3395 καὶ
1161 3334 1557 3411 πολλοὺς,
1609 3334 1914 3416 plurimae
1958 3336 2224 3399 conchas.

326 3454 375 3517 p.
422 3434 561 3513 101,
594 3456 649 3501 a.
704 3438 854 3499 ἀλλ’
900 3431 1000 3501 οἶα
1048 3438 1255 3516 μήτρα
1304 3439 1730 3519 καλλίκαρπος
1781 3440 2054 3515 ἐκβολὰς

708 3541 1005 3620 δίεφθα
1053 3542 1604 3609 λευκανθεῖσα
1651 3549 2045 3623 τυροῦται
2093 3544 2310 3622 δέμας.

260 3640 401 3709 Alter
432 3646 737 3713 SoPA'mus
777 3670 1001 3714 versus
1040 3653 1271 3715 misere
1312 3651 1694 3737 depravatus
1725 3657 1822 3716 est
1839 3672 1854 3729 ;
1883 3672 2032 3717 nam
2057 3672 2260 3737 neque
2285 3658 2590 3717 neutrum

262 3746 459 3831 plurale
502 3756 727 3831 δίεφθα
778 3776 1006 3819 sanum
1053 3776 1187 3821 esse
1235 3762 1445 3843 potest
1492 3778 1698 3842 neque
1747 3764 2029 3835 τυροῦται
2079 3758 2368 3823 admittit
2403 3761 2593 3823 inter-

262 3862 663 3935 pretationem:
716 3884 880 3924 caseo
927 3863 1236 3942 obteyitur.
1287 3860 1758 3950 Corrigendum
1803 3867 2120 3949 suspicor:

704 3969 1149 4042 λευκανθὲς
1200 3970 1605 4048 ἐφηθεῖσα
1651 3976 2048 4048 γυροῦται
2099 3970 2317 4047 δέμας.

264 4072 319 4127 ut
355 4067 577 4137 dicatur
620 4072 819 4137 vulva
864 4076 1143 4139 coctione
1192 4074 1467 4139 distenta
1515 4096 1650 4140 esse
1696 4078 1766 4139 in
1815 4078 2088 4141 formam
2137 4077 2497 4141 rotundam.

330 4193 382 4256 p.
403 4176 585 4255 111,f.
610 4178 683 4243 In
700 4180 1156 4244 Ancnsrmffl
1184 4182 1631 4244 Gastronomiae
1656 4182 2017 4268 fragmento
2042 4182 2284 4268 legitur
2300 4204 2394 4247 vs.
2416 4182 2456 4246 4
2473 4204 2588 4269 sq.:

484 4284 783 4366 εὐκάρπου
832 4287 1024 4365 κριθῆς
1076 4288 1349 4363 καθαρῶς
1402 4286 1719 4364 ἠσσημένα
1769 4286 2020 4364 πάντα,

489 4390 543 4452 ἔν
590 4389 819 4471 Λέσβῳ
868 4400 1103 4467 κλεινῆς
1151 4393 1395 4472 Ἐρέσου
1443 4393 1928 4472 περικύμονι
1979 4395 2204 4473 μαστῷ
2251 4394 2381 4459 κτὲ.
