3192 5009
551 233 677 300 126
1405 251 2053 304 onsanununoumr.

644 467 657 482 .
688 467 702 482 .
752 417 913 482 actio
956 417 1014 480 ei
1058 417 1320 481 absentie
1362 417 1595 482 nomine
1640 440 1760 481 non
1806 421 1989 482 datur
2027 417 2410 500 (Consultat.
2437 417 2533 482 III
2559 421 2596 504 ᾖ
2619 418 2710 499 9).
2760 418 2944 482 Nam·

546 526 667 590 hoe
702 546 826 589 non
873 523 1043 588 cadit
1085 525 1155 587 in
1202 524 1402 605 operis
1443 523 1583 587 novi
1628 525 2083 602 exsecutionem,
2135 528 2373 612 quippe
2419 541 2616 611 quam
2662 544 2780 589 suo
2825 525 2944 588 11οὲ
3006 551 3018 558 ·

546 633 722 696 1111116
790 636 1159 716 procurator
1219 629 1412 694 habet
1472 629 1544 710 (l.
1599 626 1638 695 ¹7
1684 653 1778 716 pr.
1829 630 1909 695 D.
1959 629 2066 696 39.
2098 631 2182 712 1).
2255 630 2380 696 Sed
2440 631 2581 696 ideo
2645 629 2720 695 fit
2783 632 2942 714 quia

548 736 887 802 interdicto
931 758 1021 799 ne
1064 735 1187 798 vie
1215 735 1409 821 fiat
1454 736 1975 821 aedificanti
2023 737 2269 802 reddito
2317 738 2437 803 sub
2477 740 2686 823 specie
2725 735 2945 800 defen-

548 847 707 910 soris
754 845 982 907 actoris
1027 845 1239 926 partes
1284 842 1656 918 sustinebit3
1702 845 1822 908 1106
1861 841 2096 908 sufficit
2114 892 2129 920 ,
2173 848 2249 908 ut
2286 849 2496 908 ratam
2537 844 2677 908 re'm
2715 841 2944 906 haberi

547 949 876 1014 satisdatio
916 949 1233 1034 exigatur.
1283 945 1446 1011 Sane
1484 949 1576 1011 ita
1618 953 1716 1012 661
1755 953 1810 1013 61
1851 947 2085 1015 Iuliani
2127 952 2512 1014 sententiam
2553 965 2940 1034 sequamur3

546 1053 863 1139 Ulpianus
908 1055 1082 1118 enim
1100 1101 1117 1130 ‚
1166 1073 1360 1138 quare
1405 1053 1736 1119 satisdatio
1781 1061 1989 1118 ratam
2035 1075 2175 1120 rem
2221 1055 2440 1120 haberi
2487 1052 2807 1140 exigenda
2853 1055 2948 1116 sit

548 1161 628 1225 ab
686 1182 760 1225 eo
815 1161 927 1245 qui
972 1179 1124 1223 mox
1173 1156 1462 1223 defensor
1508 1161 1593 1224 sit
1638 1159 1898 1224 futurus
1919 1209 1935 1238 ,
1982 1181 2208 1226 vereor
2252 1167 2328 1225 ut
2372 1160 2604 1226 dicere·
2629 1162 2944 1246 potnerit.

548 1265 809 1352 Ulpiani
878 1267 1227 1330 sententiae
1290 1271 1788 1331 consentaneum
1848 1249 1980 1344 est,
2044 1274 2120 1331 ut
2181 1260 2554 1352 procurator
2601 1273 2812 1332 661616
2859 1286 2942 1330 61

547 1373 889 1438 interdicto
965 1371 1169 1436 faeere
1231 1393 1357 1435 non
1418 1372 1735 1450 videatur,
1801 1375 1926 1437 nisi
1987 1373 2253 1438 satisdet
2305 1374 2664 1438 iudicatum
2731 1371 2906 1437 solvi
2927 1420 2944 1449 ‚

549 1479 719 1566 quod
764 1477 1052 1544 Iulianus
1098 1497 1224 1542 non
1273 1480 1585 1564 exigeret.

639 1584 842 1648 Missa
886 1583 1157 1668 denique
1203 1581 1276 1645 fit
1322 1603 1399 1647 ex
1444 1583 1794 1648 abundanti
1841 1585 2158 1650 nuntiatio
2206 1587 2262 1649 si
2309 1585 2696 1649 satisdatum
2741 1583 2950 1648 fuerit

551 1691 629 1756 de
671 1710 861 1776 opere
908 1688 1298 1754 restituendo
1316 1738 1333 1766 ‚
1382 1688 1794 1754 satisdatione
1839 1693 2011 1755 enim
2058 1695 2222 1755 teste
2268 1690 2570 1755 Praetore
2615 1690 2948 1753 nuntiatio

551 1798 619 1860 in
658 1819 728 1860 ea
766 1817 946 1859 eausa
986 1815 1122 1859 esse
1158 1797 1401 1879 6061111,
1442 1801 1510 1857 ut
1548 1795 1774 1858 remitti
1811 1797 2070 1875 debe-(at)
2110 1795 2180 1876 (1.
2207 1795 2296 1860 20
2318 1798 2501 1881 pr.,§
2533 1796 2565 1859 1
2595 1795 2674 1860 D.
2706 1793 2814 1859 39.
2855 1793 2946 1874 1).

551 1904 639 1969 At
683 1923 811 1966 non
849 1921 1098 1985 semper
1138 1897 1485 1964 satisdatur
1521 1901 1600 1965 de
1638 1921 1823 1985 opere
1859 1901 2252 1965 restituendo
2268 1920 2286 1975 3
2327 1901 2678 1966 ridiculum
2702 1903 2948 1986 quippe

554 2013 719 2074 esset
762 2008 883 2072 hoe
926 2008 1184 2093 exigere
1232 2005 1606 2072 Praetorem
1626 2055 1642 2082 ,
1693 2009 1749 2070 si
1793 2009 2307 2072 nuntiaverimus
2355 2015 2426 2071 ut
2473 2009 2678 2071 dammi
2716 2005 2952 2092 {offecti

552 2122 833 2179 caveatur
877 2111 1044 2175 nobis
1091 2111 1197 2192 ges.
1245 2111 1290 2175 l.
1342 2112 1375 2176 1
1428 2109 1575 2196 §17
1623 2111 1699 2176 D.
1744 2110 1851 2177 39.
1885 2112 1983 2192 1);
2034 2134 2237 2198 neque
2279 2135 2536 2198 semper
2573 2113 2948 2188 safisdatnr,

554 2221 787 2286 sufficit
824 2220 1229 2303 repromissio
1252 2266 1267 2293 ,
1311 2221 1366 2280 si
1406 2219 1781 2281 nuntiatum
1817 2218 2012 2282 fuerit
2049 2218 2206 2282 iuris
2231 2219 2474 2300 publici
2518 2219 2728 2282 tuendi
2762 2239 2952 2281 causa

553 2331 678 2393 nisi
716 2327 919 2390 alieno
957 2327 1213 2388 nomine
1238 2326 1692 2388 remissionem
1713 2326 1854 2408 quis
1880 2323 2194 2389 desideret
2217 2324 2287 2404 (1.
2318 2323 2356 2387 5
2384 2326 2419 2409 ᾗ
2454 2323 2626 2402 18,1.
2654 2324 2695 2389 8
2722 2326 2756 2409 ᾗ
2783 2324 2847 2400 2,
2879 2321 2945 2402 3,

550 2434 597 2498 l.
626 2433 713 2498 20
752 2429 899 2516 §13
940 2428 1018 2493 D.
1060 2428 1166 2493 39.
1200 2429 1271 2504 1;
1316 2428 1359 2493 l.
1394 2429 1425 2492 1
1471 2429 1573 2513 §6
1614 2427 1692 2493 D.
1723 2428 1828 2494 46.
1859 2429 1946 2509 5).
1994 2429 2367 2494 Meminisse
2421 2437 2642 2495 autem
2691 2433 2952 2516 oportet

552 2561 704 2604 eum
764 2539 877 2622 qui
920 2539 989 2600 in
1040 2533 1293 2621 publico
1340 2533 1626 2598 aedificet
1673 2556 1875 2619 neque
1919 2535 2257 2612 interdicto
2309 2559 2397 2598 ne
2444 2537 2570 2599 vis
2600 2537 2790 2622 siat
2836 2559 2954 2599 ae·

553 2640 972 2729 disin-anti
1037 2642 1136 2704 uti
1196 2661 1416 2725 posse,
1482 2642 1634 2724 quia
1695 2640 1926 2702 civilem
1991 2641 2280 2704 actionem
2341 2643 2416 2704 de
2461 2642 2766 2727 faciendo
2817 2663 2950 2705 non

550 2751 745 2816 habet
760 2797 776 2826 ‚
818 2767 1022 2832 neque
1061 2745 1397 2809 interdicto
1439 2745 1608 2829 quod
1633 2745 1935 2810 adversus
1960 2749 2260 2814 iteratam
2284 2749 2754 2813 nuntiationem
2777 2768 2952 2812 com-

550 2859 741 2942 petit,
777 2855 927 2938 quia
966 2852 1084 2916 hoc.
1124 2851 1464 2926 interdicto
1504 2851 1836 2918 satisdatio
1870 2855 2219 2938 requiritur
2243 2852 2310 2931 (1.
2342 2852 2430 2917 20
2455 2855 2490 2938 ξ
2520 2852 2600 2932 13
2629 2853 2822 2919 Ι).39.
2856 2852 2948 2932 1).

638 2961 809 3024 Fieri
871 2963 1083 3036 potest
1130 2962 1488 3041 praeterea,
1540 2963 1616 3018 ut
1661 2959 1980 3021 nuntiatio
2029 2979 2155 3022 non
2203 2965 2452 3034 teneat,
2505 2960 2675 3044 quod
2723 2965 2951 3042 eontra

551 3068 834 3132 edietum
881 3064 1202 3128 Praetoris
1248 3063 1413 3126 facta
1458 3064 1578 3139 sit,
1626 3061 1834 3126 veluti
1873 3063 1929 3124 ei
1967 3085 2115 3145 opus
2153 3086 2363 3127 novum
2404 3065 2660 3128 Praetor
2699 3065 2950 3129 iusserit

547 3170 826 3236 nuntiari
873 3169 1091 3234 deinde
1127 3166 1446 3250 prohibuit
1493 3166 1565 3248 (1.
1600 3167 1680 3232 16
1724 3167 1800 3231 D.
1832 3166 1936 3231 39.
1970 3168 2054 3248 1),
2094 3175 2305 3254 potest
2343 3173 2520 3235 enim
2562 3192 2640 3236 61
2677 3175 2952 3238 auctori-

556 3284 689 3342 tate
734 3276 1051 3350 nuntiari,
1102 3276 1224 3338 etsi
1272 3294 1395 3336 non
1444 3275 1530 3336 sit
1576 3276 2038 3350 necessarium3
2089 3281 2201 3338 aut
2247 3278 2304 3340 si
2353 3276 2482 3362 tale
2531 3277 2726 3342 fuerit
2762 3298 2950 3362 opus,

554 3392 622 3448 ut
670 3368 957 3446 contemni
1002 3379 1305 3442 nuntiatio
1352 3380 1614 3455 deberet,
1659 3379 1727 3444 id
1765 3385 1861 3443 est
1895 3379 2065 3442 cuiue
2095 3403 2260 3444 mora
2287 3382 2630 3462 periculum
2671 3383 2949 3447 allatura

556 3495 723 3553 esset.
792 3485 968 3550 Haeo
1039 3487 1211 3549 enim
1274 3485 1640 3564 ⁸qene'raliter
1710 3485 1964 3549 Praetor
2027 3534 2041 3550 .
2071 3535 2084 3552 .
2117 3534 2131 3550 .
2164 3535 2178 3550 .
2244 3510 2426 3570 opera
2489 3488 2720 3570 excepit
2781 3489 2852 3568 (1.
2905 3488 2947 3554 5

557 3591 885 3680 §ll—13
934 3590 1010 3653 D.
1040 3589 1147 3654 39.
1181 3590 1263 3668 1).
1331 3588 1404 3652 Id
1467 3588 1738 3674 denique
1803 3591 2183 3669 tenendum,
2247 3591 2622 3659 Praetorem
2685 3595 2950 3680 quidem

431 3768 438 3775 ,
555 3701 774 3764 iubere
828 3704 931 3774 ut,
980 3695 1103 3774 eive
1148 3695 1283 3758 iure
1325 3695 1453 3758 sive
1499 3695 1736 3761 iniuria
1784 3719 1930 3780 opus
1958 3699 2172 3780 fieret,
2207 3721 2329 3780 per
2376 3699 2813 3764 nuntiationem
2857 3700 2955 3764 in-

557 3806 858 3870 hiberetur
918 3801 987 3881 (1.
1044 3800 1077 3864 1
1130 3821 1225 3884 pr.
1275 3799 1354 3864 D.
1410 3799 1515 3866 39.
1550 3801 1635 3880 1),
1697 3804 1912 3887 itaque
1975 3806 2031 3867 si
2079 3811 2226 3888 post
2271 3807 2742 3871 nuntiationem
2787 3827 2952 3892 opus

560 3911 803 3975 factum
850 3910 935 3971 sit
953 3954 969 3982 ‚
1016 3905 1141 3967 sive
1187 3905 1321 3967 iure
1348 3906 1602 3990 factum
1650 3907 1782 3987 (eit)
1826 3908 1950 3970 eive
1995 3931 2114 3970 non
2159 3909 2294 3972 iure
2321 3912 2572 3995 factum
2618 3912 2776 3990 (eit),
2827 3934 2954 3977 res-

558 4016 931 4080 titutorium
990 4011 1410 4075 interdictum
1472 4011 1691 4077 locum
1751 4014 2130 4080 habiturum
2177 4015 2247 4096 (l.
2299 4016 2386 4081 20
2435 4015 2538 4102 §3
2591 4016 2669 4081 D.
2720 4017 2828 4084 39.
2863 4019 2949 4098 l).

558 4118 682 4188 Sed
726 4119 881 4182 haec
928 4137 1127 4201 aeque
1173 4118 1243 4179 in
1288 4117 1543 4182 iudiciis
1592 4118 1926 4184 observata
1972 4120 2166 4185 fuisse
2213 4142 2284 4185 66
2335 4122 2633 4208 regulam
2679 4123 2951 4189 celeber-

560 4231 826 4301 rimam,
892 4223 968 4288 de
1022 4243 1149 4308 qua
1192 4225 1300 4308 egi
1347 4227 1552 4308 eapite
1599 4230 1811 4303 sexto,
1861 4226 2071 4292 multa
2118 4228 2410 4313 probant.
2473 4228 2616 4315 Ipse
2665 4236 2766 4295 est
2809 4251 2953 4295 aue-

564 4341 665 4399 101
710 4329 1028 4418 Ulpianus
1075 4327 1143 4408 (1.
1199 4327 1232 4392 1
1284 4327 1387 4413 §4
1433 4328 1512 4394 D.
1564 4330 1673 4395 43.
1699 4329 1814 4412 25)
1863 4353 2050 4398 661166
2091 4333 2311 4400 cadere
2351 4337 2789 4402 nuntiatorem
2825 4339 2952 4404 nisi
