3192 5009
1229 284 1601 339 numme.
2524 271 2608 338 51

507 450 598 518 Ut
641 452 858 541 aliqua
900 474 1046 541 pars
1090 453 1325 521 laboris
1372 456 1707 521 minuatur
1752 455 1941 521 mihi.

279 557 450 637 Nam,
494 558 666 625 addit

505 664 674 731 Nam
719 688 888 732 nunc
933 687 1131 733 novas
1182 669 1294 754 qui
1339 666 1627 733 scribunt
1644 714 1663 746 ‚
1713 665 1809 731 nil
1851 672 2119 753 parcunt
2166 669 2335 733 seni:

505 770 580 837 Si
625 794 788 858 quae
833 772 1212 839 laboriosast
1227 822 1244 851 ,
1297 772 1376 838 ad
1419 794 1528 839 me
1573 775 1894 851 curritur;

383 876 462 941 45
507 877 577 944 Si
623 877 784 945 lenis
832 885 964 958 est,
1017 879 1096 945 ad
1141 878 1346 945 alium
1393 879 1678 946 defertur
1720 900 2009 967 gregem.

503 984 580 1049 In
625 986 746 1051 hac
791 993 888 1051 est
933 1007 1096 1072 pura
1143 988 1365 1052 oratio.
1417 989 1834 1071 experimini,

504 1090 580 1155 In
623 1097 966 1177 utramque
1012 1097 1262 1177 partem
1309 1094 1649 1179 ingenium
1695 1091 1850 1177 quid
1894 1094 2133 1177 posssit
2176 1114 2418 1158 meum.

341 1196 497 1261 Pura
557 1198 752 1263 oratio
815 1200 892 1264 ab
937 1199 1394 1285 interpretibus
1440 1197 1605 1265 solet
1651 1198 1873 1263 referri
1919 1198 2000 1264 ad
2044 1197 2183 1263 stili
2228 1198 2618 1286 elegantiam

267 1310 320 1367 et
358 1310 718 1389 comparant
765 1302 834 1371 0.
886 1303 1172 1372 Caesaris
1218 1304 1533 1371 iudicium
1579 1307 1693 1390 qui
1738 1304 2109 1369 Terentium
2153 1308 2342 1391 „puri
2383 1326 2619 1372 sermo-

267 1411 350 1473 nis
399 1410 790 1476 amatorem''
849 1410 1140 1478 laudasse
1193 1410 1398 1476 fertur
1444 1412 1587 1491 (vit.
1640 1409 1891 1476 Terent.
1941 1410 2060 1476 sub
2106 1410 2275 1493 fine).
2325 1412 2620 1479 Laudant

265 1518 434 1580 etiam
469 1517 656 1582 Auct.
696 1515 777 1580 ad
812 1516 1090 1583 Herenn.
1132 1515 1239 1595 IV,
1281 1514 1322 1581 8
1350 1513 1421 1597 ¹),
1464 1536 1855 1601 quamquam
1896 1538 2055 1602 quae
2092 1517 2185 1583 ibi
2207 1516 2516 1605 leguntur
2538 1518 2617 1584 ad

263 1628 526 1687 nostrum
558 1621 774 1687 locum
797 1622 960 1687 nihil
983 1644 1242 1709 prorsus
1267 1622 1551 1688 afferunt.
1596 1620 2063 1708 Galphurnius:
2089 1647 2275 1688 sermo
2298 1625 2537 1707 eloym
2560 1632 2617 1690 et

261 1736 512 1791 mutue
547 1736 606 1792 et
623 1728 837 1815 facile
874 1730 1215 1793 auditorum»
1253 1751 1550 1793 cesenam
1589 1728 1805 1793 iniens.
1835 1727 2076 1795 Verum
2099 1730 2253 1796 haec
2278 1731 2617 1816 explicatio

261 1854 392 1899 vera
425 1856 558 1901 esse
595 1856 722 1900 non
761 1842 992 1921 potest.
1039 1835 1258 1913 Esset,
1301 1838 1356 1901 si
1397 1834 1680 1901 Terentii
1721 1839 1992 1901 orationi
2018 1858 2213 1923 purae
2232 1886 2248 1916 ,
2275 1836 2582 1924 limpidae
2601 1887 2617 1917 ,

259 1937 514 2025 eleganti
562 1947 1034 2027 opponerentur
1082 1941 1362 2006 aliorum
1406 1941 1621 2007 sordes
1669 1941 1774 2006 vel
1814 1945 2121 2028 asperitas
2148 1948 2479 2010 sermonis.
2530 1945 2619 2010 At

259 2066 370 2109 non
421 2045 654 2111 idcirco
715 2054 890 2112 actor
947 2052 1207 2133 poetam
1265 2046 1488 2112 laudat
1537 2045 1705 2133 quod
1752 2049 1819 2110 in
1868 2048 2211 2114 verborum
2258 2049 2507 2116 delectu
2553 2056 2621 2115 et

257 2152 316 2213 in
357 2154 558 2237 operis
605 2156 1065 2239 compositione
1114 2160 1466 2219 ceterorum
1513 2154 1831 2217 incuriam
1878 2160 1943 2219 et
1984 2154 2291 2220 duritiem
2328 2158 2617 2235 evitavit,

260 2256 352 2321 sed
405 2278 554 2343 prae
611 2258 818 2324 solitis
876 2260 1083 2325 turbis
1099 2308 1116 2338 ‚
1167 2280 1324 2345 quas
1369 2258 1620 2325 fabulae
1668 2262 1975 2324 motoriae
2022 2261 2291 2339 habent,
2342 2264 2501 2327 mite
2548 2284 2621 2327 ac

257 2359 380 2429 lene
439 2386 642 2451 genus
702 2364 897 2431 huius
961 2367 1079 2430 sibi
1143 2366 1554 2431 vehementer
1600 2364 1845 2452 placere
1894 2365 2187 2431 declarat.
2238 2366 2459 2453 Neque
2500 2368 2620 2434 hoc

262 2476 494 2537 tantum
555 2493 635 2537 ex
680 2475 761 2537 iis
805 2473 1094 2539 versibus
1142 2473 1432 2549 efficitur,
1480 2493 1639 2559 quos
1687 2472 1877 2537 modo
1924 2471 2217 2551 laudavi,
2266 2473 2376 2538 sed
2422 2477 2620 2539 etiam

261 2596 326 2641 ex
381 2580 462 2643 iis
513 2581 627 2664 qui
670 2579 1055 2664 praecedunt
1069 2628 1086 2656 ,
1137 2578 1222 2644 35
1250 2600 1384 2665 sqq.
1437 2575 1607 2644 Cum
1650 2581 1857 2665 igitur
1901 2576 2619 2645 Heautontimorumeni

265 2704 446 2769 „pura
489 2684 734 2749 oratio''
783 2692 1138 2751 ceterarum
1189 2684 1494 2762 „clamori
1542 2683 1840 2749 summo'’
1883 2689 1949 2749 et
1986 2683 2229 2763 „labori
2269 2685 2618 2751 maxumo’'

263 2797 616 2875 opponatur,
655 2790 831 2856 aliud
877 2791 1086 2857 voluit
1134 2794 1420 2879 scriptor.
1467 2790 1799 2855 Nimirum
1847 2814 2047 2873 „pura
2093 2791 2336 2856 oratio”
2388 2791 2625 2857 dicitur

260 2894 464 2961 eodem
511 2918 700 2963 sensu
746 2918 870 2983 quo
918 2918 1071 2963 vasa
1117 2918 1276 2983 pura
1295 2946 1311 2976 ,
1360 2902 1706 2984 argentum
1753 2918 1992 2981 purum
2008 2943 2027 2975 ,
2076 2898 2273 2964 vestis
2318 2919 2480 2983 pura
2496 2946 2513 2976 ‚
2553 2900 2623 2962 in

261 3001 472 3085 quibus
531 3002 759 3069 adiect.
811 3026 1011 3086 purus·
1071 3002 1391 3089 significat
1451 3003 1617 3067 nihil
1678 3004 2072 3067 extrinsecus
2116 3005 2473 3069 ornamenti
2520 3003 2622 3069 ad-

261 3109 522 3173 mixtum
593 3130 748 3173 esse.
819 3108 894 3173 In
963 3110 1082 3174 hac
1140 3108 1355 3174 fabula
1373 3157 1389 3187 ‚
1455 3111 1669 3193 inquit
1716 3107 2057 3173 Ambivius
2075 3156 2092 3185 ,
2143 3107 2503 3194 simplicem
2550 3129 2621 3174 ac

259 3212 480 3278 nudam
541 3217 894 3280 orationem
954 3215 1287 3281 habebitis.
1346 3216 1597 3281 Abeunt
1644 3213 1723 3279 ab
1770 3215 1887 3279 hac
1936 3213 2341 3279 turbulentae
2392 3220 2457 3280 et
2502 3214 2624 3281 cla-

260 3338 454 3385 mosae
512 3326 726 3408 partes
785 3324 952 3387 servi
997 3323 1310 3387 currentis
1328 3370 1345 3399 ‚
1393 3323 1546 3386 irati
1590 3322 1759 3387 senis
1775 3369 1792 3397 ,
1841 3322 2107 3405 parasiti
2152 3320 2358 3386 edacis
2378 3368 2395 3398 ‚
2446 3341 2623 3408 syco-

263 3424 516 3509 phantae
574 3427 968 3513 impudentis
987 3477 1004 3506 ,
1066 3428 1314 3493 lenonis
1377 3430 1553 3492 avari
1571 3476 1587 3505 ,
1637 3447 1793 3512 quas
1844 3432 1919 3491 ut
1967 3431 2135 3493 recte
2183 3426 2452 3515 impleas
2498 3448 2623 3493 non

261 3550 396 3597 voce
437 3537 696 3597 tantum
743 3554 932 3619 opera
970 3537 1067 3598 est
1113 3532 1317 3599 danda
1355 3533 1463 3598 sed
1502 3537 1566 3598 et
1603 3531 1912 3597 lateribus
1949 3530 2328 3619 lacertisque
2353 3533 2622 3618 denique
2702 3522 2711 3532 ⁸

263 3640 378 3702 toto
445 3660 704 3725 corpore
765 3639 1203 3705 laborandum.
1277 3638 1489 3705 Nolite
1552 3638 1657 3705 hic
1719 3637 1987 3703 ridicula
2050 3639 2215 3703 facta
2274 3645 2623 3725 gestusque

261 3745 558 3828 requirere
575 3793 594 3823 ‚
647 3766 802 3811 voce
841 3748 1016 3811 enim
1059 3767 1184 3811 non
1221 3745 1452 3831 reliqui
1490 3746 1769 3831 corporis
1808 3747 2162 3810 intentione
2201 3744 2356 3811 haec
2396 3752 2626 3831 agetur

265 3845 482 3915 fabula.

324 4130 366 4189 l)
409 4128 536 4181 snt
567 4131 722 4195 iqitnr
764 4129 864 4179 tria
893 4144 1067 4193 ymera
1107 4127 1313 4190 (dicendi
1349 4130 1437 4193 sc)
1469 4143 1591 4193 quae
1618 4143 1791 4192 θωνα
1823 4142 1906 4175 κω
1922 4126 2113 4192 flqurae
2141 4129 2438 4189 appellamus
2474 4165 2484 4175 .
2509 4166 2520 4178 .
2543 4168 2555 4179 .
2576 4169 2587 4178 .
2607 4160 2624 4177 .

265 4224 387 4259 aaa
412 4228 600 4276 yram
632 4214 841 4261 alteram
871 4212 1168 4270 micet-m,
1209 4210 1406 4259 tertiam
1449 4214 1758 4259 attenuatam
1790 4223 2002 4257 vocantur
2043 4245 2055 4257 .
2077 4244 2087 4255 .
2109 4245 2121 4257 .
2142 4246 2153 4257 .
2175 4245 2187 4257 .
2224 4207 2503 4260 Attouda
2520 4216 2625 4279 eet,-

266 4308 372 4355 μοι
395 4296 590 4347 ἀπύσει
623 4300 702 4346 eet
735 4309 878 4359 uque
906 4296 975 4343 ad
1005 4292 1370 4343 utitatissimum
1405 4291 1515 4357 puri
1549 4290 1781 4341 sermonis
1814 4288 2209 4341 consuetudinem.
