3192 5009
1085 305 1289 354 smms
1333 305 1650 353 Immone.
2426 286 2554 353 197

299 465 435 533 450:
527 471 623 535 Et
671 472 838 534 lavat
882 474 1214 557 ingentem
1262 471 1647 556 perfundens
1692 470 1956 536 flumine
2007 492 2182 537 sacro

531 575 908 643 Clitumnus
955 584 1219 643 taurum
1265 614 2031 627 ——————

232 676 441 745 Duobus
477 685 775 749 versibus
825 690 969 749 ante
1018 683 1205 763 (448)
1250 683 1529 770 leg-itur:
1578 683 1718 748 Hos
1752 685 1936 748 Aesis
1976 681 2288 769 Sapisque
2327 684 2555 747 lavant.

230 784 369 864 Quod
406 810 547 855 cum
598 812 725 855 non
770 791 1101 856 ferendum
1148 798 1436 876 putaret,
1487 789 1874 855 Schraderus
1921 796 2134 853 nostro
2177 788 2318 854 loco
2358 792 2561 854 conie-

226 895 287 955 cit
340 894 512 975 rigua,
580 897 750 982 quod
804 897 1077 961 verbum
1125 900 1445 981 optimum
1492 897 1753 982 quidem
1799 916 2059 961 sensum
2105 895 2396 981 praebet,
2447 895 2559 961 sed

226 995 431 1085 longius
484 1023 524 1066 a
571 1001 911 1067 literarum
955 1002 1154 1068 ductu
1199 1003 1459 1068 recedit.
1510 1002 1682 1067 Mihi
1728 1006 1796 1067 in
1841 1008 2127 1067 mentem
2173 1004 2352 1067 venit
2400 1001 2555 1080 cuit,

227 1106 351 1187 quod
403 1107 777 1194 plerumque
828 1112 1071 1195 tropico
1092 1158 1109 1186 ,
1160 1110 1327 1194 quod
1376 1109 1630 1187 dicitur,
1681 1130 1872 1173 sensu
1916 1101 2302 1195 usurpatum
2322 1157 2339 1185 ,
2387 1107 2557 1194 apud

228 1208 311 1273 Sil.
352 1212 451 1277 XI.
498 1214 589 1279 22
640 1215 864 1279 eodem
912 1215 1031 1280 hoc
1077 1236 1266 1280 sensu
1312 1217 1605 1280 occurrit.

292 1428 427 1496 500:
523 1434 611 1497 Et
652 1432 879 1497 lunam
926 1436 1276 1499 excussisse
1322 1433 1504 1520 p010,
1556 1433 1935 1499 stridoribus
1984 1454 2204 1499 amnes

522 1540 882 1603 Frenantem
900 1587 916 1617 ,
966 1562 1037 1605 ac
1086 1538 1271 1604 silvis
1318 1545 1568 1604 montes
1615 1540 1888 1605 nudasse
1937 1543 2202 1605 vocatis.

229 1638 437 1708 Credere
470 1667 592 1711 non
634 1666 899 1731 possum
917 1696 933 1724 ,
972 1650 1141 1711 inter
1182 1652 1279 1711 tot
1313 1646 1668 1711 infinitivos
1707 1668 1914 1711 unum
1955 1646 2118 1711 illud
2144 1648 2556 1732 participium

226 1752 450 1832 posuisse
511 1758 789 1838 poetam.
860 1752 1153 1817 Fortasse
1215 1751 1697 1818 rescribendum
1759 1760 1890 1818 est:
1955 1759 2111 1833 (et)
2179 1752 2555 1817 stridoribus

230 1874 395 1920 amnes
436 1858 744 1923 Frenasee.

294 2060 429 2127 511:
524 2063 655 2128 Nec
712 2063 879 2129 cedit
922 2063 1124 2128 studio
1170 2063 1481 2127 Sidicinus
1528 2066 1840 2151 sanguine
1892 2062 2082 2128 miles
2098 2111 2114 2140 ,

525 2170 732 2250 Quem
772 2192 1029 2251 qenuere
1077 2167 1281 2236 Gales.

232 2272 361 2339 Sicut
429 2277 526 2341 hic
610 2297 834 2342 versus
920 2298 1087 2341 nunc
1171 2274 1414 2362 legitur
1432 2325 1447 2353 ,
1535 2274 1806 2363 languet
1889 2276 2161 2341 verbum
2243 2274 2551 2355 sanquine.

234 2378 503 2465 Scripsisse
563 2382 821 2447 videtur
881 2379 1081 2447 Sssius
1142 2382 1412 2445 Sidicino
1472 2382 1766 2463 sanquine
1826 2382 2014 2445 miles.
2086 2405 2158 2444 us
2221 2402 2299 2446 ex
2363 2381 2554 2445 ditto-

232 2488 439 2571 graphia
503 2491 672 2554 nasci
745 2492 959 2574 potuit
976 2537 993 2565 ,
1058 2510 1207 2553 cum
1268 2489 1559 2569 sanquine
1621 2494 2011 2574 sequeretur.
2098 2488 2194 2553 De
2253 2487 2553 2573 loquendi

234 2592 371 2658 modo
428 2595 561 2660 vide
620 2592 764 2661 Cul.
814 2593 981 2659 253:
1056 2596 1302 2658 Cachneo
1365 2594 1659 2675 sanquine
1702 2596 1953 2681 fratres
1968 2590 1996 2669 ;¹
2063 2594 2178 2659 Sil.
2226 2593 2341 2658 IX.
2395 2593 2548 2659 209.

234 2696 367 2774 Quod
414 2700 487 2765 N.
530 2700 836 2771 Heinsius
896 2721 1009 2785 pro
1071 2699 1275 2764 studio
1336 2700 1551 2785 legere
1615 2698 1759 2765 vult
1819 2700 2013 2763 studii
2032 2748 2049 2777 ‚
2122 2703 2550 2765 necessarium

237 2804 355 2867 mihi
391 2827 503 2869 non
546 2805 826 2871 videtur.

296 2909 354 2973 In
401 2912 593 2977 verbis
658 2934 827 2998 quem
880 2935 1139 2993 genuere
1186 2933 1444 2977 summo
1490 2914 1631 2977 iure
1680 2912 1938 2977 offendit
1986 2911 2276 2977 Bothius.
2339 2911 2547 2976 Dicit:

240 3015 340 3089 „die
390 3016 583 3084 Worte
643 3041 809 3103 quem
864 3041 1123 3099 genuere
1195 3018 1364 3081 Cales
1427 3017 1569 3081 sind
1634 3021 1988 3104 anstossig:
2043 3018 2201 3082 denn
2252 3017 2552 3082 niemand

234 3120 504 3200 berichtet,
564 3124 706 3189 dass
772 3122 957 3191 Gales
1018 3127 1157 3188 eine
1225 3120 1483 3189 Colonie
1548 3143 1674 3188 van
1738 3122 2101 3188 Sidicinum
2163 3144 2293 3187 war
2309 3143 2326 3201 3
2379 3122 2511 3187 und
2532 3171 2546 3199 ‚

237 3224 328 3290 dies
386 3250 829 3315 angenommen
847 3278 864 3306 ,
936 3250 1186 3294 warum
1253 3228 1470 3294 wurde
1543 3229 1644 3293 die
1706 3228 2114 3295 Mannschaft
2176 3250 2300 3294 von
2364 3226 2546 3295 Cales

240 3334 486 3411 erwiihnt,
532 3335 660 3399 und
707 3336 809 3400 die
859 3334 1275 3400 Sidicinische
1324 3333 1782 3421 iibergangen?
1831 3336 2080 3400 Hochst
2127 3336 2550 3401 wahrschein-

238 3436 327 3502 lich
360 3441 650 3523 erwiihnte
698 3440 927 3517 Silius,
977 3441 1087 3506 der
1134 3440 1334 3507 Sache
1382 3446 1638 3527 gemiiss
1657 3490 1674 3519 ‚
1721 3441 1972 3506 beide'’.
2021 3441 2145 3507 Sed
2194 3441 2362 3526 quod
2408 3442 2551 3506 sub-

242 3547 439 3611 stituere
493 3547 664 3612 vult:
732 3570 1009 3631 quemque
1070 3570 1275 3625 ruere,
1341 3550 1577 3632 partim
1633 3547 1879 3639 saltem
1947 3548 2210 3632 probare
2284 3568 2548 3632 nequeo,

248 3650 469 3737 Quemque
508 3657 759 3739 egregie
809 3653 1175 3718 emendasse
1214 3654 1378 3717 mihi
1416 3653 1692 3753 videtur,
1737 3653 1846 3719 sed
1883 3675 1999 3739 pro
2041 3677 2213 3717 ruere
2252 3654 2551 3739 equidem

246 3758 505 3821 rescribere
545 3758 770 3823 malim
818 3759 1027 3823 babere.
1078 3757 1175 3825 Of.
1226 3758 1416 3845 Verg.
1466 3761 1624 3825 Aen.
1666 3759 1781 3824 111.
1827 3759 1947 3839 43;
1998 3760 2137 3824 VII.
2184 3758 2351 3826 729:
2393 3782 2551 3846 quos

248 3858 298 3925 de
341 3862 563 3928 collibus
623 3862 769 3929 altis
830 3866 1119 3929 Aurunci
1182 3867 1413 3930 misere
1476 3870 1689 3951 patres
1751 3866 2141 3951 Sidicinaque
2201 3868 2386 3931 iuxta
2432 3867 2551 3931 Ae-

251 3988 419 4050 quora,
460 3970 657 4055 quique
711 3971 882 4035 Cales
926 3970 1253 4057 linquunt.

314 4186 441 4253 515:
534 4188 721 4255 Haud
760 4189 895 4256 ullo
942 4190 1146 4256 levior
1191 4189 1365 4253 balbis
1415 4190 1678 4255 Vestina
1724 4145 2029 4255 iuventus

532 4294 801 4382 Agmina
849 4297 1160 4362 densavit.

262 4394 313 4459 N.
350 4397 605 4466 Heinsius
661 4424 838 4469 more
884 4425 998 4469 suo
1046 4425 1163 4489 pro
1213 4404 1387 4467 belbas
1434 4406 1667 4468 conicit
1712 4402 1857 4467 belbe?
1875 4452 1890 4481 ,
1942 4426 2089 4468 cum
2139 4403 2376 4469 SiJium
2420 4403 2550 4487 ple-
