3192 5009
1084 323 1287 375 sams
1332 325 1648 375 rrxmcns.
2427 302 2556 370 195

194 496 405 573 Recte,
468 496 705 581 opinor,
772 494 1100 558 Bentleius
1146 493 1514 558 emendavit
1562 499 1646 556 at.
1697 490 2122 577 Opponuntur
2169 492 2348 555 enim‘
2389 493 2561 555 inter

192 623 313 665 sese
370 600 637 665 humilis
698 603 881 687 origo
943 599 1245 665 Varronis
1310 605 1377 665 et
1423 598 1654 686 lingua
1696 618 1946 685 procax.
1995 598 2333 663 Praeterea
2381 604 2559 682 atque

193 706 505 792 displicet:
555 709 943 792 praestiterit
987 708 1254 771 fortasse
1302 728 1573 790 namque.

276 896 433 961 266:
539 933 1167 947 —————
1214 896 1479 963 sedeone
1526 919 1608 958 an
1655 894 1986 959 montibus
2034 888 2220 957 erro?

196 1002 637 1087 Recipiendum
674 1002 949 1079 videtur,
994 1002 1164 1087 quod
1204 1001 1283 1066 N.
1325 1002 1634 1067 Heinsius
1675 1001 1946 1065 coniecit
1985 1022 2090 1075 ac,
2134 1019 2284 1063 cum
2307 1019 2402 1063 vs.
2430 995 2562 1063 268

200 1109 442 1173 demum
504 1108 783 1173 alterum
844 1112 1367 1195 interrogationis
1428 1109 1798 1173 membrum
1845 1112 2167 1191 sequatur.
2233 1104 2567 1169 Livineius

201 1218 529 1281 coniecerat
554 1223 679 1278 aut.
730 1215 1001 1279 Prorsus
1026 1215 1252 1281 eodem
1275 1215 1465 1281 modo
1492 1215 1661 1299 apud
1687 1214 1864 1279 Suet.
1891 1214 2066 1297 Aug.
2093 1210 2202 1288 86,
2230 1212 2342 1277 ubi
2367 1208 2564 1277 Codd.

202 1321 412 1385 habent
456 1345 578 1418 an3
624 1322 725 1385 vir
770 1318 868 1386 Ol.
918 1320 1183 1385 Boetius
1228 1320 1394 1407 leg-it
1442 1343 1550 1398 ac,
1601 1319 1898 1385 Bremius
1936 1316 2180 1399 (Turici
2211 1316 2413 1398 1820)
2439 1324 2566 1382 aut.

282 1510 439 1575 309:
545 1549 631 1559 —
680 1549 765 1559 —
816 1548 902 1558 —
952 1546 1037 1557 —
1084 1512 1614 1594 exspectaturque
1665 1509 1784 1573 sub
1831 1508 1958 1571 ictae

542 1616 728 1682 Alter
774 1615 1155 1681 Flaminius.

209 1722 401 1787 Nonne
449 1723 928 1789 rescribendum
974 1729 1072 1787 est
1116 1722 1221 1785 sub
1267 1720 1449 1784 ictum
1466 1768 1482 1798 ‚
1532 1742 1684 1785 cum
1732 1721 1924 1786 verbo
1971 1722 2377 1806 exspectandi
2422 1743 2574 1807 quo-

212 1826 521 1894 dammodo
586 1829 892 1895 movendi
950 1830 1128 1893 notio
1176 1824 1621 1892 contineatur?
1670 1825 1766 1893 Of.
1816 1825 1962 1891 Tac.
2013 1826 2176 1891 Ann.
2227 1827 2407 1893 XIII.
2463 1826 2568 1893 39.

290 2032 443 2098 310:
555 2068 1180 2081 —————
1228 2036 1501 2116 quantos
1524 2078 1540 2108 ,
1589 2032 1845 2107 insane,
1896 2029 2076 2093 ciebis
2121 2098 2126 2103 ,

547 2138 744 2202 Varro
764 2186 780 2215 ‚
828 2141 1002 2203 viros
1022 2186 1039 2215 ,
1089 2143 1163 2201 tu
1213 2145 1353 2222 (pro
1402 2136 1659 2221 Superi)
1711 2142 1784 2199 tu
1831 2157 2070 2220 pronus
2114 2138 2180 2201 in
2227 2135 2451 2202 arma?

220 2242 303 2307 Sic
354 2245 523 2309 hunc
572 2243 792 2309 locum
836 2246 1075 2329 partim
1121 2244 1405 2308 adhibita
1452 2241 1531 2306 N.
1578 2242 1833 2307 Heinsii
1881 2246 2244 2308 coniectura
2288 2246 2576 2309 restituit

222 2348 279 2413 1..
316 2348 613 2415 Bauerus.
685 2348 809 2415 Sed
858 2371 1001 2414 meo
1042 2350 1280 2414 iudicio
1327 2348 1613 2414 nondum
1662 2353 1922 2413 sanatus
1969 2354 2085 2414 est.
2151 2349 2320 2429 Quid
2366 2354 2538 2416 enim
2556 2401 2573 2430 ,

224 2476 421 2539 quaeso
438 2505 455 2534 ,
507 2457 629 2521 hoc
679 2462 981 2521 contextu
1032 2457 1155 2521 sibi
1193 2455 1371 2521 vult:
1414 2462 1665 2541 quantos
1703 2454 1864 2519 viros
1901 2455 2130 2519 ciebis?
2176 2455 2576 2545 Languidius

228 2562 349 2645 quid
382 2566 491 2627 vix
531 2564 805 2649 cogitari
841 2567 1073 2648 potest.
1124 2561 1280 2627 Vide
1321 2564 1729 2646 scripseritne
1765 2560 1999 2626 Silius:
2041 2570 2323 2647 quantos,
2365 2567 2580 2629 insane

228 2670 441 2731 necabis.
494 2666 681 2747 Quod
732 2670 785 2732 si
831 2667 1069 2753 legeris
1088 2716 1104 2745 ,
1154 2670 1255 2733 vis
1299 2666 1426 2733 loci
1464 2664 1868 2752 summopere
1899 2674 2195 2754 augetur.
2245 2669 2577 2735 Facillime

229 2774 505 2840 eiusmodi
552 2777 719 2839 vitia
765 2777 938 2839 nasci
984 2780 1271 2860 possunt.
1324 2772 1419 2839 Of.
1471 2773 1755 2859 exempli
1801 2777 2014 2860 gratia
2051 2774 2167 2840 Sil.
2195 2774 2365 2839 VIII.
2409 2773 2574 2841 387:

230 2883 515 2967 saevitque
554 2882 627 2943 in
664 2881 924 2961 imaqine
942 2928 957 2957 ,
1000 2881 1115 2946 ubi
1150 2880 1327 2945 codd.
1354 2878 1516 2946 LFO
1552 2880 1888 2945 exhibent:
1927 2884 2255 2967 saevitque
2280 2882 2576 2964 immine,-

232 2982 359 3049 stat.
404 2988 559 3051 Ach.
610 2985 662 3050 I.
706 2984 814 3050 43.
879 2984 1130 3051 Literae
1178 3010 1252 3050 ne
1298 3008 1449 3051 cum
1496 2984 1698 3051 semel
1742 2987 2162 3065 excidissent,
2214 2990 2393 3054 verbi
2433 3009 2579 3075 pars

232 3089 435 3179 reliqua
480 3093 644 3157 cab-is
694 3090 996 3158 facillime
1044 3097 1367 3181 corrumpi
1411 3096 1625 3179 potuit
1672 3095 1741 3157 in
1789 3093 1987 3157 ciebis.

308 3280 455 3347 323:
556 3282 773 3348 Tertia
819 3286 931 3347 vix
978 3286 1269 3367 superest
1288 3330 1305 3359 ,
1354 3284 1536 3345 crudo
1586 3304 1747 3367 quae
1793 3285 1974 3347 venit
2021 3283 2246 3348 Hibero

558 3388 773 3454 Turba
822 3392 1060 3454 virum.

240 3488 385 3567 Quod
449 3496 527 3559 ad
596 3494 709 3559 Sil.
771 3495 886 3560 III.
952 3494 1085 3560 224
1152 3496 1578 3559 conieceram:
1644 3494 1730 3559 Et
1793 3515 1950 3580 quas
2009 3495 2333 3561 indomitus
2380 3501 2584 3564 turbas

242 3603 467 3663 armarit
528 3602 788 3664 Hiberus
851 3604 945 3681 (in
1010 3600 1185 3665 codd.
1250 3599 1469 3665 LFOV
1518 3608 1649 3665 est:
1715 3600 1802 3664 Et
1849 3622 2005 3686 quas
2051 3602 2362 3668 indomitis
2411 3608 2583 3669 urbes

246 3708 464 3770 armarit
508 3707 792 3785 Hiberi-s,
843 3729 993 3772 cum
1040 3704 1174 3773 001.
1226 3707 1526 3772 exhibeat
1576 3708 1888 3787 Hiberas),
1938 3708 2003 3772 id
2051 3709 2155 3774 hic
2198 3710 2407 3791 locus,
2457 3716 2583 3778 nisi

246 3808 609 3878 vehementer
672 3812 878 3890 fallor,
940 3812 1115 3877 haud
1160 3812 1567 3877 mediocriter
1611 3812 1961 3878 confirmat.
2023 3816 2253 3880 Crudus
2298 3821 2471 3883 enim
2519 3826 2585 3884 et

248 3916 527 3982 ndomita-e
570 3920 743 3985 idem
790 3920 918 3984 fere
968 3918 1352 4006 significant.

320 4101 466 4171 372:
567 4107 709 4172 Non
755 4107 889 4173 illis
935 4108 1205 4173 solitum
1252 4111 1525 4193 crispare
1572 4106 1832 4172 hastilia
1878 4130 2102 4196 campo

564 4213 697 4279 Nec
740 4236 881 4279 mos
926 4217 1288 4301 pennigeris
1334 4216 1700 4300 pharetram
1749 4214 2117 4300 implevisse
2159 4221 2415 4305 sagittis
2431 4240 2447 4297 ;

568 4320 711 4384 Pila
754 4318 963 4384 volumi}
1006 4322 1438 4406 brevibusque
1486 4321 1730 4385 habiles
1778 4323 2189 4388 mucronibus
2237 4346 2434 4391 enses.

259 4412 395 4485 Olim
454 4423 757 4503 (Quaestt.
821 4426 1046 4491 Sfflan.
1112 4449 1175 4512 p.
1229 4426 1341 4507 90)
1406 4427 1772 4510 suspicabar
1825 4449 1938 4513 pro
1989 4429 2197 4493 vobant
2243 4430 2588 4516 legendum
