3192 5009
1363 328 1585 378 miro,
2537 308 2663 377 161

290 491 645 579 elegantior
702 496 1043 557 structura.
1090 491 1333 559 Deinde
1380 493 1810 559 observandus
1858 495 2076 558 varius
2123 493 2466 558 verborum
2513 493 2666 559 ordo

292 620 355 661 ου
403 622 478 661 αν
523 621 615 669 τις
664 602 899 675 αψαιτο
946 619 1060 683 pro
1103 594 1172 662 οὗ
1217 620 1311 669 τις
1358 598 1435 663 ἂν
1484 596 1746 678 ἅψαιτο.
1794 599 2129 664 Postremo
2169 599 2443 664 editores
2483 620 2670 665 anno-

290 708 431 768 tant
486 707 555 768 in
615 724 857 790 papyro
916 706 1085 771 inter
1146 708 1385 783 αψαιτο
1449 710 1515 770 et
1576 729 1682 769 και
1730 710 1931 785 φαγοι
1983 707 2268 791 spatium
2316 726 2450 772 esse
2499 706 2670 791 quod

289 815 403 875 aut
447 811 549 874 καὶ
597 810 707 875 ἴδοι
757 816 869 877 aut
917 811 1021 876 καὶ
1071 812 1192 875 πίοι
1239 814 1539 897 recipiat,
1586 834 1713 877 non
1762 833 1912 877 vero
1959 818 2327 899 utrumque.

380 915 461 981 81
492 916 564 981 Β.
629 918 699 981 τὸ
765 917 829 981 δὲ
888 924 1015 987 τοῖς
1078 915 1321 993 ὄμμασι
1386 917 1678 989 σκοτῶδες
1747 918 1848 981 κα)
1915 918 2152 997 decue,
2201 918 2406 992 νοητὸν
2452 918 2514 982 δὲ
2563 921 2665 983 καὶ

288 1024 634 1107 φιλοσοφία
702 1023 956 1102 αἱρετόν.
1020 1023 1397 1090 Rectissime
1446 1025 1602 1089 haec
1649 1024 1851 1111 vulgo
1900 1030 2310 1109 opponuntur
2327 1044 2342 1103 ;
2395 1046 2668 1110 pravum

288 1136 385 1196 est
446 1130 619 1215 quod
677 1150 821 1216 pap.
881 1152 993 1217 pro
1041 1131 1387 1214 φιλοσοφίᾳ
1434 1132 1628 1197 habet
1675 1132 1888 1215 σοφίᾳ.
1961 1130 2220 1195 Etenim
2265 1128 2670 1217 philosophia

287 1241 383 1301 est
442 1242 775 1322 tamquam
830 1238 1333 1301 instrumentum
1352 1285 1369 1314 ‚
1433 1258 1560 1323 quo
1621 1236 1813 1301 homo
1880 1238 2103 1321 arripit
2149 1256 2222 1301 ea
2269 1256 2428 1322 quae
2475 1238 2670 1301 nimis

285 1342 419 1405 sint
478 1339 739 1405 subtilia
797 1361 992 1427 quam
1051 1348 1127 1405 ut
1184 1362 1440 1427 corpore
1505 1341 1890 1427 deprehendi
1952 1344 2214 1427 possint.
2289 1340 2668 1408 Rectissime

286 1468 442 1535 ergo
482 1469 631 1513 cum
670 1455 857 1511 mente
894 1448 1006 1529 (τῷ
1033 1451 1135 1527 νῷ)
1174 1450 1575 1533 componitur
1615 1454 1680 1513 et
1721 1446 1924 1512 oculis
1949 1450 2311 1533 opponitur.
2359 1448 2436 1513 cf.
2479 1447 2567 1514 82
2592 1448 2666 1513 Β.

288 1551 355 1628 ἐξ
418 1553 577 1625 ἔθους
645 1577 714 1617 τε
777 1556 877 1616 καὶ
943 1553 1211 1627 μελέτης
1260 1562 1594 1632 γεγονυῖαν
1643 1550 1789 1618 ἄνευ
1839 1557 2220 1633 φιλοσοφίας
2269 1578 2339 1619 τε
2389 1555 2492 1618 καὶ
2545 1558 2665 1619 νοῦ.

287 1658 702 1745 Philosophia
769 1665 989 1724 autem
1057 1659 1321 1725 subtilia
1388 1659 1503 1724 illa
1566 1663 1805 1725 sensim
1866 1662 2174 1746 arripiens
2236 1659 2494 1726 tandem
2559 1660 2669 1735 rino

286 1767 516 1844 σοφίαν
562 1769 749 1851 parit.

378 1871 461 1938 81
491 1870 561 1939 G.
629 1871 779 1937 οὕτω
841 1871 907 1945 δὴ
971 1870 1237 1953 ἔχουσαν
1301 1871 1403 1937 οἴει
1453 1874 1670 1954 ψυχὴν
1721 1872 1911 1945 αὐτὴν
1959 1873 2097 1937 καθ’
2142 1874 2334 1948 αὐτὴν
2383 1874 2666 1951 εἰλικρινῆ

287 1977 796 2056 ἀπαλλάξεσθαι.
859 1976 1063 2044 Solito
1128 1999 1337 2044 errore
1396 1982 1465 2043 in
1526 1978 1659 2044 cod.
1710 1977 1788 2043 D.
1853 1977 2098 2065 legitur
2142 1978 2665 2057 ἀνταλλάξασθαι.

286 2082 522 2150 Sanam
568 2083 909 2149 lectionem
955 2104 1239 2171 papyrus
1285 2087 1513 2150 servat.

375 2191 461 2255 ib.
514 2189 793 2268 ἐμβριθὲς
843 2189 906 2253 δέ
952 2214 1068 2268 γε,
1117 2185 1159 2254 ὦ
1206 2194 1395 2270 φίλε,
1440 2196 1621 2255 τοῦτο
1667 2190 1888 2254 οἴεσθαι
1937 2190 2059 2271 χρὴ
2112 2185 2284 2255 εἶναι.
2347 2188 2667 2255 Vocabula

285 2293 329 2360 ὦ
376 2298 530 2373 φίλε
575 2299 644 2360 in
692 2316 934 2382 papyro
980 2302 1093 2361 aut
1139 2296 1369 2361 desunt
1414 2301 1527 2361 aut
1574 2296 1730 2361 alibi
1767 2298 2001 2383 scripta
2037 2295 2316 2361 fuerunt.
2367 2294 2490 2361 Sed
2527 2317 2668 2381 pro·

282 2402 559 2468 babih'us
606 2423 933 2487 nunquam
981 2404 1217 2490 scripta
1264 2402 1496 2467 fuisse:
1546 2401 1780 2467 similis
1815 2405 1991 2467 enim
2030 2404 2392 2467 omissionis
2433 2408 2498 2467 et
2540 2401 2667 2468 alia

284 2513 627 2574 occurrunt
672 2506 984 2594 exempla.

374 2611 403 2679 ὃ
476 2615 545 2688 δὴ
610 2613 713 2678 καὶ
779 2610 1013 2695 ἔχουσα
1076 2616 1109 2688 ἦ
1174 2613 1426 2687 τοιαύτη
1490 2615 1672 2694 ψυχὴ
1731 2615 2073 2695 βαρύνεταί
2133 2640 2204 2679 τε
2254 2614 2358 2679 καὶ
2407 2613 2660 2682 ἕλκεται

282 2721 477 2786 πάλιν
524 2721 607 2791 εἰς
663 2721 766 2784 τὸν
811 2721 1021 2801 ὁρατὸν
1065 2719 1267 2797 τόπον,
1310 2719 1493 2800 φόβῳ
1531 2726 1635 2785 τοῦ
1675 2721 1913 2791 ἀειδοῦς
1953 2746 2023 2785 τε
2063 2722 2166 2786 καὶ
2207 2719 2438 2800 “Adam
2463 2717 2662 2800 ὥσπερ

280 2828 581 2904 λέγεται,
651 2826 783 2907 περὶ
854 2828 937 2889 τοὶ
1012 2826 1317 2902 μνήματά
1386 2851 1452 2890 τε
1518 2828 1623 2893 καὶ
1688 2826 1826 2899 τοὺς
1892 2826 2133 2905 τάφου-ς
2199 2826 2660 2904 καλινδουμὲνη.

280 2934 441 2999 Post
508 2933 661 2999 haec
680 2982 694 3010 ‚
766 2953 927 3018 quae
995 2935 1062 2996 in
1133 2953 1373 3019 papyro
1443 2936 1858 3009 interierunt,
1931 2936 2221 3020 sequitur
2287 2933 2462 2999 locus
2527 2940 2663 3000 tam

276 3043 535 3126 ineptus
594 3045 669 3103 ut
730 3059 767 3104 a
824 3038 1091 3105 Platone
1137 3042 1445 3124 scriptum
1490 3060 1818 3125 nunquam
1867 3039 2278 3117 crediderim;
2327 3060 2664 3127 argumen-

278 3152 428 3210 tum
488 3148 659 3211 enim
724 3146 994 3231 dignum
1038 3153 1133 3209 est
1180 3166 1307 3211 uno
1352 3167 1430 3211 ex
1476 3145 1819 3211 malesanis
1863 3148 2008 3210 istis
2055 3145 2424 3211 hominibus
2441 3195 2456 3223 ,
2505 3168 2662 3232 quos

278 3254 349 3317 in
396 3250 821 3336 Philopseude
867 3256 1181 3337 nugantes
1227 3251 1476 3316 inducit
1514 3252 1836 3317 Lucianus
1853 3300 1868 3328 ,
1911 3272 2120 3317 sermo
2157 3273 2308 3317 vero
2350 3252 2660 3317 absurdus

281 3362 349 3423 et
393 3356 692 3443 putu-ihs,
740 3378 864 3421 non
909 3355 1233 3441 loquentis
1278 3357 1388 3422 sed
1433 3357 1884 3423 balbutientis:
1945 3358 2074 3434 περὶ
2124 3348 2167 3422 ἃ
2214 3358 2286 3431 δὴ
2335 3357 2440 3421 καὶ
2489 3356 2655 3435 ὤφθη

280 3461 457 3528 ἄττα
514 3468 735 3544 ψυχῶν
793 3465 1053 3535 σκιοειδῆ
1115 3464 1597 3543 φαντάσματα)
1663 3459 1760 3528 οἷοι
1823 3462 2204 3545 παρέχονται
2258 3464 2324 3527 αἱ
2371 3468 2657 3528 τοιαῦται

280 3571 489 3649 ψυχαὶ
560 3569 819 3645 εἴδωλα,
892 3569 957 3632 αἱ
1029 3570 1117 3644 μὴ
1190 3572 1463 3647 καθαρῶς
1538 3570 1942 3633 ἀπολυθεῖσαι
2014 3572 2192 3633 ἀλλὰ
2260 3574 2364 3632 τοῦ
2440 3569 2655 3644 ὁρατοῦ

280 3674 701 3755 μετέχουσαι,
766 3674 849 3738 διὸ
916 3681 1018 3738 καὶ
1068 3676 1335 3755 ὁρῶνται.
1385 3676 1571 3741 Nunc
1617 3676 1801 3741 video
1847 3680 2297 3761 pervetustum
2345 3696 2478 3739 esse
2529 3696 2658 3741 em-

278 3781 490 3847 blema
507 3830 523 3858 ,
571 3802 716 3867 pars
764 3764 935 3846 enim
981 3783 1119 3845 eius
1167 3784 1235 3845 in
1281 3802 1522 3867 papyro
1570 3784 1976 3865 conspicitur,
2027 3781 2137 3846 sed
2183 3784 2278 3845 ita
2323 3786 2400 3844 ut
2447 3786 2659 3845 totum

277 3888 613 3954 turbatum
655 3886 1129 3972 laceratumque
1175 3887 1371 3952 fuisse
1420 3895 1738 3972 appareat.
1788 3886 2085 3952 Primum
2131 3890 2201 3951 in
2245 3907 2486 3973 papyro
2513 3908 2657 3953 non

276 4001 373 4059 est
412 3995 635 4073 ψυχῶν
672 3993 927 4062 σκιοειδῆ
966 3992 1449 4071 φαντάσματα,
1484 3992 1591 4058 sed
1634 3997 1854 4073 ψυχῶν
1891 3993 2340 4071 φαντάσματα
2374 3993 2656 4066 σκιοειδῆ.

278 4100 417 4165 Hoc
459 4099 633 4177 leve;
684 4100 1100 4185 gravissimae
1144 4119 1297 4164 vero
1344 4098 1738 4184 corruptelae
1773 4099 2007 4165 indicio
2049 4104 2199 4164 sunt
2235 4097 2458 4164 literae
2497 4120 2660 4185 quae

274 4210 345 4271 in
417 4226 659 4293 papyro
732 4204 871 4269 loco
934 4204 1225 4270 vocabuli
1288 4199 1386 4269 οἶα
1448 4204 1792 4292 leguntur:
1871 4254 1885 4271 .
1919 4254 1932 4269 .
1964 4254 1978 4269 .
2005 4215 2144 4280 ταφ
2176 4252 2372 4269 .....
2393 4248 2416 4269 -.
2445 4208 2654 4269 σθενει.

276 4312 457 4377 Istud
547 4319 767 4377 autem
847 4358 863 4375 .
893 4360 907 4375 .
937 4360 951 4375 .
994 4320 1133 4390 ταφ
1180 4358 1372 4377 .....
1453 4310 1522 4377 G.
1588 4308 1662 4377 O.
1725 4311 1962 4377 Purser
2043 4314 2133 4376 sic
2211 4309 2469 4397 supplet
2542 4318 2655 4377 τῶν

276 4422 465 4502 ουτ]ω
532 4418 901 4501 ταφ[έντων.
967 4416 1072 4483 Sic
1134 4424 1349 4483 tamen
1371 4424 1592 4516 ‘restat
1640 4420 1838 4483 etiam
1882 4418 2060 4483 istud
2107 4419 2399 4500 [α]σθενει
2448 4438 2482 4482 e
2530 4439 2655 4503 quo

2307 4538 2368 4587 ll
