3192 5009
1034 328 1119 376 AD
1164 326 1515 375 ms'romm
1560 323 1896 373 solmam.
2525 306 2657 373 213

372 496 447 561 In
506 498 889 561 testimoniis
951 496 1027 560 de
1073 494 1402 580 Sophoclis
1446 498 1746 579 praetura
1793 491 2122 557 afferendis
2166 492 2471 559 hactenus
2517 514 2660 559 con·

272 602 454 668 sulto
516 605 703 667 omisi
765 602 1111 689 Biographi
1172 600 1397 665 verba:
1465 599 1834 682 Sophoclem,
1883 622 2012 661 eum
2058 622 2245 662 annos
2289 606 2468 663 natus
2513 606 2662 663 esset

268 709 593 789 samaqinta
636 731 837 771 novem
854 758 869 786 ,
918 715 1137 790 septem
1184 707 1362 771 annis
1408 714 1547 769 ante
1591 706 1806 769 belham
1853 704 2414 787 Peloponnesiacum
2431 756 2446 784 ,
2479 730 2661 789 prae-

266 822 460 879 torem
505 822 765 878 creatum
801 836 922 878 esce
958 814 1026 877 in
1064 814 1215 877 bello
1254 815 1538 877 adversus
1576 811 1895 875 Ananiam.
1947 809 2448 898 corruptissima
2487 816 2658 879 enim

264 921 433 985 haec
501 940 635 985 esse
704 926 770 985 et
838 918 1119 984 adversis
1188 918 1503 983 frontibus
1570 938 1788 982 secum
1854 938 2141 1003 pugnare
2200 920 2369 983 inter
2439 939 2658 985 omnes

264 1032 543 1103 constat,
591 1048 704 1092 nec
752 1027 877 1091 nisi
921 1025 997 1091 de
1044 1028 1287 1090 ratione
1332 1024 1694 1110 corrigendi
1742 1023 2021 1088 dubitari
2063 1030 2292 1109 potest.

369 1132 613 1218 Nempe
683 1154 797 1219 pro
856 1133 1173 1212 sexayinta
1235 1134 1454 1215 reponi
1512 1130 1699 1195 video
1761 1130 2232 1215 quinquaqinta,
2298 1152 2412 1216 pro
2459 1153 2660 1194 novem

264 1262 356 1305 ex
403 1238 546 1303 aliis
587 1237 768 1303 libris
814 1238 1073 1324 quinque
1100 1235 1172 1318 ¹),
1222 1260 1334 1324 pro
1381 1244 1602 1319 septem
1648 1258 1799 1301 vero
1845 1259 2046 1300 novem
2073 1234 2145 1317 ²),
2193 1257 2309 1321 pro
2359 1237 2660 1301 Ananiam

265 1346 549 1431 denique
611 1348 875 1409 Anae-am
902 1342 951 1425 3)
1011 1344 1113 1409 vel
1180 1347 1413 1408 Anaeoo
1438 1343 1491 1425 ⁴)
1556 1341 1662 1409 vel
1722 1342 1946 1406 Samios
1970 1345 2024 1423 ⁵)
2085 1341 2192 1408 vel
2241 1343 2557 1408 Prianicoc
2581 1350 2654 1425 ⁸).

266 1452 365 1516 At
411 1451 529 1516 hoc
572 1451 803 1516 iudicis
850 1457 947 1515 est
990 1472 1112 1515 non
1161 1453 1616 1536 interrogantis
1664 1455 1858 1514 testes
1897 1448 2004 1514 sed
2042 1449 2214 1514 ultro
2256 1471 2659 1535 corrumpen-

264 1560 395 1623 tis:
462 1561 663 1622 miror
724 1577 874 1623 vero
934 1557 1347 1643 Lessingium
1368 1606 1381 1633 ‚
1453 1558 1813 1621 acutissimi
1858 1557 2101 1642 ingenii
2146 1560 2393 1634 virum,
2443 1564 2657 1622 tantae

262 1664 563 1729 libidinis
632 1670 953 1729 auctorem
1024 1666 1331 1729 extitisse.
1404 1662 1724 1747 Equidem
1795 1683 2132 1749 agnoscere
2203 1663 2366 1728 mihi
2435 1663 2658 1728 videor

261 1772 763 1855 epitomatorem
822 1770 1071 1834 diversa
1134 1769 1209 1835 de
1263 1770 1531 1833 diversis
1579 1771 1894 1854 praeturis
1943 1770 2312 1834 testimonia
2357 1770 2658 1834 contami-

271 1880 541 1941 nantem
604 1882 669 1941 et
730 1875 808 1940 ad
856 1896 1051 1939 unam
1100 1881 1499 1960 praeturam,
1550 1894 1712 1959 quae
1759 1876 2040 1939 maxime
2087 1880 2238 1939 nota
2286 1882 2453 1951 erat,
2504 1876 2658 1940 refe-

258 1988 555 2059 rentem,
619 1980 689 2046 id
750 1981 920 2067 quod
976 1984 1173 2047 etiam
1221 1984 1289 2044 in
1334 1981 1799 2045 narrationibus
1847 1979 1923 2045 de
1971 1979 2274 2065 Aeschyli
2318 1982 2655 2047 itineribus

262 2089 511 2155 Siculis
574 2090 819 2153 factum
877 2110 1013 2153 esse
1076 2087 1339 2152 antehac
1387 2087 1817 2151 demonstrare
1864 2086 2084 2151 studui
2129 2086 2286 2166 (vid.
2337 2086 2654 2153 Mnemoa

268 2194 459 2260 1890
504 2216 651 2281 pag.
704 2193 789 2259 68
817 2199 1002 2279 sqq.).

366 2300 534 2365 Nam
584 2302 648 2365 et
693 2321 857 2365 anno
903 2302 1075 2365 vitae
1124 2301 1597 2385 septuagesimo
1638 2304 1996 2385 praetorem
2038 2300 2232 2365 fuisse
2275 2298 2654 2386 Sophoclem

272 2408 571 2483 arbitror,
638 2409 701 2471 et
768 2411 1015 2491 septem
1078 2408 1257 2470 annis
1304 2414 1449 2470 ant-e
1496 2404 1741 2470 bellum
1785 2404 2392 2491 Peloponnesiacum
2411 2456 2426 2484 ,
2479 2409 2542 2471 et
2588 2410 2654 2472 in

268 2514 444 2580 bello
516 2520 735 2579 contra
804 2516 1130 2599 regionem
1199 2512 1418 2589 illam,
1493 2515 1676 2577 cuius
1736 2533 1965 2577 nomen
2026 2511 2242 2577 latitat
2296 2516 2366 2577 in
2420 2514 2653 2580 litteris

268 2622 534 2684 ἀνανιαν
604 2618 709 2686 vel
780 2620 1081 2696 ἀρωνικσν,
1149 2639 1305 2704 quas
1377 2619 1679 2704 praebent
1741 2619 1984 2685 codices
2046 2622 2423 2685 recentiores
2486 2620 2652 2685 unde

267 2724 605 2813 Sophoclis
654 2728 823 2802 vita,
872 2746 1033 2810 quae
1078 2728 1145 2789 in
1192 2724 1621 2790 Laurentiano
1668 2746 1790 2789 non
1839 2731 2047 2801 extat,
2095 2725 2444 2791 haurienda
2488 2733 2604 2792 est.

363 2833 547 2896 Anno
594 2830 746 2908 426,
796 2834 1021 2896 aetatis
1068 2834 1543 2917 septuagesimo
1562 2879 1578 2908 ,
1629 2830 1786 2896 belli
1833 2838 2045 2907 sexto,
2096 2853 2244 2895 cum
2293 2839 2435 2917 post
2481 2834 2652 2897 Peri-

263 2938 386 3003 clis
460 2942 735 3001 mortem
805 2939 874 3000 in
936 2934 1120 3001 Nicia
1182 2958 1439 3002 summa
1496 2943 1664 3002 esset
1725 2957 1899 3021 spes,
1965 2936 2310 3021 Sophocles
2373 2956 2654 3003 'mamm

262 3050 524 3131 praetor
569 3051 666 3108 est
711 3050 959 3108 creatus
1008 3043 1361 3123 (Plutarch.
1418 3042 1638 3119 533b).

361 3152 547 3215 Anno
612 3148 763 3226 441,
827 3152 1053 3214 aetatis
1100 3152 1632 3237 quinquagesimo
1681 3153 1934 3235 quinto,
1983 3158 2230 3236 septem
2278 3154 2458 3217 annis
2507 3160 2652 3219 ante

262 3255 518 3321 bellum
556 3255 1163 3340 Peloponnesiacum
1182 3304 1197 3333 ‚
1242 3259 1298 3320 si
1338 3257 1417 3321 ad
1458 3256 1622 3321 illud
1665 3256 1908 3321 bellum
1951 3259 2314 3322 referuntur
2340 3260 2423 3323 τὰ
2451 3284 2653 3337 κερκυ-

263 3364 453 3439 ραϊκὰ
476 3410 491 3438 ,
543 3361 610 3425 id
658 3361 824 3446 quod
869 3361 1020 3427 fecit
1067 3364 1351 3427 comicus
1401 3363 1546 3428 Pac.
1599 3384 1690 3427 vs.
1736 3361 1888 3439 990,
1930 3362 2274 3448 Sophocles
2313 3382 2652 3432 sncmmtm

264 3472 569 3555 praetura
614 3466 872 3532 functus
918 3472 1015 3531 est
1034 3516 1049 3544 ,
1099 3488 1249 3532 cum
1296 3468 1550 3533 biennio
1597 3474 1743 3534 ante
1787 3470 2238 3533 hellenotamiae
2283 3471 2525 3537 fuisset.

341 3711 397 3774 1)
428 3710 508 3759 Sic
540 3710 736 3775 Iacesing
768 3711 819 3759 in
852 3710 1101 3775 Sophoclis
1135 3712 1261 3769 vita,
1297 3712 1415 3760 item
1452 3712 1505 3761 F.
1541 3712 1736 3763 Schultz
1771 3729 1816 3778 p.
1851 3714 1932 3762 46.

340 3793 397 3854 2)
438 3792 626 3856 Bergk,
676 3793 789 3841 item
836 3792 1045 3842 Ribbeck
1088 3794 1149 3842 od
1196 3794 1401 3843 Acharn.
1438 3810 1484 3859 p.
1523 3794 1638 3845 237.
1673 3822 1740 3832 -
1775 3794 1970 3844 Kolisch
2007 3812 2120 3845 vero
2155 3797 2214 3845 de
2245 3797 2494 3863 Sophoclis
2526 3814 2649 3849 anno

270 3874 425 3923 nauli
459 3892 504 3939 p.
546 3876 605 3923 18
640 3879 740 3923 τῶν
773 3881 1231 3933 manaurae-taxant
1264 3874 1369 3925 'lna
1406 3875 1458 3941 ζ’
1495 3877 1759 3943 proposuit.

341 3958 395 4017 8)
432 3956 691 4006 Turnebus.

338 4040 396 4102 4)
433 4039 625 4087 Bocckh
662 4038 885 4103 Antigon.
924 4055 969 4104 p.
1010 4040 1119 4089 142.
1156 4062 1221 4082 -υ
1260 4040 1390 4089 Vere
1424 4040 1664 4089 Seidlorus
1699 4039 1991 4100 observavit,
2031 4044 2299 4093 Attacorum
2333 4044 2407 4093 vel
2443 4046 2652 4095 Anai'ta-

272 4136 375 4169 νισι
420 4136 590 4170 nomen
626 4121 677 4169 in
714 4120 1115 4186 Peloponnesiaco
1148 4122 1339 4171 demum
1375 4122 1501 4171 bello
1536 4123 1681 4172 semel
1716 4133 1762 4172 ct
1797 4125 1975 4173 iterum
2009 4126 2134 4189 apud
2167 4126 2488 4188 Thucydidem
2526 4144 2650 4177 com·

270 4205 552 4262 memorari,
600 4220 754 4269 neque
799 4203 951 4268 igitur
996 4205 1218 4269 cuiquam
1252 4206 1303 4253 iu
1340 4210 1548 4255 montem
1584 4207 1794 4272 potuisse
1827 4208 1990 4256 venire
2027 4209 2096 4256 τὰ
2133 4205 2182 4255 ἐν
2216 4206 2368 4269 Σάμῳ
2405 4209 2652 4274 designare

270 4285 469 4335 mirifico
503 4287 694 4335 nomine
727 4288 819 4334 τοῦ
856 4286 975 4347 πρὸς
1012 4286 1211 4335 Ἀναίαν
1245 4284 1485 4349 πολέμου.

337 4372 389 4427 5)
421 4368 661 4417 Scidlerua
692 4369 744 4417 in
782 4369 1051 4417 Hermanni
1086 4369 1313 4431 Antigon.
1350 4386 1396 4434 p.
1436 4372 1516 4420 24.
1559 4371 1688 4420 Huic
1724 4372 1990 4423 assentitur
2023 4371 2161 4422 Jebb.

342 4450 396 4517 6)
432 4449 539 4514 πιρῖ
570 4454 853 4514 Πριανικῶν,
890 4451 1005 4501 Wex
1040 4450 1171 4503 Prol.
1212 4452 1437 4521 Antigon.
1472 4468 1519 4519 1².
1558 4453 1635 4505 19.
