3192 5009
592 216 721 282 190
1540 234 1986 285 ARISTOTELES.

581 403 881 467 creandos
939 404 1359 489 magistratus
1421 404 1533 487 qui
1596 406 1907 471 exercitui
1972 410 2036 469 et
2096 402 2285 469 classi
2343 405 2642 489 praesint.
2691 402 2989 491 Egregie

580 508 728 573 hinc
810 508 1222 573 confirmatur
1302 508 1371 572 id
1457 508 1628 593 quod
1709 514 1854 595 post
1937 506 2016 575 G.
2088 509 2520 575 HERMANNUM
2593 510 2988 575 Summanu

576 613 989 679 Kamisa-nm
1049 613 1371 680 contendit
1425 617 1531 679 vir
1590 617 2044 701 sagacissimus
2109 615 2435 681 thnmffl
2499 614 2888 683 S‘rnuunms
2919 616 2986 698 ¹),

578 721 697 785 sub
758 721 990 784 hiemis
1052 720 1244 785 finem
1303 726 1545 784 creatos
1591 741 1728 785 esse
1776 729 2092 808 strategos
2137 727 2499 808 ceterosque
2546 725 2986 809 magistratus

579 825 891 892 militares
908 875 925 904 ,
972 826 1087 890 fflo
1135 828 1285 891 anni
1332 832 1621 913 tempore
1669 848 1794 912 quo
1843 834 1909 892 et
1955 829 2203 894 civibus
2251 835 2417 894 esset
2457 832 2668 893 otium
2727 829 2816 894 ad
2883 850 2986 894 ur-

577 934 726 997 bem
785 933 1111 998 visendam
1133 982 1150 1011 ,
1214 936 1355 1020 ag'ri
1417 936 1591 999 enim
1653 939 1805 999 tunc
1867 934 2076 1000 nullas
2124 956 2306 1000 curas
2353 937 2770 1021 requirebant
2794 934 2876 1017 ¹¹),
2927 942 2990 1000 et

575 1042 711 1104 sine
750 1039 1007 1123 publico
1045 1040 1447 1105 incommodo
1489 1046 1604 1105 aut
1644 1040 1926 1126 periculo
1967 1045 2122 1107 novi
2163 1042 2354 1107 duces
2380 1050 2636 1127 possent
2661 1045 2988 1128 praeponi

576 1147 777 1230 copiis
825 1148 1232 1211 terrestribus
1274 1154 1338 1211 et
1376 1143 1714 1212 navalibus
1731 1197 1747 1225 ,
1791 1169 1918 1233 non
1957 1150 2132 1212 enim
2173 1149 2384 1213 hieme
2424 1154 2750 1235 geruntur
2791 1148 2984 1213 bella.

577 1251 760 1331 Quod
796 1253 911 1317 ubi
948 1253 1183 1319 viderit
1222 1274 1411 1319 senex
1451 1254 1527 1318 de
1567 1254 1992 1339 Aristophane
2033 1260 2292 1340 totaque
2319 1258 2704 1341 antiquitate
2731 1258 2986 1341 optime

574 1362 847 1423 meritus
868 1408 884 1436 ,
946 1362 1133 1445 aequi
1177 1360 1452 1445 bonique
1500 1368 1576 1425 ut
1623 1381 1803 1445 spero
1853 1361 2138 1426 consulet
2186 1362 2359 1446 quod
2408 1362 2644 1437 ταμίας
2695 1361 2819 1427 ffle
2872 1368 2984 1435 τῆς

574 1472 769 1536 κοινῆς
832 1466 1137 1545 προσόδου,
1210 1466 1286 1531 de
1346 1488 1471 1552 quo
1519 1470 1768 1552 copiose
1817 1466 1976 1532 olim
2025 1468 2382 1552 disputavit
2409 1466 2479 1549 ³),
2530 1471 2596 1533 in
2644 1468 2985 1555 republica

571 1572 977 1638 Aristotelica
1036 1594 1353 1659 nusquam
1417 1580 1781 1658 comparet;
1831 1572 2091 1638 nullum
2138 1574 2455 1639 eiusmodi
2503 1578 2982 1661 magistratum

572 1682 821 1745 novisse
867 1680 1125 1746 videtur
1168 1682 1227 1745 is
1272 1683 1385 1765 qui
1428 1681 1601 1745 hunc
1647 1680 1886 1745 librum
1933 1682 2208 1766 scripsit.

708 1862 885 1928 Scripsi
918 1864 1067 1927 Lugd.
1106 1863 1212 1911 Bat.
1250 1862 1296 1911 d.
1334 1863 1399 1911 20
1433 1878 1497 1912 m.
1535 1861 1765 1911 februarii
1805 1864 1949 1912 1891.

664 2187 1010 2275 Plagulam
1050 2190 1457 2255 emendatam
1482 2191 1724 2255 cumin
1749 2211 1820 2256 eo
1847 2211 2052 2255 essem
2079 2196 2154 2255 ut
2179 2190 2506 2256 redderem
2532 2188 2969 2275 typographO,

574 2294 765 2360 allata
814 2302 911 2359 est
959 2296 1315 2380 ephemeris
1364 2296 1829 2359 Litterarischee
1881 2297 2276 2360 Centralblatt
2324 2296 2383 2360 d.
2412 2296 2471 2359 d.
2517 2294 2605 2359 28
2655 2295 2843 2370 febr„
2908 2296 2975 2358 in

574 2422 699 2486 qua
758 2399 830 2464 F.
878 2400 1090 2466 BLAss
1152 2422 1267 2486 pro
1334 2422 1447 2466 suo
1509 2404 1801 2466 acumine
1863 2400 2074 2466 multa
2133 2402 2282 2467 libri
2342 2400 2740 2467 Aristotelici
2807 2402 2972 2464 vitia

572 2508 831 2593 egregie
880 2509 1151 2570 sanavit.
1202 2507 1433 2571 Paucis
1480 2508 1694 2572 verbis
1732 2507 2022 2571 indicabo
2063 2506 2237 2572 locos
2278 2511 2390 2593 qui
2430 2507 2652 2572 eadem
2689 2510 2965 2587 ratione,

570 2633 765 2698 quam
812 2632 933 2697 ego
982 2632 1176 2698 supra
1222 2615 1428 2689 suasi,
1481 2613 1559 2677 ab
1607 2634 1680 2677 eo
1729 2618 1880 2677 sunt
1926 2616 2208 2677 correcti.
2261 2612 2332 2679 O.
2375 2614 2416 2677 2
2465 2613 2665 2695 [τότε]
2691 2661 2706 2676 .
2731 2662 2745 2676 .
2771 2616 2964 2695 .·τ[οῑς

570 2721 689 2800 τε].
719 2756 804 2765 -—-
833 2715 903 2782 O.
955 2716 994 2781 3
1042 2718 1478 2799 αἱρ[ουμένων].
1508 2755 1593 2765 -
1622 2716 1692 2783 O.
1747 2716 1828 2781 13
1880 2718 2226 2782 κατάλυσιν
2273 2724 2337 2784 et
2383 2719 2848 2800 διαψηφισμόν.
2879 2754 2963 2767 -

570 2823 641 2890 O.
686 2824 773 2888 22
820 2827 961 2888 τότε
1004 2845 1119 2907 pro
1157 2832 1307 2895 τοῖς.
1338 2861 1421 2871 --
1450 2820 1519 2889 C.
1564 2822 1650 2887 24
1689 2844 1802 2908 pro
1843 2824 2060 2904 Φόρευς
2098 2823 2448 2910 legendum
2487 2845 2622 2890 esse
2667 2825 2961 2903 Φρουροὺς

568 2934 766 2996 etiam
812 2929 993 2995 Blass
1039 2936 1245 3016 putat.
1276 2968 1361 2978 —
1389 2929 1459 2996 G.
1512 2929 1593 2993 31
1651 2940 1938 3011 καταστῇ
1989 2937 2053 2996 et
2100 2930 2158 2993 ἐν
2207 2928 2434 3005 ὅπλοις.
2463 2970 2548 2979 -
2577 2929 2649 2997 C.
2701 2931 2794 2997 40
2839 2932 2958 2996 δεῖν

565 3059 681 3123 pro
728 3039 847 3102 δεν.
874 3074 959 3085 —-
987 3034 1058 3102 G.
1112 3034 1196 3099 55
1242 3037 1491 3108 πάντας
1535 3036 1667 3100 ἐστὶ
1717 3036 2237 3119 διαψηφίζεσθαι.

698 3188 874 3239 Addidi
910 3190 953 3238 d.
992 3190 1022 3237 8
1062 3204 1123 3238 m.
1164 3186 1353 3237 Martii.

574 3350 930 3358 —n-——-....—.——-

639 3456 691 3519 1)
728 3454 1073 3517 Aristophanes
1120 3456 1223 3503 und
1249 3454 1326 3503 die
1359 3453 1644 3503 historice-he
1676 3454 1849 3523 Kritik
1883 3471 1927 3519 p.
1963 3456 2063 3504 484
2081 3471 2199 3520 sqq„
2235 3472 2282 3521 p.
2320 3455 2431 3506 516.

634 3540 690 3602 2)
728 3539 833 3586 Vid.
870 3552 990 3602 quae
1025 3538 1082 3585 de
1114 3542 1328 3603 tempore
1361 3538 1456 3594 τῆς
1490 3536 1875 3598 ὀστρακοφορίας
1910 3537 2179 3588 observavit
2213 3538 2325 3589 ibid.
2363 3556 2410 3603 p.
2451 3538 2546 3592 187
2563 3555 2664 3604 sqq.

637 3621 690 3681 8)
724 3618 845 3668 lbid.
881 3635 927 3683 p.
966 3619 1062 3667 194
1080 3634 1180 3684 sqq.
