3192 5009
613 234 750 302 :310
1627 250 1945 305 nonnus.

705 425 766 482 N
792 417 923 484 269
980 417 1114 484 οὐδὲ
1159 417 1288 499 γὰρ
1334 417 1459 484 ὸύδ·
1510 418 1622 495 ε’μὲ
1669 426 1834 500 Φημι
1883 419 2267 496 λελασμένον
2312 417 2576 497 ἔμμεναι
2625 415 2844 495 banze.

707 525 736 587 θ
797 524 928 590 221
978 528 1094 589 τῶν
1141 522 1194 588 δ’
1242 521 1452 593 ἄλλων
1502 523 1616 600 ἐμέ
1661 531 1830 608 Φημι
1876 525 2036 590 πολὺ
2085 525 2520 606 προφερέςερον
2563 521 2769 604 εἷναι.,

614 653 1004 717 quamquam
1065 630 1216 696 alibi
1265 634 1704 722 nominativus
1751 635 2106 718 reperiatur
2155 643 2206 697 A
2239 629 2345 710 77,
2377 630 2528 710 170,
2555 630 2712 710 398,
2759 640 2809 696 E
2839 629 2970 709 246,

618 745 671 801 Θ
700 736 854 814 234,
906 735 1113 814 1161,
1164 745 1217 800 Ο
1249 735 1399 814 165,
1448 751 1489 802 λ
1517 736 1672 816 236,
1700 737 1854 816 431,
1903 762 1951 802 π
1978 737 2085 816 64,
2133 738 2244 803 sed
2287 737 2616 823 displicet:

705 853 756 907 T
804 842 931 909 361
982 842 1133 906 ἀλλ’
1179 839 1353 907 ὅσσον
1400 843 1513 918 μὲν
1563 843 1684 921 ἐγὼ
1733 844 2004 921 δύναμαι
2052 846 2267 924 χερσίν
2313 867 2383 908 σε
2430 846 2608 909 ποσίν
2653 867 2725 908 τε

977 949 1081 1013 καὶ
1128 948 1350 1026 σθένει,
1397 949 1481 1014 οὔ
1526 949 1626 1026 μέ
1670 975 1743 1015 τι
1791 958 1960 1033 φημι
2007 951 2376 1030 μεθησέμεν,
2425 950 2548 1015 οὐδ’
2597 947 2837 1028 ἠβαιόν.

610 1054 826 1122 Multo
874 1061 1042 1120 certe
1088 1054 1352 1120 malim:
1404 1056 1698 1121 οὐκέτι.

702 1273 831 1340 LV.
899 1282 959 1338 Ψ
991 1271 1153 1340 157:
1217 1272 1380 1352 γόοιο
1443 1274 1555 1353 μὲν
1618 1271 1708 1342 ἔςι
1759 1273 1863 1338 καὶ
1912 1269 1957 1338 ἆ
1973 1297 2145 1352 σαι,
2193 1275 2299 1340 hic
2346 1295 2542 1361 quam
2589 1271 2844 1338 difficile
2887 1277 2969 1337 est
3100 1305 3101 1318 κ

610 1401 739 1446 non
780 1382 1091 1446 coniicere
1140 1376 1184 1444 ἅ
1200 1404 1239 1445 σ
1261 1406 1318 1455 n.

702 1581 866 1647 LVI.
913 1580 1196 1668 Vulgata
1238 1584 1554 1668 scriptura
1601 1587 1698 1647 est
1746 1590 1804 1646 Ψ
1834 1578 1995 1647 792:

1979 1687 2288 1768 α’ργαλέον
2337 1685 2405 1752 δέ

884 1794 1101 1858 ποσσὶν
1148 1794 1536 1874 ἐριδήσασθαι
1590 1791 1915 1874 Ἀχαιοῖς,
1965 1796 2018 1859 εἱ
2066 1797 2154 1871 μὴ
2200 1797 2519 1874 ’Λχιλλεῖἱ

610 1899 737 1965 Hic
799 1902 900 1965 uti
962 1921 1240 1986 aequum
1301 1904 1399 1966 est
1460 1899 1780 1965 adnotatis
1829 1899 2159 1986 displicere
2206 1899 2444 1966 formas
2491 1898 2873 1977 ἐριδήσασθαι
2915 1901 2970 1959 et

612 2009 945 2086 Ἀχιλλεῖ,
1011 2006 1237 2071 deinde
1280 2007 1529 2070 reiectis
1578 2003 1854 2071 aliorum
1901 2006 2360 2072 tentaminibus
2377 2054 2395 2084 ,
2443 2005 2750 2092 profertis
2795 2002 2970 2086 suspi-

608 2115 856 2178 cionem
872 2162 889 2196 ,
941 2132 1138 2197 quam
1182 2113 1382 2177 etiam
1428 2113 1498 2175 in
1545 2117 1802 2177 textum
1847 2111 2161 2177 intulistis
2177 2160 2196 2191 ,
2246 2133 2383 2177 esse
2428 2110 2815 2198 legendum:

1985 2217 2292 2298 α’ργαλέος
2340 2218 2405 2283 δέ

881 2322 1066 2389 πόσσ’
1116 2322 1553 2405 ἐριδαινέμεναι
1603 2321 1850 2389 ἄλλοισ’
1898 2325 1950 2388 εἰ
1997 2326 2086 2414 uir
2135 2324 2419 2407 Ἀχιλῆι.

607 2433 753 2499 Non
821 2452 1009 2519 aegre
1080 2431 1296 2496 feretis
1359 2434 1415 2496 si
1477 2431 1696 2497 dixero
1758 2431 2144 2497 medicinam
2205 2432 2369 2496 mihi
2430 2434 2589 2496 satis
2644 2431 2968 2499 violentam
3100 2397 3101 2466 Ῑ

610 2560 745 2605 esse
813 2540 1024 2604 visam
1091 2540 1308 2623 itaque
1380 2559 1680 2623 quaerere
1749 2540 1927 2624 coepi
1994 2559 2155 2603 num
2224 2539 2388 2604 forte
2458 2539 2815 2624 expeditior
2877 2536 2966 2600 via

607 2649 860 2733 pateret
916 2649 981 2709 et
1047 2643 1302 2710 tandem
1352 2664 1424 2709 eo
1470 2644 1698 2710 deveni
1744 2650 1822 2708 ut
1867 2650 2164 2730 putarem
2207 2644 2556 2710 barbarum
2604 2641 2966 2726 ἐριδήσασθαι

606 2752 1009 2837 transpositis
1076 2749 1281 2814 literis
1343 2750 1561 2815 cedere
1624 2750 1850 2815 debere
1913 2755 2099 2815 notae
2161 2750 2402 2816 formae
2472 2749 2556 2825 δη
2576 2773 2606 2830 ρ
2624 2751 2650 2814 Ι
2669 2775 2704 2816 σ
2727 2751 2861 2814 ασθ
2880 2769 2966 2810 αι.

608 2857 749 2923 Hoc
809 2857 975 2922 mihi
1035 2856 1296 2942 quidem
1358 2859 1513 2922 satis
1577 2855 1900 2942 prohabile
1961 2859 2179 2922 visum
2225 2863 2357 2934 est,
2407 2856 2521 2922 sed
2566 2855 2880 2943 quomodo
2921 2851 2964 2915 εἰ

606 2966 699 3042 μὴ
764 2962 1071 3043 Ἀχιλλεῖ
1122 2965 1477 3049 corrigam,
1528 2965 1583 3028 si
1632 2964 1894 3049 quidem
1939 2963 2390 3050 corrigendum
2436 2968 2570 3042 est,
2620 2987 2750 3031 non
2792 2961 2965 3028 habeo
3100 2953 3101 2962 ’

607 3092 721 3156 pro
770 3075 941 3134 certo
988 3069 1214 3134 dicere.
1262 3068 1453 3134 Varia
1496 3072 1732 3135 tentari
1778 3075 2062 3155 possunt.

698 3285 893 3352 LVII.
964 3285 1270 3372 Sequitur
1330 3288 1696 3350 certaminis
1740 3285 2160 3351 simulacrum
2206 3289 2376 3352 inter
2423 3287 2692 3352 Aiacem
2736 3292 2799 3351 et
2840 3263 2968 3348 Dioss

607 3393 895 3471 medem,
961 3391 1069 3457 sed
1132 3393 1353 3466 omnia
1411 3394 1608 3456 nimis
1669 3391 1868 3457 stulte
1913 3395 2007 3457 ita
2053 3392 2517 3471 describuntur,
2565 3398 2642 3457 ut
2693 3391 2966 3480 appareat

604 3504 776 3566 inter
837 3497 1258 3564 simulacrum
1314 3502 1382 3562 et
1426 3518 1647 3562 veram
1691 3518 1982 3584 pugnam
2023 3519 2280 3585 prorsus
2327 3497 2586 3563 nullum
2629 3499 2824 3564 fuisse
2863 3495 2969 3560 ἀίε-
3100 3541 3101 3548 1

608 3609 851 3671 crimen
911 3624 1114 3689 neque
1176 3602 1447 3667 absurde
1508 3604 1643 3667 suis
1703 3610 2004 3669 metuunt
2065 3601 2293 3672 Graeci
2359 3626 2453 3670 vs.
2505 3603 2660 3671 822.
2747 3605 2968 3720 Legem

607 3712 974 3778 certaminis
1018 3710 1305 3776 edixerat
1349 3707 1632 3774 Achilles
1677 3730 1772 3774 vs.
1823 3709 1992 3776 805·

882 3814 1215 3894 ὁππότερός
1264 3837 1332 3880 κε
1381 3817 1543 3896 <phin
1590 3811 1949 3894 δρεξαμενος
1996 3813 2158 3896 χρόα
2208 3815 2421 3894 καλόν,

878 3923 1155 4004 ψαύσῃ
1203 3918 1257 3984 δ’
1309 3919 1626 3986 ἐνδίνων
1673 3919 1776 3986 διὰ
1823 3923 1882 3986 τ’
1931 3918 2170 3987 ἔντεα
2219 3921 2324 3987 καὶ
2373 3921 2580 4001 μέλαν
2624 3917 2812 4000 αἷμα,

882 4029 967 4110 τῷ
1014 4028 1129 4104 μὲν
1174 4027 1296 4104 ἐγὼ
1338 4023 1502 4090 δώσω
1550 4028 1677 4092 xri.
2115 4044 2132 4056 ·

606 4133 790 4199 Alter
847 4130 1203 4199 versiculus
1262 4131 1479 4210 ψαύσῃ
1526 4131 1579 4197 δ’
1628 4133 1858 4197 ἐνδίνων
1909 4134 2034 4199 xrs.
2082 4135 2314 4200 merito
2359 4133 2729 4200 Aristarcho
2773 4127 2967 4216 displi-

606 4239 788 4304 cebat
843 4241 1060 4323 itaque
1121 4238 1497 4323 appinxerat
1560 4237 1818 4303 obelum
1836 4287 1854 4318 ,
1899 4239 2018 4304 sed.
2059 4239 2246 4306 stulti
2293 4257 2546 4326 quoque
2589 4259 2812 4308 versus
2853 4255 2967 4303 cor-

515 4433 521 4440 ·
604 4345 822 4429 rumpi
904 4349 1206 4438 possunt,
1277 4365 1482 4430 neque
1554 4340 1735 4408 ἔντεα
1805 4351 1871 4410 et
1939 4340 2109 4424 αἷμα
2176 4347 2281 4412 hic
2349 4351 2519 4412 recte
2589 4345 2963 4434 copulantur.
