3192 5009
1168 323 1253 369 nn
1296 324 1447 370 mna
1492 323 1773 371 nomo.
2533 306 2657 372 191

554 538 749 556 .....
796 512 915 555 uon
964 490 1120 554 enim
1164 511 1503 574 qumquam
1548 490 1658 555 hoc
1703 489 1834 571 ipso
1857 537 1872 568 ,
1936 492 2094 575 quod
2139 490 2470 573 depositum
2512 492 2663 555 acci-

537 596 685 680 piat
733 596 1103 660 condictione
1147 595 1405 676 obbiqan'
1455 642 1654 661 .....

367 701 507 767 Hoc
564 706 705 790 ipso
764 702 932 789 quod
993 702 1355 788 depositum
1400 704 1670 787 accipiat
1689 750 1706 779 ,
1754 701 2025 787 depositi
2071 705 2337 789 quisque
2386 709 2656 786 tenetur,

270 816 344 874 at
389 831 513 875 non
560 812 781 874 statim
829 815 1085 874 tenetur
1128 808 1557 886 condictione;
1605 811 1826 895 itaque
1873 808 2148 894 depositi
2189 812 2355 875 actio
2402 831 2526 876 non
2563 815 2660 876 est

268 914 607 981 condictio.
672 915 777 981 Sic
838 917 902 979 et
968 915 1238 1001 depositi
1286 916 1351 979 et
1397 914 1788 980 commodati
1836 918 1999 981 actio
2048 935 2087 980 a
2129 916 2520 984 condictione
2566 938 2660 983 ar-

269 1025 503 1086 centur
546 1020 592 1085 l.
644 1020 683 1086 5
733 1020 813 1086 D.
862 1017 971 1086 27.
1001 1019 1077 1086 3:

551 1176 747 1192 .....
817 1151 943 1192 eam
1002 1127 1325 1210 pemmiam
1393 1128 1491 1192 vel
1549 1127 1809 1211 depositi
1866 1128 1965 1194 vel
2024 1130 2368 1193 commodati
2427 1130 2660 1196 actione

545 1233 771 1315 repeti,
822 1234 919 1297 vel
962 1234 1197 1298 cundici
1232 1256 1411 1317 poue
1458 1281 1654 1299 .....

364 1338 427 1403 N
428 1360 510 1403 on
546 1339 918 1416 condicitur,
963 1340 1133 1425 quod
1174 1339 1559 1405 commodati
1596 1339 1704 1405 vel
1742 1340 2014 1427 depositi
2053 1344 2299 1409 actione
2322 1346 2654 1428 repetitur.

270 1444 492 1510 Simili
540 1447 729 1511 modo
775 1445 1140 1512 excluditur
1184 1448 1387 1532 empti
1431 1448 1595 1511 actio
1645 1446 1714 1525 (1.
1769 1446 1848 1511 11
1901 1446 2002 1531 §6
2049 1446 2129 1512 D.
2179 1447 2284 1513 19.
2315 1448 2414 1529 1);
2462 1448 2656 1515 locati

270 1555 437 1617 actio
485 1551 553 1630 (1.
606 1550 691 1616 34
738 1552 843 1636 §2
890 1552 969 1617 D.
1020 1551 1127 1616 44.
1158 1550 1258 1632 7);
1309 1552 1595 1617 mandati
1643 1555 1808 1617 actio
1851 1555 2091 1618 iterum
2139 1560 2204 1619 et
2248 1558 2654 1642 negotiorum

266 1663 601 1744 gestorum
640 1656 710 1737 (l.
740 1656 779 1722 5
806 1657 885 1722 D.
914 1658 1021 1722 44.
1048 1657 1153 1739 2);
1194 1660 1650 1745 pignoratitia,
1693 1661 1764 1724 ni
1801 1658 1986 1724 fallor
2024 1659 2096 1740 (l.
2124 1658 2163 1724 4
2190 1663 2226 1746 ᾖ
2256 1662 2290 1726 1
2318 1661 2397 1726 D.
2429 1662 2533 1728 12.
2567 1662 2651 1743 1),

267 1766 677 1849 praescriptis
736 1764 1007 1849 denique
1066 1765 1280 1830 verbis
1344 1768 1509 1829 actio
1556 1764 1627 1844 (l.
1683 1761 1764 1830 1¹7
1817 1763 1917 1850 §5
1966 1764 2045 1829 D.
2095 1765 2198 1831 19.
2228 1765 2316 1847 5).
2381 1766 2653 1855 Singula

266 1870 469 1935 bonae
513 1868 663 1935 fidei
705 1870 945 1935 iudicia
990 1892 1191 1955 quum
1240 1873 1430 1936 toties
1479 1877 1812 1936 arceantur
1856 1891 1896 1935 a
1939 1871 2336 1939 condictione
2353 1922 2371 1950 ,
2421 1874 2487 1938 id
2531 1877 2651 1939 im-

266 1973 439 2061 pulit
498 1974 897 2041 Fridericum
944 1973 1252 2042 Carolum
1300 1974 1613 2063 Savigny,
1661 1980 1740 2040 ut
1787 1976 2020 2042 diceret
2037 2026 2054 2055 ,
2105 1980 2327 2044 stricta
2369 1985 2652 2045 tantum-

267 2081 461 2147 modo
530 2081 770 2147 iudicia
831 2081 1225 2147 condictione
1288 2081 1737 2168 comprehendi
1799 2082 2047 2167 (Syram
2094 2082 2149 2145 V
2195 2106 2258 2170 p.
2309 2084 2440 2149 503
2465 2093 2651 2172 sqq.).

265 2187 468 2274 quue
536 2209 765 2254 verum
832 2197 1011 2274 puto.
1088 2188 1351 2255 Obstare
1422 2189 1683 2275 quidem
1752 2190 1956 2255 videri
2027 2198 2238 2276 posset
2308 2191 2353 2256 l.
2410 2188 2501 2259 19·
2542 2192 2648 2277 §2

271 2293 352 2359 D.
402 2292 511 2359 43.
538 2293 663 2359 26:

538 2424 668 2463 oum
726 2401 877 2485 qvid
922 2401 1207 2483 precario
1267 2410 1537 2482 roqatum
1596 2410 1683 2467 eet
1698 2451 1716 2480 ,
1779 2426 1900 2467 non
1957 2402 2146 2467 solum
2191 2403 2512 2471 ime-ficto
2555 2406 2650 2469 uta?

526 2528 858 2589 possumus,
898 2508 1005 2569 sed
1042 2513 1099 2570 et
1135 2507 1352 2571 {atomi
1389 2508 1777 2585 condictione,
1817 2508 1889 2571 id
1909 2516 1996 2572 est
2008 2510 2410 2592 praescriptis
2431 2511 2645 2574 verbis.

358 2612 705 2677 Enimvero
725 2660 742 2689 ,
808 2633 1011 2698 quum
1055 2614 1211 2678 haec
1257 2616 1387 2678 sint
1429 2612 1666 2679 Iuliani
1686 2663 1702 2691 ,
1753 2617 1896 2699 quis
1945 2635 2068 2679 non
2108 2614 2382 2681 libenter
2427 2619 2487 2682 ei
2533 2638 2646 2701 pro

262 2720 495 2783 incerti
530 2718 925 2784 condictione
962 2719 1272 2783 incertam
1310 2719 1656 2784 formulam
1692 2719 2036 2786 reddiderit
2083 2721 2237 2801 (vid.
2264 2743 2398 2807 cap.
2424 2722 2648 2801 XIV)?

263 2822 514 2889 Rursus
560 2825 808 2889 obstare
854 2824 1111 2890 videtur
1154 2823 1200 2888 1.
1254 2822 1295 2888 3
1341 2823 1442 2909 §4
1490 2824 1569 2890 D.
1626 2825 1729 2890 12.
1759 2826 1822 2903 4,
1870 2825 2308 2913 ubi,legimus
2355 2849 2432 2893 ex
2479 2850 2645 2894 novo

266 2933 523 3016 negotio
568 2929 1032 2995 condictionem
1079 2933 1250 2995 oriri.
1302 2929 1523 2995 Oritur
1569 2936 1790 2997 autem
1836 2953 1913 2997 ex
1963 2953 2128 2997 novo
2177 2936 2435 3019 negotio
2475 2955 2646 3020 prae-

265 3038 518 3122 scriptis
576 3037 789 3101 verbis
836 3039 1020 3101 aetio.
1070 3035 1292 3122 Itaque
1340 3037 1464 3101 dici
1512 3041 1726 3123 posset
1773 3038 2234 3103 condictionem
2279 3038 2462 3105 illam
2509 3062 2644 3107 esse
2743 3098 2750 3104 .

264 3144 475 3225 ipsam
520 3144 921 3228 praescriptis
968 3143 1179 3207 verbis
1226 3146 1558 3208 actionem.
1607 3142 1789 3222 Quod
1825 3166 1862 3209 a
1903 3146 2286 3231 quibusdam
2324 3152 2644 3213 tentatum

266 3270 402 3313 esse
462 3250 609 3314 scio.
673 3247 761 3312 At
822 3269 1013 3334 supra
1073 3252 1202 3314 iam
1265 3253 1479 3314 totum
1533 3250 2011 3337 paragraphum
2059 3251 2442 3318 sustulimus
2488 3255 2641 3335 (vid.

264 3375 400 3440 cap.
448 3351 647 3434 XVI).

356 3458 799 3525 Excludendae
844 3466 1166 3545 praeterea
1203 3461 1506 3527 videntur
1543 3461 1856 3528 formulae
1898 3466 1967 3527 in
2007 3463 2250 3528 factum
2289 3473 2648 3552 conceptae,

265 3566 417 3650 quia
478 3564 674 3630 talem
736 3586 861 3631 non
919 3566 1155 3631 habent
1215 3568 1642 3633 intentionem
1658 3616 1675 3645 ,
1731 3568 1985 3653 qualem
2032 3570 2290 3635 exhibet
2336 3572 2640 3639 definitio.

263 3671 383 3736 Est
419 3674 487 3735 in
526 3672 769 3737 factum
810 3680 1111 3758 concepta
1150 3694 1367 3739 rerum
1408 3681 1769 3739 amotarum
1809 3678 1972 3740 actio
1993 3725 2009 3753 ,
2053 3676 2220 3762 quod
2261 3676 2644 3745 demonstra-

266 3781 363 3842 vit
422 3777 620 3843 Lenel
674 3778 753 3842 ad
799 3778 1102 3843 Edictum
1148 3778 1543 3865 Perpetuum
1562 3828 1578 3857 ,
1629 3800 1824 3866 eaque
1871 3785 2215 3868 opponitur
2259 3784 2640 3849 condictioni

262 3883 308 3948 l.
358 3882 445 3948 25
493 3883 577 3951 D..
624 3882 838 3949 25.2:

541 4038 738 4055 .....
802 3992 943 4055 licet
1002 3999 1188 4056 cessat
1235 4014 1431 4056 rerum
1481 3999 1808 4057 annotarunt
1853 3994 2009 4058 actio
2029 4043 2046 4073 ,
2097 4002 2288 4059 tamen
2337 3996 2505 4079 ipsae
2545 4022 2641 4062 res

450 4114 456 4119 ·
538 4096 789 4160 maritus
835 4098 1140 4161 condicere
1172 4105 1375 4181 potest
1402 4147 1602 4164 .....

354 4202 475 4267 Sed
525 4203 708 4268 debet
754 4202 914 4280 dici,
961 4207 1127 4269 circa
1169 4205 1284 4269 has
1331 4204 1639 4271 formulas
1689 4208 1954 4281 variari,
2006 4209 2156 4291 quia
2205 4204 2404 4273 Gaius
2447 4208 2491 4273 1.
2551 4210 2636 4275 26

266 4307 343 4372 D.
392 4306 500 4373 25.
528 4308 570 4374 2
616 4330 833 4375 rerum
879 4316 1239 4377 amotarum
1282 4310 1596 4377 iudicium
1643 4312 2034 4377 condictione
2080 4314 2590 4398 comprehendit:

534 4438 729 4479 rerum
767 4422 1093 4479 amotarum
1137 4416 1292 4481 actio
1340 4417 1634 4481 con-dictio
1683 4426 1787 4481 est.
