3192 5009
590 319 720 386 392
1529 339 1617 386 An
1662 337 2013 388 onrsssffl.

585 508 885 573 tribuisse
947 509 1086 572 vim
1149 508 1469 592 passivam
1487 555 1504 584 ,
1566 511 1645 571 ut
1708 509 1758 571 οἱ
1818 504 2041 572 ἔκπεσε
2087 529 2201 593 pro
2249 505 2551 586 ἐξεβλήθη
2599 505 2707 571 ὑπ’
2758 506 2941 571 αὐτοῦ

588 615 840 680 dixerit.

677 720 858 800 Quod
903 723 960 784 si
1003 725 1169 785 recte
1217 725 1427 785 statuo
1442 768 1459 797 ‚
1505 722 1714 785 nescio
1760 741 1841 785 an
1880 723 2109 786 tertius
2146 719 2341 786 fuerit
2378 719 2537 784 olim
2572 719 2755 785 locus
2776 767 2795 796 ‚
2838 718 2943 783 ubi

584 827 758 892 idem
826 847 981 892 usus
1053 826 1411 904 obtinebat,
1473 828 1540 890 in
1602 825 1825 892 eodem
1885 825 2050 892 libro
2110 847 2207 891 vs.
2256 825 2388 892 276
2416 848 2529 912 sq„
2594 828 2707 911 qui
2766 824 2949 890 hodie

585 933 913 1019 depravati
957 935 1045 997 sic
1092 932 1490 997 scribuntur:

1036 1038 1239 1103 αὐτίκ’
1286 1038 1412 1103 άπὸ
1459 1040 1675 1117 κρατὸς
1729 1039 1936 1114 κυνέην
1988 1037 2274 1104 ἐύτυκτον
2321 1036 2507 1111 ἔθηκά

765 1145 870 1209 καὶ
917 1142 1101 1216 σάκος
1146 1145 1370 1223 ὤμοιιν,
1419 1143 1554 1222 δόρυ
1604 1145 1659 1209 δ’
1707 1141 2066 1223 ἓκβάλον
2115 1141 2404 1209 ἔκτοσε
2454 1143 2681 1224 χειρός.

583 1253 710 1319 Hic
749 1254 920 1318 euim
957 1255 1026 1316 in
1060 1251 1366 1317 vocabulo
1405 1273 1530 1316 non
1569 1249 1811 1318 Graeco
1856 1259 2188 1318 eKTOce
2228 1255 2340 1316 vix
2380 1249 2558 1317 aliud
2578 1249 2739 1316 latet
2760 1269 2945 1334 quam

590 1369 750 1425 exn
761 1367 914 1424 ece
930 1408 947 1437 ‚
1012 1361 1194 1424 cuius
1253 1357 1571 1444 glossema
1628 1355 1898 1437 ἔκβαλον
1956 1361 2024 1422 in
2088 1363 2342 1424 textum
2400 1360 2657 1442 irrepsit
2672 1378 2691 1435 ;
2738 1355 2947 1422 locum

586 1469 676 1532 sic
723 1467 1153 1531 restituerim:

767 1572 870 1636 καὶ
916 1571 1102 1642 σάκος
1149 1569 1368 1649 ὤμοιιν,
1417 1570 1551 1652 δόρυ
1600 1571 1654 1635 δ’
1700 1568 1854 1651 (ὀξύ
1902 1579 2053 1650 μοι)
2102 1568 2398 1636 ἔκπεσε
2445 1568 2669 1650 χειρός.

678 1814 707 1856 ο
735 1789 864 1858 176
901 1787 978 1861 ὦς
1027 1789 1322 1861 Ὀδυσεὺς
1372 1790 1543 1855 κακά
1590 1791 1802 1855 πολλά
1853 1791 2057 1856 παθῶν
2104 1787 2209 1868 καὶ
2256 1787 2440 1853 πόλλ’
2490 1785 2821 1859 ἐπαληθεὶς

898 1895 1134 1962 fobea&
1182 1897 1458 1971 νοστήσει
1506 1896 1611 1960 καὶ
1659 1897 1974 1962 τείσεται·
2026 1895 2089 1970 ἠὲ
2138 1896 2243 1959 καὶ
2292 1893 2402 1970 ἤδη

897 2005 1067 2069 rohten
1086 2053 1105 2080 ‚
1153 2003 1316 2080 άτάρ
1362 2009 1701 2082 μνηστῆρσι
1754 2003 1942 2068 κακὸν
1987 2002 2289 2068 πάντεσσι
2336 1999 2617 2082 φυτεύει.

584 2110 1004 2177 verisimilior
1040 2131 1145 2176 me
1185 2097 1394 2175 iudice
1417 2109 1637 2174 Bothii
1658 2113 2016 2176 coniectura
2040 2108 2170 2185 ἥκει
2193 2157 2211 2186 ,
2236 2109 2645 2188 μνηστήρεσσι
2674 2107 2948 2186 (fortasse

587 2217 821 2283 sufficit
865 2218 1037 2281 νοίκοι
1085 2216 1520 2296 μνηστήρεσσι)
1571 2237 1765 2301 quam
1809 2217 1871 2280 Ν
1872 2216 2182 2281 auokiana
2229 2215 2401 2280 rolxoe
2449 2215 2554 2280 ἐὼν
2601 2217 2945 2292 μνηστῆρσι,

587 2322 758 2408 quod
826 2321 1184 2408 corruptela
1253 2323 1491 2388 formae
1551 2325 1765 2408 epicae
1828 2322 2031 2387 dativi
2090 2325 2161 2387 in
2222 2321 2557 2408 volgarem
2610 2319 2946 2386 necessario

587 2431 833 2516 peperit
880 2427 1402 2514 supplementum
1447 2428 1609 2506 άτάρ
1629 2478 1647 2506 ,
1694 2430 1878 2493 cuius
1923 2431 2241 2514 originem
2290 2427 2444 2492 haec
2491 2449 2616 2492 non
2660 2423 2941 2511 explicat.

676 2670 705 2712 ο
731 2645 862 2711 312
911 2665 1104 2731 quam
1147 2645 1314 2711 male
1359 2646 1552 2733 volgo
1597 2648 1911 2712 scribatur
1955 2645 2172 2725 πόρνον
2218 2645 2377 2712 olim
2422 2649 2491 2710 in
2538 2644 2943 2726 Quaestiuncu-

587 2753 668 2816 bia
713 2751 926 2834 Epicis
971 2759 1028 2814 et
1071 2752 1376 2833 Eleqiaeis
1418 2773 1492 2818 eo
1541 2752 1973 2818 demonstravi
2016 2752 2189 2836 quod
2228 2750 2467 2818 vocalis
2504 2757 2737 2816 natura
2770 2749 2944 2832 longa

587 2863 685 2924 est
725 2865 790 2924 et
832 2877 1150 2944 syncopen
1198 2856 1548 2923 desiderare
1587 2861 1969 2945 scripturam
2010 2856 2226 2936 πυρνθν
2262 2863 2415 2938 (uon
2438 2861 2677 2937 πῦρνον)
2718 2851 2944 2922 ostendi

585 2962 876 3049 exemplo
916 2962 1212 3028 vocabuli
1249 2965 1490 3042 νεογνός
1513 2997 1594 3023 =
1618 2964 1887 3040 νεόγονος
1905 3012 1923 3041 ,
1962 2967 2264 3050 ignorans
2312 2967 2451 3054 iam·
2488 2963 2943 3051 Etymologum

587 3090 902 3157 mag-num
947 3069 1018 3134 id
1061 3071 1332 3134 suasisse
1353 3118 1368 3147 ,
1419 3073 1524 3135 cui
1571 3069 1807 3135 veUem
1856 3069 2127 3134 editores
2173 3071 2737 3155 obtemperassent.

679 3288 866 3355 0435
907 3287 1000 3365 εἴη
1048 3313 1150 3353 κεν
1198 3289 1305 3352 καὶ
1353 3292 1543 3367 τοῦτ’,
1600 3287 1659 3353 εἴ
1701 3313 1803 3366 μοι
1852 3289 2115 3354 ἐθέλοιτέ
2159 3313 2273 3373 γε,
2326 3293 2668 3366 ναῦται,

905 3393 1052 3476 ὅρκῳ
1095 3396 1506 3472 πιστωθῆμεν“
1554 3396 1851 3472 άπῆμονά
1897 3395 2119 3461 rolxoea’
2168 3395 2455 3470 ἀπάξειν.

589 3503 753 3582 Quia
791 3501 1022 3567 ancilla
1062 3523 1188 3567 non
1227 3508 1451 3566 nautas
1493 3501 1861 3588 alloquitur,
1902 3503 2013 3568 sed
2048 3524 2255 3567 unum
2292 3501 2485 3566 illum
2524 3505 2631 3566 cui
2668 3502 2941 3578 ἐμίσγετο

591 3610 788 3691 λάθρᾳ
805 3658 822 3686 ,
885 3610 1176 3694 sequitur
1235 3611 1460 3672 ναῦται
1523 3609 1629 3673 hic
1690 3631 1815 3674 non
1878 3631 2011 3674 esse
2057 3611 2433 3674 vocativum
2477 3607 2589 3674 sed
2632 3604 2943 3673 nominati·

587 3737 750 3780 vum
771 3741 852 3766 =
877 3716 1049 3792 ὑμεῖς
1091 3715 1144 3778 οἱ
1187 3719 1449 3792 ναῦται,
1490 3717 1709 3799 itaque
1732 3723 2074 3800 utramque
2098 3713 2429 3802 virgulam
2450 3713 2782 3780 delendam
2804 3728 2937 3777 esse·

682 3944 731 3984 π
761 3918 910 3984 194.
953 3918 1372 3984 Telemachus
1413 3918 1493 3983 ad
1529 3917 1792 3984 Uh'xem
1808 3967 1825 3996 ‚
1866 3941 2059 4005 quem
2095 3919 2390 3984 Minerva
2426 3939 2463 3984 e
2498 3940 2649 3984 sene
2684 3924 2750 3983 et
2784 3929 2939 3998 squa-

593 4025 724 4091 lido
767 4023 1058 4090 mendico
1105 4027 1174 4089 in
1219 4027 1520 4089 iuvenem
1569 4025 1921 4090 formosum
1966 4045 2038 4090 ac
2084 4025 2245 4090 bene
2289 4027 2605 4090 vestitum
2646 4023 2936 4088 mutarat:

907 4133 974 4195 οὐ
1021 4132 1098 4196 σύ
1145 4133 1212 4210 γ’
1261 4129 1596 4202 Ὀδυσσεύς
1644 4131 1777 4196 ε’σσι
1823 4133 2029 4208 πατὴρ
2074 4131 2224 4206 ἐμός
2246 4179 2264 4208 ,
2311 4129 2491 4194 άλλά
2538 4154 2620 4208 με
2669 4129 2881 4204 δαίμων

912 4236 1154 4315 θέλγεις
1177 4287 1193 4314 ,
1241 4236 1378 4316 ὄφρ’
1431 4237 1524 4301 ἔτι
1570 4240 1818 4313 μᾶλλον
1864 4235 2210 4316 ὀδυρόμενος
2256 4235 2627 4317 στεναχίζω.

909 4345 974 4409 οὗ
1020 4343 1148 4421 γάρ
1195 4367 1320 4414 πως
1370 4367 1440 4407 κε
1487 4343 1695 4416 θνητὸς
1742 4345 1891 4422 άνηρ
1936 4341 2090 4407 τάδε
2135 4341 2527 4422 μηχάνάοιτο

911 4451 1010 4534 [νῷ
1056 4451 1246 4514 αὐτοῦ
1293 4473 1372 4528 γε
1419 4449 1524 4530 νόῳ
1544 4498 1562 4526 ,
1612 4447 1713 4513 ὅτε
1761 4451 1850 4527 μὴ
1898 4449 2026 4522 θεὸς
2073 4450 2261 4522 αὐτὸς
2308 4450 2573 4514 ἐπελθὼν
