3192 5009
1069 965 1216 1054 AD
1275 962 1863 1055 ODYSSEAM.

1344 1171 1590 1213 sol-ursa·

1001 1325 1087 1392 Η.
1136 1325 1312 1393 VAN
1357 1323 1930 1392 EERWERDEN.

1285 1598 1658 1642 ψ-

370 1829 625 1896 Prodiit
666 1852 870 1919 nuper
913 1831 1189 1896 alterum
1229 1827 1544 1917 Odysseae
1583 1829 1887 1895 volumen
1902 1879 1917 1908 ,
1962 1850 2086 1916 quo
2128 1830 2403 1916 perfecto
2441 1829 2501 1896 J.
2526 1851 2653 1896 van

271 1937 600 2002 Leeuwen
646 1945 710 2003 et
751 1937 847 2003 M.
895 1937 969 2002 B.
1016 1936 1282 2002 Mendes
1320 1935 1398 2002 da
1437 1933 1631 2002 Costa
1669 1939 2035 2002 universam
2070 1955 2256 2001 suam
2294 1939 2653 2001 carminum

271 2041 779 2109 Homericorum
819 2046 1246 2109 recensionem
1284 2041 1362 2107 ad
1399 2063 1715 2128 magnum
1754 2043 2063 2108 bonarum
2098 2041 2461 2108 litterarum
2484 2063 2653 2108 emo-

269 2147 651 2214 lumentum
689 2155 1050 2234 susceptam
1088 2154 1152 2214 et
1193 2147 1581 2214 elaboratam
1619 2147 2045 2215 absolverunt.
2090 2145 2275 2215 Grati
2295 2151 2427 2214 mei
2452 2151 2651 2214 animi

271 2258 730 2321 testimonium
775 2255 985 2322 dicant
1028 2257 1148 2322 hae
1191 2275 1426 2340 paucae
1471 2257 1538 2319 in
1583 2258 1998 2340 posteriorem
2046 2252 2364 2342 Odysseae
2400 2262 2651 2342 partem

276 2361 775 2428 observationes.

370 2561 412 2640 ξ
437 2559 523 2627 30
1785 2561 1985 2640 αὐτὰρ
2036 2559 2378 2634 Ὀδυσσεὺς

473 2664 642 2750 ἕζετο
690 2667 1040 2750 κερδοσύνῃ,
1089 2676 1494 2745 σκῆπτρον
1540 2665 1619 2731 δέ
1666 2689 1773 2732 ποι
1822 2666 2123 2733 ἔκπεσε
2166 2668 2466 2749 χειρός.
2519 2707 2603 2718 —-

327 2773 416 2840 33
467 2773 642 2839 ἀλλὰ
689 2774 970 2853 συβώτης
1021 2770 1148 2838 ὦκα
1198 2773 1340 2838 ποσὶ
1389 2779 1725 2853 κραιπνοῖσι
1773 2775 2111 2849 μετασπὼν

466 2877 670 2944 ἔσσυτ’
717 2879 839 2944 ἀνὰ
889 2878 1183 2965 πρόθυρον,
1237 2883 1529 2950 σκῦτος
1578 2877 1652 2943 δέ
1700 2901 1805 2943 rot
1854 2876 2149 2945 ἔκπεσε
2188 2878 2490 2962 χειρός.

465 2985 603 3058 τοὺς
652 2986 766 3063 μὲν
802 2985 1168 3076 ,ὁμοκλήσας
1217 2989 1387 3050 σεῦεν
1440 2985 1627 3057 κύνας
1673 2983 1931 3055 ἄλλυδις
1976 2983 2168 3050 ἄλλον

465 3101 756 3173 πυκνῇσιν
801 3091 1169 3170 λιθάδεσσιν,
1218 3089 1245 3156 ὃ
1295 3091 1356 3157 δὲ
1402 3090 1746 3171 προσέεειπε
1793 3091 2092 3156 νιένακτα.

279 3199 715 3264 Adnotatum:
762 3201 860 3278 „si
897 3198 1149 3264 clavam
1199 3197 1427 3264 callido
1475 3197 1741 3263 consilio
1789 3198 2068 3262 deiecisse
2113 3199 2347 3265 dicitur
2390 3198 2610 3266 Ulixes
2630 3249 2645 3278 ,

277 3328 358 3370 ne
420 3306 679 3371 canibus
737 3308 969 3371 minari
1029 3305 1372 3382 videretur,
1436 3326 1560 3370 non
1624 3303 1847 3370 ἔκπεσε
1913 3303 2251 3371 dicendum
2308 3313 2476 3385 erat,
2541 3307 2649 3372 sed

279 3411 522 3490 ἔκβαλε
587 3411 754 3496 quod
813 3418 908 3476 est
967 3415 1036 3476 in
1099 3408 1242 3488 ΘΧ,
1293 3410 1402 3476 sed
1448 3416 1703 3497 propter
1746 3431 2095 3496 pronomen
2140 3435 2216 3476 rot
2265 3411 2434 3497 quod
2478 3434 2651 3499 prae-

279 3517 448 3583 cedit
508 3519 707 3603 recipi
766 3516 1052 3602 nequit.’'
1101 3516 1261 3582 Vere
1309 3516 1569 3602 quidem
1615 3516 1919 3593 editores,
1968 3519 2024 3582 si
2068 3515 2285 3582 locum
2330 3517 2410 3582 ad
2455 3539 2649 3584 usum

279 3621 700 3688 Homericum
752 3623 933 3688 verbi
981 3623 1297 3688 ἐκπίπτειν
1343 3625 1631 3708 exegeris
1678 3623 1784 3704 (cf.
1836 3634 1889 3687 Δ
1920 3621 2072 3687 493.
2126 3631 2179 3686 Θ
2209 3621 2361 3688 329.
2410 3632 2464 3689 O
2492 3617 2645 3689 421.

281 3729 433 3795 465.
485 3741 534 3796 Χ
562 3728 714 3794 448.
764 3729 897 3811 al.),
948 3732 1096 3815 quia
1140 3735 1355 3795 tamen
1401 3730 1734 3794 manifeste
1781 3727 2028 3794 nullam
2074 3728 2267 3794 aliam
2312 3730 2416 3794 hic
2469 3729 2647 3796 locus

280 3837 565 3902 admittit
623 3839 1213 3923 interpretationem
1276 3836 1470 3922 (quod
1515 3837 1671 3901 bene
1715 3835 2033 3902 intellexit
2080 3835 2413 3923 glossator,
2463 3840 2645 3903 cuius

279 3951 374 4007 est
419 3941 608 4008 lectIo
657 3942 940 4021 ἔκβαλε),
990 3963 1186 4027 eaque
1231 3962 1356 4007 non
1394 3948 1649 4007 tantum
1687 3941 1862 4007 valet
1900 3941 1976 4006 de
2014 3963 2109 4006 vs.
2152 3941 2259 4020 31,
2302 3943 2412 4008 sed
2450 3946 2644 4009 etiam

282 4047 356 4114 de
415 4070 509 4114 vs.
561 4048 644 4114 34
666 4097 682 4127 ‚
745 4049 859 4114 ubi
919 4047 1222 4114 subulcus
1241 4097 1258 4126 ,
1324 4051 1434 4134 qui
1493 4048 1715 4114 dextra
1773 4047 1972 4113 libera
2050 4050 2151 4112 uti
2227 4048 2493 4114 debebat
2567 4049 2648 4114 ad

281 4153 619 4241 abigendos
679 4175 863 4220 canes
907 4163 1164 4234 πυκνῇσι
1213 4155 1579 4232 λιθάδεσσιν,
1629 4157 1875 4218 corium
1920 4153 2208 4220 consulto
2254 4155 2481 4233 abicit,
2530 4176 2644 4222 nec

282 4259 356 4326 de
392 4264 725 4348 utriusque
763 4283 984 4327 versus
1020 4261 1379 4348 corruptela
1415 4261 1547 4326 ullo
1583 4261 1775 4326 modo
1800 4263 2069 4347 cogitari
2094 4268 2304 4347 potest
2323 4310 2339 4340 ,
2367 4268 2643 4328 statuere

284 4371 571 4455 cogimur
635 4374 893 4455 poetam
910 4418 927 4447 ‚
995 4371 1107 4454 qui
1175 4369 1336 4434 hanc
1405 4367 1723 4454 Odysseae
1782 4375 2031 4454 partem
2091 4374 2202 4433 aut
2263 4367 2643 4454 particulam

284 4478 501 4558 panxit
562 4481 674 4540 aut
735 4477 1171 4554 concinnavit,
1236 4477 1575 4541 recentiore
1635 4475 1764 4540 fere
1826 4495 2002 4540 more
2064 4474 2260 4540 verbo
2322 4474 2643 4540 ἐκπίπτειν
