3192 5009
589 241 721 310 428
1232 263 1317 311 nx
1360 264 1984 312 mxuemnomus
2027 265 2330 312 annuns.

584 433 795 514 posset
838 431 893 493 si
936 427 1042 494 hic
1078 427 1257 495 locus
1292 437 1465 495 recte
1502 429 1950 516 explicaretur.
1988 431 2214 517 Itaque
2247 435 2608 496 statuerunt
2625 477 2642 506 ,
2667 424 2946 493 Gellium

584 533 646 600 h.
674 531 716 598 l.
779 533 1047 613 dixisse,
1110 538 1373 601 comitia
1420 535 1626 601 calata
1669 539 1810 623 ipsa
1853 537 2054 602 fuisse
2099 540 2462 604 contionem
2477 558 2498 614 3
2547 555 2698 600 cum
2739 539 2950 597 tamen

582 661 771 706 nemo
832 643 1071 708 nesciat
1088 691 1105 720 ,
1168 645 1430 709 comitia
1495 664 1634 708 esse
1697 651 2088 709 conventum
2131 648 2200 708 in
2245 664 2374 729 quo
2420 641 2718 728 suffragia
2759 639 2954 704 feran-

582 753 709 826 tur,
759 751 1119 814 contionem
1164 770 1314 815 vero
1361 771 1497 816 esse
1542 757 1938 816 conventum
1974 754 2046 815 in
2086 772 2214 836 quo
2253 750 2632 837 suffragium
2667 768 2788 811 non
2827 744 2954 819 fiat,

580 861 657 920 ut
700 856 836 941 ipse
882 851 1134 922 Gellius
1172 855 1389 922 docuit
1413 854 1486 938 ¹).
1526 857 1954 922 Manifestum
1991 863 2090 922 est
2107 907 2124 933 ,
2163 857 2348 922 illam
2369 855 2958 942 interpretationem

584 961 733 1026 ferri
802 981 927 1028 non
998 981 1214 1048 posse,
1286 969 1353 1028 et
1420 963 1489 1028 id
1558 962 1729 1049 quod
1799 964 1964 1028 dixit
2033 961 2320 1041 Gellius,
2383 967 2762 1028 testamenta
2826 957 2960 1022 fieri

583 1066 800 1132 calabis
866 1067 1123 1132 comibiie
1189 1069 1256 1132 bn
1312 1069 1537 1152 popubi
1599 1069 1868 1134 conbione
1925 1069 2103 1134 idem
2163 1069 2377 1134 valere
2437 1090 2510 1134 ac
2567 1071 2624 1132 si
2667 1067 2930 1130 dixisset
2948 1111 2963 1138 ,

582 1179 965 1240 testamenta
1008 1173 1145 1240 fieri
1196 1175 1497 1252 „comibiie
1542 1199 1694 1260 quae
1739 1177 2090 1240 dicebantur
2135 1177 2338 1238 calata
2357 1225 2374 1252 ‚
2417 1199 2566 1260 quac
2605 1173 2966 1236 habebantur

582 1279 649 1344 in
685 1281 909 1364 popubi
954 1279 1286 1346 conbione’ss
1336 1283 1537 1367 Atqui
1584 1285 1846 1347 comitia
1885 1285 1953 1346 in
1995 1285 2288 1348 contione
2327 1282 2548 1347 haberi
2587 1302 2712 1345 non
2751 1285 2970 1364 potue-

584 1392 769 1466 runt,
835 1387 889 1452 si
935 1385 1194 1452 fuerunt
1240 1407 1392 1453 vera
1438 1389 1700 1453 comitia
1745 1387 1986 1473 populi.
2037 1388 2338 1454 Pontifex
2386 1390 2497 1472 qui
2543 1389 2828 1472 praeerat
2877 1403 2973 1446 ac-

584 1495 745 1560 tioni
804 1512 930 1580 qua
992 1499 1377 1560 testamenta
1435 1493 1674 1560 fiebant
1693 1543 1709 1572 ,
1775 1517 1900 1559 non
1947 1498 2161 1581 potuit
2206 1494 2525 1581 populum
2571 1497 2640 1558 in
2684 1493 2976 1557 contione

584 1599 812 1666 habere
858 1606 1197 1686 postquam
1240 1602 1501 1666 comitia
1538 1601 1958 1666 advocaverat
1976 1650 1992 1679 ,
2039 1604 2164 1666 nisi
2215 1601 2504 1666 moribus
2550 1601 2978 1665 constitutum

584 1705 710 1772 suit
758 1713 831 1770 ut
876 1705 956 1771 ad
1002 1709 1403 1773 vocationem
1442 1709 1854 1773 comitiorum
1893 1729 2018 1772 non
2058 1710 2191 1793 ipse
2235 1705 2514 1794 populus
2553 1704 2980 1791 responderet,

587 1811 695 1878 sed
742 1813 979 1898 privati
1024 1811 1305 1898 quidam,
1356 1813 1589 1899 quibus
1635 1814 1703 1878 id
1747 1814 2040 1878 mandari
2088 1821 2302 1900 posset
2351 1819 2426 1878 ut
2465 1816 2533 1877 in
2574 1812 2693 1876 hac
2735 1811 2986 1875 actione

586 1923 1129 2004 repraesentarent
1190 1922 1394 1985 vicem
1456 1919 1716 2007 populi;
1784 1919 2071 2006 alioquin
2132 1921 2420 2006 pontifex
2485 1917 2803 2004 populum
2871 1919 2987 1980 aut

589 2046 665 2091 ex
704 2027 999 2092 contione
1040 2047 1154 2091 sua
1193 2025 1271 2092 ad
1318 2029 1581 2092 comitia
1629 2048 1779 2104 sua,
1829 2033 1944 2092 aut
1989 2048 2066 2091 ex
2112 2027 2392 2092 comitiis
2439 2027 2572 2089 suis
2619 2023 2698 2087 ad
2746 2023 2990 2087 contio-

588 2151 739 2196 nem
808 2151 992 2196 suam
1060 2138 1439 2198 avocaturus
1500 2133 1726 2198 fuisset
1752 2131 1824 2212 ⁹).
1899 2132 2082 2198 Hanc
2144 2133 2222 2196 ob
2288 2151 2546 2196 causam
2596 2125 2854 2194 Gellius
2908 2125 2990 2191 ad

589 2235 977 2304 vocabulum
1029 2241 1137 2315 „in
1183 2238 1517 2304 contione”
1568 2259 1694 2304 non
1745 2243 1984 2304 temere
2034 2237 2278 2302 addidit
2325 2237 2491 2301 illud
2532 2233 2872 2320 „populi'’,
2917 2239 2993 2297 ut

592 2341 789 2408 simul
829 2343 1217 2430 significaret
1262 2347 1435 2410 cives
1484 2347 1595 2430 qui
1645 2344 1934 2410 adessent
1981 2365 2130 2408 cum
2170 2347 2556 2407 testamenta
2595 2341 2820 2407 fierent
2859 2361 2994 2404 non

591 2451 659 2514 in
730 2451 1007 2516 comitiis
1074 2449 1183 2514 sed
1243 2453 1312 2514 in
1377 2452 1668 2516 contione
1731 2451 1964 2526 fuisse,
2033 2455 2098 2514 et
2163 2451 2425 2514 comitia
2470 2447 2586 2512 illa
2633 2448 2802 2512 facta
2851 2467 2994 2511 esse

594 2558 729 2622 sine
767 2553 1024 2641 popule.
1068 2553 1373 2620 Videmus
1409 2558 1636 2642 igitur,
1679 2557 1940 2620 comitia
1978 2555 2186 2620 calata
2222 2557 2290 2618 in
2331 2554 2562 2638 quibus
2601 2559 2996 2618 testamenta

596 2661 847 2738 fiebant,
896 2682 1019 2726 non
1070 2681 1205 2726 esse
1251 2663 1413 2726 inita
1458 2683 1495 2725 a
1537 2661 1812 2747 populo;
1861 2664 1928 2724 in
1978 2663 2068 2725 eis
2117 2681 2368 2746 quoque
2411 2658 2794 2745 suffragium
2834 2659 3002 2724 fere·

594 2767 785 2834 batur
832 2785 869 2832 a
916 2763 1107 2830 XXX
1154 2765 1523 2844 lictoribus;
1570 2788 1802 2832 verum
1849 2785 1922 2831 ea
1969 2767 2354 2830 caerimonia
2393 2784 2518 2827 non
2556 2763 2722 2828 clam
2762 2765 2997 2850 ageba-

600 2881 723 2950 tur,
772 2871 879 2938 sed
930 2871 1359 2939 advocabatur
1405 2875 1616 2938 contio
1637 2921 1654 2950 ,
1698 2879 1762 2937 et
1801 2875 1869 2936 in
1911 2873 2202 2936 contione
2243 2873 2303 2935 ei
2341 2873 2645 2934 intererat
2683 2870 2996 2956 populus.

598 2979 841 3046 Deinde
888 2999 1037 3044 vero
1084 2977 1261 3045 locus
1280 3027 1295 3056 ,
1346 2999 1471 3064 quo
1520 2978 1745 3044 Livius
1796 2977 2096 3043 describit
2133 2978 2697 3062 inaugurationem
2737 2977 2998 3043 Numae

600 3089 770 3174 regis
836 3085 924 3166 (1.
958 3085 1089 3162 18),
1160 3083 1529 3150 confirmare
1602 3083 1878 3160 videtur,
1955 3085 2250 3160 comitia,
2325 3103 2488 3168 quae
2557 3083 3000 3169 inaugurandi

598 3211 787 3258 causa
832 3191 1216 3256 haberentur
1262 3197 1545 3276 tempore
1584 3189 1819 3255 liberae
1862 3188 2246 3273 reipublicae
2265 3237 2282 3265 ,
2325 3209 2450 3252 non
2489 3208 2525 3252 a
2565 3189 2816 3253 civibus
2857 3210 3000 3254 esse

599 3299 793 3373 inita,
865 3299 1015 3384 quia
1082 3296 1421 3362 difficultas
1492 3295 1810 3382 quaedam
1871 3315 2065 3382 quam
2127 3298 2183 3359 is
2244 3294 2424 3359 locus
2487 3295 2778 3379 praebet,
2829 3317 3000 3380 quae

600 3403 883 3490 alioquin
948 3405 1057 3468 vix
1120 3401 1283 3468 solvi
1346 3409 1548 3488 potest
1572 3451 1587 3478 ,
1653 3400 1834 3466 facile
1896 3399 2185 3466 solvetur
2231 3403 2288 3464 si
2332 3400 2400 3464 id
2445 3402 2538 3464 ita
2583 3421 2648 3464 se
2694 3401 3002 3465 habuisse

602 3509 1075 3598 agnoverimus.
1140 3507 1363 3572 Livius
1422 3509 1595 3572 enim
1619 3555 1636 3584 ,
1701 3504 1882 3570 nulla
1947 3509 2268 3570 mentione
2337 3505 2502 3569 facta
2547 3508 2962 3570 comitiorum
2985 3555 3000 3584 ,

604 3617 719 3684 hoc
792 3621 1045 3682 tanturn
1114 3615 1303 3680 dicit:
1382 3614 1722 3698 „auspiciis
1791 3613 2006 3676 missis
2076 3611 2417 3673 declaratus
2483 3633 2588 3672 rex
2647 3611 2852 3674 ,Numa
2920 3613 3002 3676 de

606 3721 849 3810 templo
909 3720 1295 3787 dost-omum
1366 3719 1608 3784 'Pamffli
1679 3723 2042 3782 statuamus
2113 3736 2362 3780 necesse
2433 3721 2532 3780 est
2553 3765 2568 3792 ,
2641 3717 3000 3782 secundum

678 3981 729 4030 lx
756 3979 883 4030 nell.
902 3979 981 4028 1³,
1006 3977 1081 4027 1&
1102 3979 1153 4033 ⁸;
1184 3980 1257 4028 1³.
1278 3975 1363 4026 82.
1380 3979 1427 4026 4.
1448 4004 1511 4014 -
1534 3975 1588 4035 1)
1608 3975 1893 4024 Gentio-e·
1911 3975 1963 4022 et
1977 3988 2092 4022 ven
2107 3971 2304 4022 comitia
2319 3971 2490 4037 populi
2507 3989 2602 4022 non
2619 3973 2834 4037 potuine
2850 3975 3000 4023 simul

604 4061 667 4114 ab
698 4063 863 4112 emto·
896 4061 955 4108 sie
990 4059 1155 4108 nde·
1190 4073 1243 4108 re
1278 4057 1471 4117 haberi,
1502 4063 1632 4106 reete
1663 4055 1858 4120 agnovit
1898 4055 2194 4112 noum.
2229 4069 2340 4102 eun
2375 4055 2446 4102 ita
2479 4053 2766 4102 dees-ibent
2799 4055 2998 4104 initium

604 4145 913 4194 mmitiom-
946 4143 1171 4204 (Sta-ter.
1208 4141 1253 4188 3.
1278 4141 1303 4188 1
1342 4155 1449 4204 pag-
1486 4137 1643 4195 89ῗ)ε
1684 4152 1762 4186 ..te
1791 4137 1910 4200 fulg}
1945 4136 2024 4184 die
2051 4135 2412 4198 Abda-ung:
2443 4135 2520 4182 die
2545 4135 2682 4183 nieht
2707 4137 3002 4199 gugliederte

606 4227 849 4276 ammei-
874 4223 1163 4272 rem-deit
1190 4223 1293 4270 airh
1322 4221 1375 4270 iu
1402 4221 1480 4269 die
1506 4219 1828 4284 &linit-rtem
1853 4217 2098 4267 oe-'tia”.
2137 4217 2230 4266 His
2257 4216 2416 4265 verbis
2441 4218 2541 4279 ipae
2573 4217 2786 4266 refutare
2803 4219 3000 4267 videtur

608 4307 735 4372 qumi
778 4315 921 4356 um
954 4305 1013 4355 a·
1044 4305 1213 4354 nem
1249 4319 1299 4354 re
1334 4303 1587 4366 scripserat
1625 4306 1679 4349 ut
1715 4307 1934 4349 tuentur
1967 4299 2419 4363 inu-:putatione-
2453 4297 2588 4346 iu·-
2621 4299 2870 4362 vulgatan
2903 4300 2998 4349 loci

608 4389 755 4440 Gellii
788 4390 945 4452 (δμς
982 4387 1081 4434 819
1112 4387 1217 4436 uin.
1254 4387 1329 4434 δὴ
1384 4385 1515 4432 -dm
1558 4383 1636 4430 die
1667 4384 1828 4430 aaut&
1857 4385 1936 4430 ein
1969 4381 2318 4444 integrirender
2351 4379 2488 4427 'rhen
2523 4380 2610 4428 det
2641 4381 2844 4430 mitit
2877 4381 2996 4432 isf'.
