3192 5009
869 978 1016 1068 Al)
1071 977 1508 1069 BELLUM
1565 975 2369 1068 IUGURTHINUM.

1507 1183 1756 1226 scmpsn·

1259 1339 1334 1403 P.
1381 1338 1468 1404 Η.
1521 1321 2005 1404 DAMSTE.

1465 1631 1795 1666 —000-—

533 1884 877 1950 Neminem
933 1901 1059 1946 non
1118 1883 1187 1945 in
1245 1877 1413 1944 Belli
1472 1878 1848 1966 Iugurthini
1908 1882 2176 1947 historia
2220 1879 2483 1946 offendit
2525 1878 2827 1944 confusus

445 2010 755 2070 annorum
817 1986 968 2052 ordo
987 2035 1004 2063 ‚
1069 1985 1298 2071 quibus
1359 1983 1748 2070 Iugurtham
1795 1985 2129 2072 adoptione
2170 1989 2241 2050 in
2286 2006 2563 2073 regnum
2604 2003 2833 2070 perve-

443 2099 612 2162 nisse
629 2143 646 2172 ,
688 2096 924 2180 pariter
961 2113 1112 2157 cum
1149 2091 1460 2176 Micipsae
1497 2090 1651 2156 filiis
1686 2091 1983 2157 heredem
2012 2094 2391 2158 institutum
2412 2113 2548 2157 esse
2564 2139 2581 2168 ,
2604 2094 2829 2176 ipsum

444 2201 788 2286 Micipsam
837 2198 1174 2264 decessisse
1221 2195 1564 2262 Sallustius
1610 2199 1957 2264 memoriae
2004 2197 2288 2283 prodidit
2302 2245 2319 2276 ,
2368 2205 2447 2262 ut
2483 2218 2653 2262 nunc
2690 2197 2835 2281 qui-

448 2308 594 2373 dem
638 2305 763 2371 loci
807 2303 1116 2390 leguntur
1159 2305 1390 2389 quibus
1435 2302 1513 2368 de
1555 2305 1639 2368 iis
1683 2305 1871 2369 rebus
1918 2325 2128 2370 sermo
2182 2311 2301 2370 est.

537 2411 612 2476 In
660 2408 882 2496 Capite
931 2408 992 2474 9.
1022 2407 1060 2474 3
1107 2407 1351 2495 legitur
1395 2429 1615 2496 regem
1662 2417 1807 2496 post
1850 2409 2095 2476 bellum
2140 2409 2618 2476 Numantinum
2672 2429 2829 2474 cum

448 2520 692 2582 virtute
739 2521 886 2580 tum
927 2517 1139 2602 gratia
1182 2513 1534 2601 Iugurthae
1581 2522 1944 2601 permotum
1992 2518 2285 2582 animum
2332 2537 2527 2581 suum
2573 2513 2829 2580 flexisse

447 2629 514 2690 et
561 2644 711 2688 eum
754 2621 1074 2687 beneficiis
1119 2623 1371 2686 vincere
1418 2641 1798 2708 aggressum
1844 2643 1999 2687 esse.
2048 2623 2375 2708 Statimque
2412 2645 2541 2686 eum
2578 2623 2829 2704 adopta-

447 2730 537 2794 vit
582 2735 640 2792 et
683 2733 1024 2792 testamento
1059 2727 1304 2808 pariter
1347 2749 1474 2790 cum
1504 2728 1675 2810 filiis
1719 2729 1987 2792 heredem
2030 2729 2322 2793 instituit.
2388 2727 2571 2809 Quod
2614 2730 2825 2814 igitur

447 2856 608 2901 anno
655 2832 782 2898 133
824 2855 879 2898 a.
922 2831 994 2900 G.
1035 2831 1140 2898 vel
1180 2832 1370 2918 paulo
1409 2841 1552 2919 post
1591 2834 1835 2900 factum
1860 2857 1995 2901 esse
2020 2838 2407 2923 accipiamus
2432 2856 2683 2900 necesse
2706 2839 2833 2899 est.

541 2939 999 3026 Subsequitur:
1066 2941 1174 3003 ced
1231 2939 1362 3023 ipse
1408 2962 1640 3023 paucos
1684 2949 1828 3024 poet
1889 2963 2076 3005 annos
2129 2991 2143 3005 .
2174 2990 2188 3006 .
2218 2989 2233 3006 .
2286 2963 2413 3006 cum
2473 2941 2591 3005 eibi
2634 2942 2833 3024 finem

449 3047 611 3113 vitae
655 3047 860 3110 adesse
903 3045 1292 3125 intelleyeret.
1339 3045 1683 3133 Micipsam
1731 3053 1951 3113 autem
1998 3068 2160 3113 anno
2206 3047 2335 3113 118
2376 3068 2432 3113 a.
2474 3044 2547 3114 O.
2591 3047 2829 3111 obiisse

453 3160 720 3220 constat.

541 3259 618 3325 In
687 3256 910 3344 Capite
979 3257 1080 3323 11.
1110 3257 1149 3323 6
1209 3259 1576 3325 invenimus
1639 3258 2027 3346 Iugurtham
2092 3281 2242 3325 cum
2303 3266 2448 3346 post
2512 3259 2827 3346 Micipsae

453 3373 728 3434 mortem
797 3363 1009 3451 reg-uli
1075 3363 1153 3429 de
1220 3364 1719 3430 administrando
1786 3368 2056 3450 imperio
2127 3365 2535 3445 dissererent,
2605 3367 2833 3431 iecisse

454 3477 740 3560 oportere
800 3473 1194 3556 quinquenni
1254 3470 1547 3536 consulta
1608 3476 1674 3535 et
1735 3470 1983 3537 decreta
2044 3473 2259 3538 omnia
2318 3471 2625 3538 rescindi:
2674 3491 2832 3536 nam

453 3600 567 3666 per
603 3599 678 3643 ea
715 3583 1004 3663 tempora
1039 3577 1397 3642 confectum
1436 3579 1616 3642 annis
1652 3576 1999 3663 Micipsam
2033 3599 2264 3664 pamm
2288 3581 2503 3644 animo
2526 3577 2831 3643 valuisse.

454 3685 625 3750 Tum
683 3684 858 3748 idem
905 3681 1348 3768 Hiempsalem
1394 3681 1640 3769 placere
1688 3683 1810 3748 sibi
1857 3683 2283 3770 respondisse:
2330 3709 2469 3749 nam
2512 3684 2709 3767 ipsum
2754 3683 2837 3746 ic-

458 3792 580 3855 bum
624 3789 814 3854 mbas
844 3789 1161 3872 proc-umis
1207 3789 1385 3852 annis
1429 3789 1815 3871 adoptatione
1858 3790 1925 3853 in
1971 3813 2213 3870 regnum
2246 3790 2613 3874 pervenisse.

547 3895 715 3964 Cum
777 3901 992 3960 tamen
1039 3893 1423 3981 Iugurtham
1471 3914 1634 3960 anno
1689 3893 1815 3959 133
1866 3894 2242 3980 adoptatum
2288 3917 2425 3962 esse
2469 3916 2664 3982 supra
2707 3894 2838 3961 dic-

458 4009 605 4069 tum
649 4005 770 4080 sit,
821 4000 1081 4067 Dietsch
1131 3999 1517 4084 adoptatione
1562 4000 1905 4066 delendum
1946 4023 2080 4067 esse
2120 4007 2365 4080 censet,
2407 4023 2600 4089 quem
2638 3999 2838 4067 multi

456 4109 732 4176 editores
777 4109 979 4172 secuti
1025 4111 1197 4170 sunt.
1245 4106 1332 4170 At
1379 4111 1556 4172 vetat
1601 4107 1739 4191 ipsa
1784 4105 2081 4172 vocabuli
2129 4108 2331 4172 forma
2376 4113 2637 4173 vetusta
2682 4127 2839 4194 quo-

457 4220 674 4282 minus
711 4213 838 4279 tale
878 4212 1033 4299 quid
1075 4211 1437 4278 credamus:
1481 4233 1605 4277 non
1645 4213 2029 4295 adoptatione
2046 4263 2063 4292 ‚
2106 4213 2215 4279 sed
2252 4213 2575 4297 adoptione
2604 4211 2841 4300 aliquis

454 4323 659 4389 lector
723 4323 792 4386 in
859 4321 1150 4405 margine
1219 4317 1641 4403 adscripserit.
1712 4317 1835 4384 Sed
1906 4319 2231 4406 paulisper
2294 4341 2445 4386 cum
2506 4317 2839 4386 Dietschio

458 4428 844 4513 adoptatione
912 4429 1305 4511 expunctum
1373 4431 1563 4510 puta:
1641 4426 1795 4511 quid
1863 4427 1995 4490 iam
2062 4424 2400 4514 Hiempsal
2470 4425 2839 4493 contendit?
