3192 5009
1216 239 1563 288 nonium.
1699 213 1706 220 ’
2349 217 2360 226 ’
2453 221 2580 290 157

248 405 481 484 »πάντ-ἔς
540 407 567 472 ἑ
612 409 669 471 si
710 409 882 472 ictus
926 403 1097 470 cadit
1144 406 1214 469 in
1258 404 1575 491 syllabam
1623 428 1710 476 -ες
1728 454 1745 483 ,
1795 408 1896 470 sin
1941 407 2158 471 minus
2175 454 2192 484 ,
2242 404 2582 494 dactylum

247 513 525 589 „efficiunt
566 513 683 578 hae
732 511 1046 598 syllabae,
1100 532 1225 576 non·
1265 510 1850 597 palimbacchium”
1887 510 1956 594 1).
2009 551 2094 562 -
2147 513 2234 578 At
2272 512 2450 578 aliud
2487 519 2586 578 est

244 619 525 685 ostendere
566 618 725 704 quid
771 621 858 683 sit
901 621 972 681 in
1020 623 1203 682 textu
1251 617 1487 682 tradito
1507 665 1523 694 ,
1576 617 1754 682 aliud
1801 617 1948 684 inde
1996 618 2372 686 concludere
2427 620 2581 705 quid

240 727 483 810 ipsorum
515 733 855 811 poetarum
894 745 995 789 ars
1031 726 1295 790 metrica
1337 730 1449 788 aut
1492 723 1716 788 tulerit
1751 731 1865 789 aut
1911 747 2038 790 non
2079 725 2302 792 tulerit
2319 748 2335 804 ;
2371 729 2581 813 specie

242 844 421 897 autem
476 835 629 918 quin
691 831 899 917 decipi
961 853 1029 896 se
1092 833 1421 916 patiantur
1484 833 1595 916 qui
1643 833 1736 895 ita
1781 831 2066 896 iudicant
2083 881 2102 910 ,
2149 835 2420 898 minime
2468 833 2582 898 du-

238 939 385 1003 bium
426 939 717 1004 ducimus
734 987 752 1016 ,
802 941 1077 1023 quinque
1129 939 1529 1023 argumentis
1581 937 1763 1001 freti:

310 1045 387 1124 1⁰)
430 1067 573 1112 vero
618 1051 717 1111 est
764 1043 1075 1109 dissimile
1095 1091 1112 1121 ,
1152 1063 1495 1108 consonam
1535 1066 1579 1122 r,
1620 1063 1780 1128 quae
1817 1045 1886 1108 in
1925 1047 2050 1109 arsi
2089 1045 2404 1111 sufficeret
2447 1044 2582 1112 sola

236 1155 297 1220 ad
346 1156 621 1222 vocalem
666 1157 931 1221 brevem
978 1154 1451 1240 producendam
1498 1145 1652 1234 (ἀπ-’δ
1694 1152 1753 1218 ’ἕο
1805 1159 1978 1235 etc.),
2026 1158 2097 1219 in
2147 1156 2313 1222 thesi
2357 1179 2436 1222 ne
2485 1156 2586 1222 ad-

232 1265 453 1329 iuvante
498 1263 763 1350 quidem
809 1261 1007 1327 altera
1054 1281 1329 1326 consona
1375 1281 1451 1325 eo
1493 1263 1824 1345 pervenire
1873 1264 2160 1346 potuisse
2201 1269 2277 1327 ut
2317 1263 2582 1350 longam

234 1367 509 1454 syllabam
554 1369 865 1436 redderet.

308 1475 389 1556 2⁰)
430 1479 611 1562 pauci
658 1475 921 1562 quidem
967 1473 1093 1539 loci
1110 1520 1127 1550 ,
1178 1473 1288 1538 sed
1332 1479 1550 1538 tamen
1595 1473 1722 1538 loci
1769 1473 2013 1560 aliquot
2063 1475 2141 1539 ab
2189 1475 2580 1543 Hoffinanno

234 1579 461 1666 aliisque
502 1581 769 1647 indicati
816 1581 1207 1646 contrarium
1248 1578 1517 1644 docent:
1570 1579 1743 1657 τόξῐν
1792 1580 1958 1645 roth
2007 1585 2150 1658 etc„
2197 1584 2359 1647 item
2405 1591 2582 1648 νοῒνον

234 1699 619 1772 εσινσχοεῦντες
670 1719 717 1772 γ
745 1692 897 1771 472,
949 1685 1152 1773 αὖτῗξρ
1197 1702 1519 1770 Ῥιφικλῆα
1566 1692 1830 1758 Hesiod.
1883 1693 2060 1759 Scut.
2113 1691 2201 1757 54
2230 1691 2304 1774 ⁸).

308 1798 393 1880 3⁰)
432 1805 497 1865 in
540 1803 758 1867 dativo
797 1824 873 1867 rot
922 1801 1318 1888 singularem
1362 1798 1652 1885 aliquam
1699 1803 1836 1864 vim
1883 1800 2080 1866 fuisse
2125 1799 2378 1867 litterae
2415 1823 2544 1869 vau
2562 1851 2578 1881 ,

234 1925 333 1990 qua
364 1909 426 1970 in
461 1911 683 1974 ceteris
727 1909 922 1974 huius
970 1909 1365 1994 pronominis
1408 1907 1659 1972 casibus
1705 1931 1760 1970 re
1779 1955 1796 1984 ,
1844 1911 2039 1986 remo,
2088 1906 2242 1972 εέθεν
2286 1912 2579 1988 caruerit,

234 2011 287 2076 id
324 2035 562 2080 omnem
608 2014 802 2080 fidem
848 2020 1108 2100 superat
1136 2011 1205 2094 ³).

307 2118 397 2198 4⁰)
451 2123 517 2184 in
574 2120 806 2207 lingua
867 2120 1211 2185 Homerica
1258 2139 1445 2184 voces
1490 2116 1681 2194 ξεῖνος
1733 2118 1908 2196 κούρη
1961 2123 2161 2200 κοῦρος
2214 2119 2408 2201 δουρός
2457 2126 2579 2186 etc.

238 2223 508 2308 syllabam
551 2250 605 2291 ει
654 2227 762 2292 vel
808 2251 872 2291 ου
891 2275 908 2304 ,
956 2248 1035 2292 ex
1088 2248 1178 2290 επ
1222 2224 1329 2290 vel
1374 2249 1463 2305 opr
1506 2230 1762 2303 natam,
1812 2225 2016 2290 nihilo
2063 2229 2269 2291 rarius
2305 2229 2376 2290 in
2413 2227 2580 2293 thesi

236 2329 429 2397 habent
470 2331 839 2398 collocatam
886 2353 1083 2419 quam
1125 2334 1195 2395 in
1242 2333 1387 2396 arsi.
1462 2328 1881 2397 Credimusne
1930 2353 2274 2397 consonam
2321 2353 2454 2398 vau
2500 2332 2582 2398 ad

238 2435 459 2502 brevem
515 2460 673 2525 quae
739 2438 1060 2525 praecedit
1121 2436 1413 2502 vocalem
1469 2437 1944 2522 producendam
1991 2438 2138 2524 plus
2184 2438 2465 2505 valuisse
2509 2441 2580 2504 in

236 2541 311 2606 his
376 2546 627 2611 vocibus
644 2595 661 2624 ,
724 2545 839 2610 ubi
895 2551 1043 2610 ante
1102 2564 1337 2608 aevum
1396 2542 1822 2608 Homericum
1880 2545 2179 2631 absorpta
2251 2550 2350 2610 est
2419 2566 2574 2610 sono

234 2651 412 2716 vicino
428 2699 443 2728 ,
488 2672 679 2738 quam
737 2655 806 2715 in
865 2649 1327 2716 vocabulorum
1386 2651 1573 2714 initio
1592 2698 1610 2727 ‚
1672 2649 1784 2714 ubi
1843 2671 1956 2714 suo
2021 2653 2160 2717 iure
2222 2654 2578 2716 etiamtunc

234 2757 531 2823 utebatur?
596 2759 685 2824 Et
752 2759 831 2824 de
888 2758 1081 2823 verbo
1145 2756 1447 2833 δείδοικα,
1510 2753 1682 2841 quod
1739 2777 2059 2842 nusquam
2121 2777 2247 2823 non
2292 2760 2362 2821 in
2409 2758 2578 2822 thesi

235 2860 387 2929 habet
428 2864 739 2952 syllabam
776 2863 1092 2930 initialem
1111 2911 1127 2941 ,
1178 2863 1334 2948 quid
1378 2865 1583 2949 igitur
1635 2859 2027 2927 statuimus?

304 2969 387 3050 5⁰)
426 2977 761 3057 postquam
808 2973 1071 3036 evanuit
1120 2970 1450 3055 digamma
1496 2989 1530 3033 e
1580 2974 1768 3033 textu
1811 2969 2191 3047 HomericO,
2241 2991 2367 3034 non
2407 2975 2578 3055 pote-

236 3083 347 3138 tant
385 3099 507 3142 non
550 3077 881 3164 displicere
929 3097 1151 3142 versus
1197 3077 1309 3161 qui
1358 3073 1674 3161 syllabam
1720 3077 1790 3140 in
1834 3075 2004 3140 thesi
2042 3078 2178 3141 sine
2216 3096 2406 3141 causa
2439 3097 2580 3161 pro—

238 3179 453 3248 ductam
510 3184 739 3250 habere
798 3182 1213 3260 videbantur;
1267 3180 1427 3246 tales
1474 3182 1684 3266 igitur
1725 3180 1898 3246 locos
1946 3183 2144 3246 variis
2191 3182 2400 3248 modis
2445 3187 2578 3247 ten-

286 3377 329 3442 1)
362 3381 467 3430 via.
500 3361 605 3432 voti
638 3381 847 3432 amnt.
879 3381 999 3430 hon..
1036 3377 1243 3430 Studien
1280 3379 1361 3428 111
1401 3395 1450 3444 p.
1479 3378 1544 3431 'ze
1563 3393 1683 3443 sqq..
1719 3379 1963 3428 nnuman
1996 3377 2269 3428 aristot-eh.
2301 3378 2356 3427 11
2393 3381 2575 3445 p.2ea,

238 3457 591 3514 taum-Busa
622 3467 761 3528 auf.
800 3463 1098 3513 Granmtik
1139 3463 1189 3510 1³
1230 3478 1275 3527 p.
1312 3462 1409 3510 100
1445 3464 1534 3509 ete.

285 3542 327 3602 2)
353 3546 673 3595 Aoeuaativum
707 3547 797 3600 -ἥα
832 3549 1045 3594 vetustae
1077 3543 1197 3592 artis
1229 3559 1324 3592 nou
1360 3558 1459 3592 ease
1494 3543 1736 3601 videmus,
1771 3544 1854 3592 aed
1886 3558 1983 3592 non
2018 3543 2292 3593 infirmatur
2327 3543 2467 3602 hinc,
2499 3559 2574 3594 ro·

236 3619 393 3674 batur
434 3627 591 3691 potina
633 3631 969 3691 argumentum
1015 3629 1260 3681 nostrum,
1300 3623 1435 3689 priua
1468 3624 1597 3674 euim
1632 3625 1912 3674 confluxisse
1945 3623 2150 3689 syllabas
2185 3641 2288 3674 -ιι-
2312 3641 2456 3689 quam
2489 3625 2572 3675 ab·

238 3701 375 3756 iactum
398 3717 465 3757 eat
492 3709 731 3773 digamma
761 3707 951 3758 initiale
985 3707 1094 3757 iude
1128 3706 1347 3756 efficitur.

284 3787 323 3848 8)
362 3789 509 3840 Etiam
552 3791 847 3840 contrarium
892 3788 1217 3839 demonstrari
1251 3787 1431 3853 poterit
1466 3803 1555 3853 ope
1590 3789 1714 3838 artis
1747 3788 2036 3847 atatiaticae,
2071 3788 2113 3838 ai
2148 3788 2257 3853 quia
2288 3791 2426 3854 putet
2457 3789 2576 3839 satia

238 3867 359 3918 tulere
396 3871 511 3921 hauc
553 3877 709 3922 artem
753 3873 812 3922 ad
858 3871 1233 3930 demonstranda
1268 3886 1323 3919 ea
1355 3886 1479 3934 quae
1514 3886 1610 3920 non
1647 3870 1746 3920 sint
1781 3871 1832 3920 in
1867 3886 2029 3921 rerum
2063 3880 2252 3921 natura.
2301 3871 2488 3937 Nempe
2522 3872 2574 3922 iu

236 3951 337 4000 tuta
366 3955 538 4004 tradito
580 3955 819 4019 genitivus
865 3948 935 4003 εἷο
979 3952 1033 4002 Uo
1066 3952 1170 4002 ‘ssav
1206 3956 1254 4001 et
1288 3953 1583 4002 accusativus
1619 3949 1644 3999 i
1682 3953 1897 4003 litteram
1933 3953 2174 4017 digamma
2211 3968 2444 4017 nusquam
2479 3969 2574 4004 uon

238 4039 395 4092 mut
439 4037 513 4085 vel
559 4037 847 4096 admittunt,
891 4040 1061 4086 eontra
1106 4035 1302 4085 dativus
1338 4034 1390 4082 οἱ
1416 4035 1754 4099 septemdecim
1789 4034 1904 4086 locis
1941 4034 2218 4084 Homericis
2249 4051 2354 4085 eam
2387 4035 2574 4096 amisit,

238 4113 267 4160 η’
300 4117 397 4166 fide·
436 4123 507 4168 eat
536 4119 749 4170 habenda
778 4118 973 4168 lectioni
1013 4118 1247 4182 vulgatae.
1284 4118 1479 4166 Numae
1510 4117 1664 4182 igitur
1698 4116 1942 4180 digamma
1973 4117 2026 4166 in
2061 4117 2327 4166 accusativo
2362 4121 2413 4166 et
2444 4119 2574 4183 geui-

239 4195 315 4244 tivo
354 4197 483 4250 huius
527 4201 824 4266 pronominis
863 4203 980 4264 plna
1026 4200 1231 4249 valuisse
1279 4214 1423 4264 quam
1464 4198 1517 4247 iu
1562 4199 1725 4247 dativo
1770 4198 1884 4248 hiuc
1918 4198 2182 4248 efficimus?
2220 4199 2375 4249 Immo
2410 4205 2576 4250 uoatra

240 4275 397 4330 fitium
424 4283 559 4333 verba
590 4283 731 4334 amici
766 4284 819 4334 J.
836 4284 882 4333 J.
918 4283 1187 4334 Haunun
1222 4281 1397 4346 (At-al.
1438 4279 1743 4345 Xenophon.
1779 4297 1828 4346 p.
1856 4281 1968 4342 41)=
2004 4280 2114 4330 vide
2147 4297 2290 4345 quam
2317 4281 2572 4332 absurdam

243 4373 317 4409 ren
342 4365 557 4416 asti-tia
602 4366 723 4415 duce
756 4366 989 4432 possimus
1021 4365 1377 4414 demonstrare!
