3192 5009
518 328 651 395 226
1513 346 1890 398 sornoomzs,

604 512 949 578 Oraculum
968 562 983 591 ‚
1028 514 1197 598 quod
1236 512 1477 581 Cadmo
1520 520 1617 579 est
1641 514 1964 579 redditum
1989 514 2065 579 de
2089 514 2409 579 condenda
2431 515 2588 579 urbe
2611 512 2898 593 (Oracul.

514 618 736 686 Graec.
804 620 899 685 ed.
951 619 1028 683 R.
1077 619 1365 685 Hendess
1413 641 1575 685 anno
1632 618 1802 686 1877
1853 626 1942 683 η’).
2002 620 2086 701 1),
2137 628 2363 685 notum
2412 627 2506 686 est
2555 642 2588 685 e
2635 618 2900 685 scholiis

511 726 590 791 ad
658 726 880 812 Eurip.
952 726 1277 792 Phoeniss.
1342 748 1437 791 vs.
1492 726 1623 791 638
1671 726 1857 807 (641)
1919 732 1985 791 et
2050 748 2084 792 e
2146 726 2404 805 Tzetza,
2472 749 2591 803 „ex
2638 726 2895 792 scholiis

513 840 774 911 „autem
836 836 903 913 in
966 832 1343 918 Euripidem
1390 840 1534 897 tum
1586 833 1870 897 nondum
1921 832 2107 897 editis
2155 833 2410 899 scholiis
2452 836 2522 897 in
2567 832 2890 917 Aristoph.

511 940 762 1017 „Ranae
824 945 947 1019 (vs.
1004 938 1203 1019 1225)
1251 960 1414 1005 anno
1467 938 1641 1005 1496
1695 940 1864 1025 apud
1913 938 2152 1004 Aldum
2200 940 2388 1005 editis
2433 942 2704 1005 inseruit
2749 938 2892 1003 Mu-

511 1046 785 1125 „surus”
836 1046 1186 1111 secundum
1232 1035 1636 1112 Dindorfium
1677 1047 1832 1127 (vid.
1877 1044 2070 1112 schol.
2113 1048 2436 1133 Aristoph.
2479 1047 2577 1112 ed.
2603 1045 2886 1111 Dindorf.

506 1151 571 1215 ΙΙ
617 1174 678 1237 p.
734 1150 861 1215 133
916 1155 985 1215 in
1032 1153 1293 1236 annot).

599 1259 685 1321 At
745 1256 1055 1322 Musurus
1115 1258 1531 1343 undecunque
1593 1258 1922 1323 oraculum
1969 1257 2134 1323 illud
2179 1262 2514 1335 sumserit,
2565 1260 2886 1344 puriorem

505 1370 673 1429 certe
719 1369 973 1429 textum
1023 1364 1314 1429 exhibuit
1364 1386 1557 1450 quam
1604 1368 1918 1450 reperitur
1961 1367 2028 1429 in
2079 1364 2336 1429 scholiis
2384 1364 2747 1450 Euripideis
2763 1384 2780 1441 3
2819 1367 2890 1427 in

504 1491 695 1535 versu
736 1472 905 1535 enim
948 1468 987 1533 3
1027 1470 1336 1535 mendum
1374 1469 1643 1534 sustulit
1683 1472 2038 1533 certissima
2078 1470 2516 1535 emendatione
2537 1520 2552 1547 ,
2591 1472 2661 1535 in
2699 1490 2888 1555 quam

504 1582 721 1641 tamen
767 1598 887 1641 non
940 1576 1209 1662 quilibet
1254 1576 1527 1641 incidat:
1571 1576 1739 1649 ἦθάδ·
1780 1597 1894 1661 pro
1935 1576 2175 1639 ἔνθαδ’.
2227 1575 2568 1662 Optima
2615 1581 2888 1641 autem

504 1684 705 1748 haec
764 1681 1026 1748 lectio
1090 1684 1305 1759 qoam
1358 1687 1599 1747 extat
1643 1684 1726 1745 in
1777 1682 2060 1747 codice
2109 1689 2408 1747 nostro
2457 1682 2892 1747 Laurenti-

506 1811 599 1853 an
619 1810 675 1853 o.
725 1789 927 1853 Manu
967 1792 1137 1853 enim
1180 1792 1416 1853 recenti
1455 1790 1523 1852 in
1561 1790 1854 1872 marg-ine
1895 1786 2032 1851 folii
2071 1786 2155 1851 33
2167 1804 2206 1865 Γ,
2249 1790 2363 1853 ubi
2401 1791 2628 1874 incipit
2667 1788 2892 1873 Oedipi

505 1896 699 1982 Regis
746 1902 1202 1983 argumentum
1250 1898 1594 1960 metricum
1642 1894 1859 1972 (λιπὼν
1910 1896 2171 1969 Κόρινθον
2214 1901 2382 1975 etc.),
2425 1898 2752 1980 appictum
2798 1900 2891 1960 est
2995 1902 3001 1905 ’

507 2002 627 2067 hoc
698 2001 1047 2067 oraculum.
1121 2000 1358 2065 'Potum
1425 2018 1742 2085 apponam
1807 1998 1992 2083 quale
2052 1999 2190 2063 illic
2254 2000 2498 2086 legit-ur
2545 2003 2703 2079 (iota
2751 2000 2896 2064 sub·

506 2110 853 2193 scriptum,
904 2107 1069 2193 quod
1115 2110 1357 2192 passim
1408 2108 1719 2169 omissum
1766 2118 1896 2181 est,
1948 2105 2208 2185 adieci):

776 2212 1005 2294 Φράζεο
1056 2212 1123 2285 δή
1174 2236 1275 2283 μοι
1324 2212 1529 2289 μῦθον,
1584 2210 1910 2285 Ἀγήνορος
1963 2208 2176 2287 ἔκγονε
2227 2212 2479 2290 Κάδμε·

778 2324 911 2395 ἠοῦς
965 2320 1285 2396 ἐγρόμενος
1337 2316 1642 2393 προλιπὼν
1691 2314 1765 2379 ἴθι
1817 2319 1986 2381 Πυθὼ
2035 2318 2173 2381 δῖαν

777 2425 947 2499 ήθάδ’
998 2422 1157 2503 ἔχων
1206 2423 1431 2496 ἐσθῆτα
1482 2420 1585 2483 καὶ
1639 2421 1934 2495 αἱγοινέην
1984 2423 2152 2495 μετα
2203 2426 2386 2502 χερσί

774 2533 882 2601 τήν
933 2531 1032 2594 διά
1082 2554 1151 2594 τε
1202 2526 1495 2605 Φλεγύων
1543 2525 1648 2589 καὶ
1703 2527 1998 2607 Φωκίδος,
2049 2526 2179 2592 ἔστ’
2226 2530 2302 2594 ἂν
2350 2527 2518 2604 ἵκηαι

774 2637 1069 2714 βουκόλον
1116 2636 1215 2712 ἠδὲ
1265 2635 1420 2709 βόας
1472 2634 1878 2710 κηριτρεφέας
1928 2636 2346 2710 Πελάγοντος.
2873 2653 2900 2698 5

776 2743 981 2807 ἐνθάδε
1030 2739 1475 2821 προσπελάσας
1524 2739 1946 2815 συλλάμβανε
1995 2740 2144 2815 βοῦν
2193 2742 2491 2822 ἐρίμυκον,

726 2898 731 2903 -
776 2849 810 2924 ἦ
859 2875 960 2913 κεν
1008 2850 1076 2923 δὴ
1127 2848 1389 2913 νώτοισιν
1440 2848 1537 2909 ἐπ’
1586 2847 1991 2925 ἀμφοτέροισι
2043 2845 2222 2929 ἔχῃσι

774 2958 988 3021 λευκὸν
1038 2953 1243 3035 σχῆμ’
1296 2952 1575 3029 ἑκάτερθε
1628 2950 1983 3032 περίτροχον
2038 2954 2184 3029 ἠύτε
2231 2956 2462 3029 μήνης·

774 3064 883 3137 τὴν
929 3063 989 3126 δὲ
1040 3060 1113 3125 σὺ
1164 3059 1445 3136 ήγεμόνα
1496 3060 1665 3135 σχὼν
1714 3058 2035 3132 άτρέπτοιο
2085 3064 2391 3125 κελεύθου.

774 3175 947 3240 σῆμα
996 3166 1058 3231 δέ
1109 3190 1197 3229 τοι
1250 3165 1384 3242 ἐρέω
1434 3162 1596 3240 μάλ’
1650 3162 2020 3241 άριΦραδὲς,
2075 3166 2206 3230 οὐδέ
2256 3191 2327 3230 σε
2379 3170 2590 3242 λήσει·
2837 3180 2900 3228 10

774 3272 909 3338 ἔνθα
962 3272 1029 3336 κέ
1078 3293 1167 3334 τοι
1217 3270 1533 3347 πρώτιστα
1584 3267 1728 3343 βοὸς
1779 3269 1950 3348 κέρας
2005 3272 2342 3349 άγραύλοιο

776 3376 884 3458 ήὲή
933 3402 1001 3441 τε
1052 3378 1222 3455 κλίνῃ
1272 3400 1337 3437 τε
1388 3372 1547 3450 πέδῳ
1595 3373 1744 3450 γόνυ
1793 3378 2101 3457 ποιήεντι,

776 3487 877 3549 καὶ
928 3483 1066 3549 τότε
1116 3481 1225 3553 τήν
1274 3480 1386 3554 μὲν
1436 3478 1653 3542 ἔπειτα
1702 3483 2107 3563 μελαμφῦλῳ
2155 3484 2322 3563 χθονὶ
2379 3484 2566 3567 ῥέζειν

772 3592 972 3669 α’γνῶς
1027 3589 1129 3653 καὶ
1183 3588 1491 3663 καθαρῶς,
1542 3586 1695 3663 γαίῃ
1743 3584 1796 3649 δ’
1852 3583 1997 3651 ὅταν
2045 3590 2175 3668 ἱεροὶ
2222 3588 2426 3671 ῥέξῃς,

772 3698 931 3777 ὄχθῳ
979 3696 1077 3760 ἐπ’
1130 3692 1446 3773 ἀκροτάτῳ
1500 3688 1723 3769 κτίζειν
1773 3692 1948 3755 πόλιν
1997 3691 2386 3779 εὐρυάγυιαν,
2827 3711 2890 3760 15

774 3803 955 3868 δεινὸν
1001 3799 1319 3865 Ἐνῡαλίου
1366 3795 1629 3871 πέμψας
1677 3795 1922 3869 Φύλακ“
1962 3800 2174 3869 “Ano-5
2223 3802 2381 3870 εἴσω.

774 3910 876 3973 καὶ
927 3906 1001 3971 σύ
1051 3905 1118 3982 γ’
1170 3900 1272 3967 ἐπ’
1324 3904 1504 3967 &W
1546 3898 1734 3974 ὄνομα
1786 3904 2002 3973 κλυτὸς
2046 3904 2212 3969 ἔσεαι
2267 3904 2472 3987 αὖθις,

772 4015 1093 4079 άθανάτων
1140 4006 1375 4086 λεχέων
1420 4006 1694 4076 άντήσας
1741 4004 1917 4083 ὄλβιε
1967 4010 2206 4085 Κάδμε.

591 4123 940 4211 Egregium
1002 4119 1207 4203 igitur
1250 4110 1594 4177 lectionem
1640 4110 1832 4175 codex
1879 4116 2135 4199 praebet
2179 4139 2274 4181 vs.
2327 4118 2366 4183 3
2416 4120 2585 4194 ήθάὸ’
2635 4142 2750 4205 pro
2803 4125 2890 4185 ε’ν-

502 4229 661 4307 θάδ’,
736 4249 860 4293 non
922 4222 1161 4287 malam
1222 4240 1317 4282 vs.
1372 4214 1408 4281 7
1474 4212 1510 4289 ἦ
1573 4240 1671 4279 κεν
1722 4215 1793 4289 δὴ
1843 4240 1955 4303 pro
2003 4222 2108 4293 τὴν
2158 4224 2193 4297 ἦ
2241 4248 2360 4301 κεν,
2409 4246 2506 4289 vs.
2572 4224 2612 4290 9
2661 4232 2888 4293 autem

502 4358 627 4400 non
690 4339 857 4399 recte
902 4326 1163 4414 quidem
1206 4323 1398 4387 habet
1444 4322 1612 4400 σχὼν
1659 4324 2016 4403 ἀτρέπτοιο,
2067 4326 2174 4391 sed
2223 4328 2430 4395 multo
2479 4336 2696 4396 tamen
2743 4354 2888 4417 pro-

502 4444 647 4527 pius
694 4460 731 4503 a
782 4456 927 4501 vero
976 4433 1153 4497 abest
1195 4428 1313 4492 hoc
1365 4446 1557 4510 quam
1603 4426 1670 4491 id
1717 4428 1884 4512 quod
1933 4430 2033 4494 edi
2081 4420 2414 4514 solet‘cxk
2463 4436 2886 4518 περιτρέπτωο
