3192 5009
1234 285 1559 338 nonnus.
2462 265 2590 334 311

256 455 550 542 legerim:
608 453 713 518 διά
769 451 836 516 τ’
888 451 1140 532 ἔγκατα
1202 452 1307 519 καὶ
1357 451 1565 531 μέλαν
1615 448 1782 529 αἷμα
1831 453 2176 539 eademque
2221 454 2414 518 verba
2458 475 2602 518 eon-

256 565 447 626 iuncta
504 562 829 646 reperietis
894 569 951 625 Λ
984 556 1114 625 176
1179 565 1245 625 et
1306 571 1358 626 Σ
1388 558 1541 624 583.
1615 558 1800 639 Quod
1860 559 1941 623 ad
2001 557 2220 642 ψαύσῃ
2267 557 2322 622 δ’
2369 557 2599 624 ἐνδίνων

255 671 485 744 attinet,
562 667 685 732 hoc
766 668 993 752 utique
1081 665 1331 732 constat
1414 673 1791 753 corruptum
1862 687 1999 732 esse
2073 665 2322 731 ἐνδίνων.
2407 665 2597 730 Lusi:

256 771 533 852 χραύσῃ
577 773 629 837 δ’
680 770 1020 837 ἐνδύνων
1068 771 1169 837 διά
1216 770 1279 836 τ’
1333 769 1661 858 ἔγκατα
1712 772 1816 837 καὶ
1864 771 2068 848 μέλαν
2115 767 2301 849 αἷμα.
2353 772 2601 853 Χραύση

252 877 466 966 legitur
519 887 569 943 E
599 877 731 942 138
796 883 860 943 et
920 875 1153 958 δέρτρον
1199 875 1313 942 ἔσω
1365 877 1639 948 δύνοντες
1687 893 1728 941 λ
1755 876 1907 956 579,
1957 878 2066 943 sed
2110 877 2283 944 ultro
2329 878 2602 944 concedo

256 984 475 1049 ἑνδύνειν
532 984 640 1050 vel
694 984 809 1049 ἔσω
856 984 1051 1050 δύνειν
1092 987 1331 1050 rectius
1378 987 1677 1070 usurpari
1721 984 1800 1050 de
1845 983 2216 1050 vulturibus
2263 987 2375 1071 qui
2420 985 2603 1071 Tityi

256 1092 409 1156 iecur
446 1097 647 1156 rostro
692 1097 923 1175 petunt
942 1139 959 1169 ‚
1009 1111 1204 1176 quam
1250 1090 1329 1156 de
1373 1089 1682 1156 bellatore
1727 1093 1842 1176 qui
1884 1091 2070 1156 hasta
2114 1112 2252 1156 rem
2295 1094 2484 1180 gerit.

330 1277 535 1346 LVIII.
597 1277 785 1346 Plato
850 1281 920 1346 in
979 1277 1331 1365 Republica
1392 1297 1454 1365 p.
1508 1277 1640 1344 388
1706 1280 1967 1365 respicit
2015 1288 2086 1346 Ω
2119 1279 2202 1345 12
2248 1280 2351 1348 1118
2394 1282 2606 1347 verbis

252 1405 418 1450 usus:
464 1383 653 1450 πάλιν
700 1383 772 1460 δη
821 1385 1093 1465 Ὀμήρου
1142 1407 1213 1450 τε
1263 1383 1604 1460 δεησόμεθα
1653 1383 1756 1450 καὶ
1809 1390 1926 1450 τῶν
1964 1383 2176 1452 ἄλλων
2216 1392 2476 1464 ποιητῶν
2517 1388 2605 1463 μὴ

258 1501 420 1557 ποιεῖν
482 1490 805 1574 Ἀχιλλέα
868 1492 1007 1564 θεάς
1074 1491 1280 1558 παῖδα
1344 1492 1578 1558 ἄλλοτε
1645 1491 1748 1556 ἐπὶ
1815 1497 2087 1573 πλευρᾶς
2133 1493 2604 1578 κατακείμενον,

258 1595 458 1663 ἄλλοτε
517 1597 569 1662 δ’
616 1593 771 1664 αὖτε
837 1593 1068 1676 ὕπτιον,
1118 1596 1351 1666 ἄλλοτε
1400 1598 1462 1664 δὲ
1510 1605 1733 1679 πρηνῆ,
1783 1596 1923 1664 τότε
1973 1598 2028 1663 δ’
2075 1599 2232 1678 ὀρθὸν
2280 1600 2607 1674 ἀναςοέντα

258 1703 650 1784 πλωΐζοντ’
718 1705 969 1770 ἀλύοντ’
1040 1703 1141 1768 ἐπὶ
1212 1703 1321 1772 θῖν’
1396 1704 1548 1778 ἀλὸς
1613 1705 1992 1785 ἀτρυγέτοιο.
2065 1706 2440 1772 Absurdum
2513 1713 2610 1772 est

258 1807 569 1888 τλαῖζοντα
590 1831 605 1848 ·
667 1810 825 1896 quid
876 1808 1355 1896 reponendum?
1418 1809 1626 1878 Nemo
1673 1816 1841 1878 certe
1888 1812 2152 1878 Astium
2197 1819 2500 1899 sequetur
2547 1817 2613 1878 et

257 1919 503 2004 corriget
538 1915 663 1998 πρῲ
704 1915 898 1983 ἰόντα.
937 1917 1213 2003 Legitur
1248 1917 1412 2002 apud
1447 1915 1845 1982 Homerum:
1889 1916 2181 1983 δινεύεσκ’
2205 1919 2412 1984 ἀλύων
2436 1920 2608 1996 παρὰ

260 2023 351 2086 θῖν’
392 2023 535 2096 ἀλός
553 2072 569 2101 ,
598 2023 731 2090 'sed
777 2044 963 2088 nemo
1010 2024 1268 2089 videtur
1312 2024 1678 2090 observasse
1725 2023 2060 2090 Platonem
2105 2024 2379 2092 Homeri
2417 2026 2611 2092 verba

258 2130 335 2193 ita
388 2131 727 2196 immutare
790 2135 857 2196 et
913 2132 987 2194 in
1032 2151 1183 2195 suos
1228 2151 1385 2195 118118
1429 2136 1798 2196 convertere
1818 2179 1834 2208 ,
1883 2136 1959 2196 ut
2006 2135 2220 2206 tamen
2264 2134 2613 2198 immutata

262 2236 429 2302 verbe
493 2234 794 2302 versiculi
862 2235 1200 2301 cuiusdam
1260 2239 1538 2322 speciem
1594 2237 1908 2315 habeant3
1970 2237 2138 2304 unde
2199 2241 2614 2324 consequitur

261 2362 355 2426 pro
398 2342 735 2421 πλωΐζοντα
782 2343 1197 2428 participium
1240 2345 1481 2428 requiri
1500 2391 1517 2420 ,
1566 2342 1738 2428 quod
1785 2361 1822 2407 a
1860 2342 2064 2410 vocali
2099 2343 2286 2412 litera
2322 2347 2608 2429 incipiat.

264 2445 405 2526 Quid
444 2452 649 2536 igitur
692 2445 897 2514 latet?
944 2445 1213 2532 Opinor:

500 2553 726 2620 ἄλλοτ’
776 2552 875 2619 ἐπὶ
926 2556 1200 2633 πλευροῖς
1240 2553 1711 2631 κατακείμενον,
1760 2549 1995 2619 ἄλλοτε
2041 2555 2095 2620 δ’
2143 2550 2298 2624 αὖτε

502 2658 737 2740 ὕπτιον,
785 2659 1021 2726 ἀλλοτε
1067 2659 1129 2726 δὲ
1180 2668 1405 2740 πρηνῆ,
1452 2657 1599 2724 τότε
1643 2659 1698 2725 δ’
1745 2659 1903 2739 ὀρθὸν
1949 2661 2254 2730 ἀνω-ἀντ’

502 2765 872 2847 αἲάζοντ’
918 2766 1167 2833 ἀλύοντ’
1222 2765 1320 2830 ἐπὶ
1371 2765 1477 2831 θῖν’
1523 2765 1675 2840 ἀλὸς
1727 2764 2104 2846 ἀτρυγέτοιο.

338 2935 493 3003 LIX.
557 2935 825 3002 0442:
894 2936 953 2999 ἐν
1016 2933 1073 3000 δ’
1123 2935 1365 3002 {nevo-⁹
1412 2933 1651 3002 ἵπποισι
1704 2935 1808 3002 καὶ
1862 2935 2230 3015 ἡμιόνοις
2278 2938 2453 3018 μένος
2506 2938 2611 3023 ἠύ,

268 3039 527 3128 displicet
570 3041 766 3108 Vobis
814 3047 879 3107 et
923 3044 1064 3108 iure
1112 3040 1407 3128 displicet
1455 3041 1716 3107 dativus
1766 3042 2026 3118 ἡμιόνοις
2043 3092 2060 3122 ,
2111 3044 2222 3110 sed
2265 3046 2390 3130 ipsi
2426 3043 2620 3109 Vobis

266 3147 322 3209 in
374 3147 737 3236 corrigendo
799 3169 928 3212 non
994 3148 1370 3213 satisfecisse
1432 3147 1767 3213 videmini.
1817 3147 1991 3215 Scire
2038 3149 2352 3235 pervelim
2397 3151 2620 3237 quidni

267 3256 647 3340 scripseritis:
714 3255 817 3317 καὶ
880 3256 1252 3332 οὖρεῦσιν
1316 3253 1493 3328 μένος
1559 3253 1668 3332 ἦύ,
1732 3276 1846 3320 nec
1908 3256 2102 3342 probo
2148 3276 2255 3321 eos
2300 3258 2412 3342 qui
2456 3259 2623 3321 inter

269 3363 584 3447 utrque
651 3379 857 3446 genus
923 3361 1133 3424 nescio
1209 3358 1363 3444 qnid
1434 3358 1822 3424 discriminis
1885 3361 2272 3428 intercedere
2329 3361 2587 3448 fingunt
2605 3411 2620 3439 ,

271 3483 397 3530 nam
438 3475 497 3529 Ψ
524 3464 652 3530 121
704 3465 931 3539 ἡμίονοι
979 3464 1282 3530 dicuntur
1329 3467 1441 3549 qui
1488 3465 1679 3530 modo
1728 3466 1932 3545 οὐρῆες
1980 3467 2231 3532 fuerant
2277 3473 2342 3532 et
2390 3477 2459 3532 Ω
2491 3464 2621 3533 716

274 3569 445 3646 οὐρῆες
494 3576 645 3636 sunt
690 3571 803 3655 qui
849 3569 1003 3635 alibi
1052 3569 1277 3647 ἡμίονοι
1326 3567 1750 3656 appellantur.

346 3737 471 3805 LX.
554 3741 659 3808 Ad
724 3739 994 3807 Homeri
1060 3761 1323 3808 versum
1396 3739 1662 3806 0649:
1735 3742 1838 3807 τὸν
1899 3740 1953 3805 δ’
2019 3740 2622 3820 ἐπικερτομέων

275 3847 517 3929 προσέφη
574 3847 769 3919 πόδας
829 3846 980 3920 ὠκὺς
1028 3847 1370 3928 Ἀχιλλεύς
1392 3894 1408 3924 ,
1452 3846 1876 3932 adscripsistis
1917 3847 2068 3912 hinc
2105 3846 2392 3912 alienum
2430 3847 2624 3913 Vobis

274 3949 451 4018 videri
508 3957 923 4040 participium
986 3952 1428 4033 ἐπικερτομέων
1446 4001 1462 4030 ,
1528 3974 1680 4018 cum
1719 3954 1943 4018 acerba
1988 3952 2308 4019 cavillatio
2355 3953 2626 4018 Achillis

276 4057 459 4123 verbis
502 4081 629 4124 non
668 4062 843 4124 insit.
893 4057 1095 4126 Gred'o
1146 4079 1297 4124 sane
1313 4107 1329 4138 ,
1372 4079 1577 4144 neque
1615 4079 1929 4144 umquam
1968 4057 2482 4126 cavillationibus
2521 4059 2628 4126 vel

280 4164 487 4229 acerbis
544 4166 652 4231 vel
710 4165 907 4252 paulo
966 4166 1331 4231 mitioribus
1390 4167 1603 4252 magis
1650 4165 1774 4229 fuit
1817 4167 2325 4250 inopportunum
2372 4170 2628 4252 tempus

282 4287 448 4350 quam
483 4273 550 4335 in
588 4269 859 4337 Achillis
898 4269 1219 4356 colloquio
1262 4292 1413 4337 cum
1435 4273 1671 4336 misero
1695 4291 1841 4336 sene
1858 4320 1874 4349 ‚
1903 4272 2014 4356 qui
2040 4270 2311 4356 supplex
2334 4273 2401 4336 in
2425 4277 2630 4338 castra
2667 4329 2680 4344 .

284 4367 644 4444 Graecorum
705 4382 986 4443 venerat.
1050 4375 1407 4444 conferunt
1466 4379 1844 4464 interpretes
1907 4376 2066 4442 alios
2127 4375 2300 4446 locos
2319 4425 2336 4456 ,
2399 4378 2514 4442 ubi
2560 4380 2626 4443 αἱ
