3192 5009
589 241 719 310 344
1590 263 1927 314 memus.

585 449 781 493 manu
820 437 1169 494 teneamus,
1211 427 1429 494 Veluti
1466 429 1704 492 cinnum
1744 429 1800 492 N
1805 433 1988 494 onius
2027 428 2182 492 dicit
2219 449 2354 498 esse
2395 430 2942 504 „commixtionem

495 530 502 538 ’
583 532 1057 619 plurimorum''
1106 556 1167 619 p.
1220 533 1325 598 59.
1377 533 1501 610 28,
1552 533 1699 599 coll.
1751 533 1860 598 43.
1909 534 2032 610 22,
2081 534 2274 619 idque
2311 533 2694 599 vocabulum
2727 555 2808 598 ex
2843 535 2947 598 Ar·

582 640 774 705 nobio
820 638 893 702 V.
923 637 1007 704 25
1058 638 1326 704 afferunt
1373 639 1834 725 lexicographi.
1885 638 2013 704 Sed
2049 660 2117 704 re
2157 638 2536 725 diligentius
2573 638 2948 705 considerata

584 751 847 831 apparet
864 793 879 820 ,
944 750 1401 830 argumentum
1462 766 1589 828 quo
1653 747 1887 808 nititur
1947 745 2006 808 N
2009 747 2192 810 onius
2255 744 2448 809 nihili
2501 765 2634 810 esse
2682 749 2768 829 (p.
2822 743 2948 820 59).

588 847 873 926 „Oinnus
890 897 906 926 ‚
946 851 1157 934 inquit
1173 899 1188 927 ,
1232 856 1330 914 est
1368 852 1730 914 coniunctio
1772 849 2237 934 plurimorum;
2284 850 2454 916 unde
2489 855 2556 916 et
2594 853 2948 914 concinnare

588 954 884 1032 „dicitur‚
930 951 1149 1022 Cicero
1194 958 1263 1019 in
1311 953 1575 1021 Oratore
1620 959 1699 1037 [c.
1729 954 1832 1037 6J:
1883 964 1981 1020 est
2027 963 2248 1021 autem
2291 956 2556 1040 quidam
2591 957 2950 1020 interiectus

586 1064 796 1137 „inter
838 1062 954 1125 hos
999 1060 1249 1125 medius
1268 1109 1285 1138 ,
1334 1068 1399 1126 et
1448 1063 1632 1146 quasi
1681 1067 2074 1146 temperatus
2093 1111 2108 1136 ‚
2159 1082 2272 1127 nec
2319 1063 2610 1127 acumine
2661 1062 2952 1145 posterio-

586 1187 777 1244 „rum
795 1215 810 1243 ,
876 1187 989 1231 nec
1046 1166 1309 1230 flumine
1356 1173 1544 1231 utens
1593 1169 1998 1251 superiorum
2017 1215 2033 1244 ‚
2085 1175 2152 1230 ut
2198 1168 2410 1231 cianus
2457 1167 2790 1232 amborum
2837 1168 2950 1247 [in]

586 1279 855 1350 „neutro
899 1271 1211 1338 excellens
1228 1321 1243 1347 ,
1294 1274 1631 1356 utriusque
1677 1275 1995 1357 particeps
2015 1323 2031 1350 ‚
2079 1273 2184 1338 vel
2231 1277 2564 1358 utriusque
2583 1322 2599 1350 ,
2642 1276 2696 1337 si
2732 1291 2948 1339 verum

586 1382 995 1463 „quaerimus
1012 1426 1029 1455 ,
1092 1380 1305 1463 potius
1366 1379 1656 1461 expers.”
1722 1376 2034 1457 Quamvis
2092 1399 2220 1444 non
2280 1382 2556 1464 optimos
2616 1379 2950 1443 habeamus

584 1482 865 1548 Oratoris
924 1482 1169 1547 codices
1186 1531 1202 1559 ,
1265 1481 1385 1547 hoc
1450 1489 1664 1546 tamen
1711 1482 1850 1547 loco
1897 1491 2221 1568 praestant
2277 1483 2336 1547 N
2340 1487 2582 1548 oniam's
2601 1533 2617 1560 ‚
2667 1483 2952 1568 praeben·

584 1595 680 1654 tes
726 1590 959 1652 vicinus
973 1609 988 1666 ;
1041 1608 1118 1653 ex
1166 1604 1419 1652 vion-ms
1465 1587 1888 1672 depravatum
1935 1594 2068 1653 est:
2118 1605 2450 1654 urcmNUs.
2515 1588 2696 1654 Idem
2737 1611 2802 1673 p.
2849 1584 2945 1650 43.

586 1694 707 1760 23:
760 1696 1151 1780 „proprietas
1197 1693 1376 1758 verbi
1424 1696 1853 1776 [concinnare]
1900 1695 2054 1759 haec
2099 1701 2194 1760 est
2213 1743 2228 1770 ,
2280 1694 2451 1778 quod
2497 1694 2668 1778 apud
2715 1698 2946 1760 veteres

584 1805 808 1866 cinnus
845 1819 1051 1886 genus
1091 1801 1366 1884 potionis
1408 1819 1485 1863 ex
1526 1797 1754 1884 multis
1792 1798 2146 1884 liquoribus
2184 1799 2543 1866 confectum
2576 1800 2701 1865 dici
2735 1795 2944 1864 solet''.

583 1907 830 1971 Rumor
895 1908 990 1969 ita
1055 1905 1265 1969 aiebat
1330 1907 1906 1990 grammaticorum
1923 1955 1940 1982 ‚
2011 1906 2122 1970 sed
2190 1903 2448 1970 nullum
2507 1905 2948 1970 documentum

582 2032 786 2098 neque
848 2010 1018 2096 apud
1081 2007 1392 2076 Catonem
1438 2016 1502 2073 et
1549 2008 1896 2075 Varronem
1913 2059 1931 2086 ,
1980 2032 2185 2095 neque
2229 2011 2400 2096 apud
2451 2010 2781 2076 Plautum.
2829 2007 2944 2072 Neo

584 2116 821 2182 melius
858 2137 924 2181 se
962 2115 1155 2180 habet
1191 2115 1360 2198 quod
1398 2114 1835 2200 lexicographi
1876 2119 2256 2182 recentiores
2290 2138 2368 2181 ex
2395 2117 2672 2182 Arnobio
2695 2115 2946 2182 afferunt

582 2222 656 2286 V.
699 2221 823 2288 25:
877 2223 1195 2298 „sitientis
1242 2220 1451 2284 ardori
1490 2223 1747 2306 oggerit
1785 2224 2110 2305 potionem
2147 2222 2349 2299 cinni,
2391 2243 2733 2308 cyceonem
2768 2239 2944 2306 quam

585 2332 911 2412 nuncupat
974 2323 1281 2392 Graecia”
1347 2345 1531 2402 nam,
1596 2333 1759 2391 teste
1805 2325 2250 2392 Reifferscheid
2270 2376 2286 2404 ,
2351 2349 2519 2392 unus
2567 2327 2678 2394 ille
2724 2325 2906 2392 codex
2927 2371 2940 2398 ,

582 2437 688 2498 cui
736 2431 1091 2497 Arnobium
1130 2430 1437 2495 debemus
1455 2479 1471 2508 ,
1516 2431 1708 2496 habet
1747 2453 1955 2515 cynwm
1973 2480 1988 2508 ,
2039 2433 2208 2516 quod
2250 2433 2598 2498 admodum
2637 2428 2942 2518 probabile

582 2545 679 2604 est
726 2536 1227 2622 dittographiam
1276 2557 1409 2602 esse
1456 2540 1744 2621 proxime
1792 2559 2106 2622 cyceonem.
2157 2538 2437 2606 Oinnum
2482 2560 2556 2605 eo
2606 2538 2748 2604 loco
2792 2555 2942 2601 unus

578 2645 771 2710 habet
810 2666 843 2706 r
887 2646 931 2706 i.
958 2663 1013 2707 e.
1054 2647 1368 2708 corrector
1412 2662 1658 2719 recens,
1711 2646 1812 2707 vir
1859 2644 2082 2708 doctus
2127 2665 2286 2710 saec.
2337 2642 2509 2721 XVI,
2551 2646 2858 2709 nimirum
2893 2643 2941 2704 is

578 2755 841 2816 noverat
877 2747 1181 2813 Nonium.
1224 2747 1445 2832 Itaque
1484 2751 1694 2813 omnis
1727 2769 1826 2814 res
1865 2753 2144 2813 vertitur
2165 2752 2232 2814 in
2259 2752 2623 2815 testimonio
2645 2765 2942 2837 gramma—

580 2859 694 2920 tici
747 2856 899 2918 miri
952 2856 1232 2939 stuporis
1249 2901 1265 2929 ,
1316 2856 1421 2918 cui
1458 2853 1535 2918 de
1574 2853 2031 2919 consuetudine
2072 2860 2368 2920 veterum
2407 2861 2714 2941 tanquam
2751 2857 2942 2920 iurato

578 2963 732 3026 testi
776 2981 902 3025 non
950 2967 1047 3024 est
1092 2958 1477 3023 credendum
1496 3007 1511 3034 ‚
1561 2957 1826 3043 reliquis
1871 2980 1998 3024 non
2040 2963 2532 3026 assentientibus
2572 2960 2844 3026 Varrone
2875 2955 2939 3020 L.

578 3067 652 3131 L.
706 3064 809 3129 VI.
854 3062 961 3142 57,
1010 3064 1199 3129 Festo
1238 3086 1300 3149 p.
1346 3063 1454 3142 38,
1498 3067 1610 3148 qui
1653 3071 1867 3129 tamen
1911 3063 1983 3130 O.
2026 3063 2099 3129 Ο.
2143 3064 2426 3132 Mullero
2461 3089 2586 3133 non
2626 3066 2942 3152 persuasit,

580 3172 659 3238 ad
698 3171 908 3236 solum
947 3189 1169 3234 rursus
1202 3168 1264 3233 N
1266 3171 1490 3233 onium
1528 3173 1923 3253 provocanti.
1967 3169 2028 3233 N
2030 3191 2100 3236 ec
2137 3171 2433 3237 Loewius
2473 3171 2811 3248 dubitavit,
2849 3165 2944 3232 sed

577 3277 730 3343 huic
756 3295 1006 3361 quoque
1029 3274 1495 3360 Peripateticus
1534 3276 1660 3338 iste
1701 3272 2164 3340 Tibursicensis
2181 3325 2198 3352 ‚
2247 3278 2302 3340 si
2344 3277 2441 3341 dis
2481 3275 2723 3362 placet,
2765 3278 2946 3358 impo-

577 3385 745 3460 suit,
792 3380 1129 3446 Prodromi
1174 3403 1236 3465 p.
1288 3378 1439 3444 393.
1487 3378 1887 3444 Hildebrand
1933 3383 2002 3444 in
2049 3378 2376 3447 Glossario
2426 3381 2602 3448 Sacc.
2647 3381 2744 3446 IX
2781 3403 2842 3466 p.
2865 3376 2942 3442 52

577 3510 704 3554 non
766 3487 910 3552 aliis
970 3488 1202 3551 nititur
1262 3487 1671 3551 testimoniis.
1720 3485 1916 3550 Recte
1963 3485 2158 3552 Varro
2209 3486 2254 3551 1.
2303 3486 2387 3552 1.:
2437 3491 2742 3554 concinne
2783 3485 2946 3570 loqui

578 3593 824 3658 dictum
887 3611 923 3655 a
984 3593 1257 3666 emacim,
1323 3591 1433 3655 ubi
1494 3594 1664 3654 inter
1711 3611 1778 3654 se
1824 3594 2214 3656 conveniunt
2257 3591 2535 3678 partes‘’.
2595 3592 2768 3658 Nam
2811 3609 2944 3657 cum

576 3703 916 3765 concinnus
978 3693 1347 3762 conferenda
1409 3694 1738 3760 sollemnis
1802 3694 2049 3776 (soleo),
2111 3695 2326 3762 lIttera
2389 3695 2593 3776 (lino),
2647 3697 2910 3762 sollicito
2926 3740 2942 3769 ,

575 3802 735 3868 sollo
782 3807 889 3882 (=
912 3807 1125 3866 totum
1143 3849 1159 3877 ,
1210 3802 1466 3866 omnino
1486 3849 1502 3876 ‚
1554 3799 1714 3865 Osce
1759 3807 1826 3865 et
1870 3800 2160 3866 Lucilius
2207 3823 2308 3886 ap.
2357 3802 2529 3868 Fest.
2571 3799 2706 3868 298
2723 3824 2740 3880 ;
2785 3797 2942 3874 ὅλος,

578 3907 883 3986 solidus);
932 3909 1025 3970 sic
1072 3911 1331 3970 concino
1350 3953 1367 3982 ,
1417 3911 1780 3970 concinnus.

663 4011 925 4076 Novum
984 4010 1370 4076 vocabulum
1432 4011 1730 4076 similiter
1793 4032 1871 4075 ex
1934 4019 2155 4100 etymo
2201 4016 2451 4079 invenit
2495 4014 2940 4100 grammaticus

574 4117 708 4182 cod.
757 4117 941 4182 Bern.
993 4117 1163 4202 apud
1209 4115 1557 4202 Hagenum
1605 4139 1666 4202 p.
1716 4115 1879 4182 124:
1939 4121 2054 4182 Ora
2091 4124 2234 4197 (aut
2273 4141 2445 4197 crea,
2489 4140 2640 4184 nam
2681 4141 2714 4183 e
2749 4135 2942 4202 super·

572 4223 835 4306 scripta)
876 4229 1178 4298 „stercus‚
1222 4224 1536 4307 spurcicia
1549 4271 1566 4300 ,
1609 4222 1776 4286 unde
1814 4247 2056 4288 exorare
2090 4224 2320 4290 domus
2345 4227 2691 4310 spurcicias
2715 4219 2938 4290 eicere''

573 4347 733 4412 quae
779 4326 995 4412 glossa
1042 4334 1251 4393 exstat
1298 4332 1496 4394 etiam
1520 4328 1713 4412 ,apud
1761 4328 2093 4394 Loewium
2133 4352 2197 4414 p.
2245 4330 2372 4396 125
2418 4351 2494 4396 ex
2535 4330 2938 4416 Amplonisno
