3192 5009
493 326 580 393 30
1511 341 1852 395 nonarius.
1868 354 1873 357 ·

473 511 1050 590 ‘„Promissum
1107 511 1480 576 carmen''
1543 533 1669 577 non
1731 512 2011 600 intelligi
2074 534 2278 579 unum
2342 511 2587 600 epodon
2634 513 2744 579 sed
2788 512 2869 578 li·

485 617 732 684 beUum
791 618 1151 683 iamborum
1169 665 1184 694 ,
1231 624 1400 683 recte
1447 638 1666 683 omnes
1711 628 2025 704 quantum
2072 620 2255 686 video
2273 669 2290 698 ,
2344 625 2724 686 censuerunt
2768 622 2869 685 in-

485 730 812 811 terpretes.
855 723 1020 804 Quid
1061 729 1279 789 autem
1317 745 1557 811 saepe
1607 729 1953 812 rogavit
1990 725 2323 792 Maecenas
2362 729 2867 813 promiseratque

486 828 715 917 poeta?
762 828 1149 896 Nostrumne
1193 828 1530 895 libellum?
1569 828 1715 896 Non
1755 851 1934 909 sane,
1976 853 2125 897 nam
2163 834 2471 919 promisso
2512 852 2578 899 se
2616 834 2870 898 stetisse

487 933 722 1023 negat?
768 934 935 1015 Quid
977 932 1220 1022 igitur?
1273 934 1481 1002 Meros
1525 938 1772 1002 iambos
1790 985 1805 1013 ,
1854 938 2165 1003 eiusmodi
2208 958 2456 1026 nempe,
2504 958 2663 1025 quos
2700 959 2874 1004 com·

486 1045 750 1130 pingere
789 1041 1046 1107 vetabat
1089 1040 1244 1107 deus
1289 1044 1334 1109 i.
1361 1064 1415 1107 e.
1466 1044 1684 1121 Amor,
1736 1046 1836 1108 uti
1882 1046 1951 1109 in
1996 1044 2115 1131 Ep.
2161 1043 2278 1109 ll:
2327 1044 2593 1122 Petti,
2642 1042 2869 1109 nihil

490 1169 610 1214 me
653 1150 880 1213 sicut
916 1163 1160 1213 antea
1197 1148 1441 1212 iuvat
1478 1149 1858 1214 scribere
1895 1148 2380 1215 versiculos
2420 1152 2490 1231 (i.
2516 1170 2570 1215 e.
2596 1148 2869 1228 iambos)

490 1274 761 1320 amore
809 1272 1308 1339 percussum
1349 1257 1626 1340 gravi;
1672 1257 1925 1321 animus
1948 1258 2180 1322 teneris
2204 1255 2529 1321 affectibus
2552 1254 2871 1320 delenitus

491 1365 557 1426 et
601 1358 890 1425 mollitus
937 1379 1004 1424 se
1050 1362 1366 1424 averterat
1414 1380 1451 1424 a
1496 1380 1727 1446 genere
1776 1362 2096 1426 invective
2143 1360 2457 1426 inclinans
2496 1360 2576 1426 ad
2610 1362 2872 1425 mitiora

490 1469 771 1533 carmina
787 1513 803 1543 ,
877 1462 1236 1530 cuiusmodi
1296 1486 1420 1530 non
1483 1466 1709 1531 desunt
1772 1466 2067 1554 exempla
2124 1470 2194 1532 in
2255 1473 2469 1532 nostro
2519 1466 2869 1553 spodorum

486 1571 736 1650 libelle,
784 1569 992 1637 veluti
1045 1569 1104 1649 1,
1130 1568 1193 1647 2,
1225 1568 1287 1647 9,
1320 1570 1423 1649 11,
1455 1570 1558 1649 13,
1590 1571 1693 1637 14.
1744 1571 1959 1659 Igitur
2003 1593 2105 1638 res
2152 1575 2242 1638 sic
2290 1594 2355 1638 se
2403 1572 2649 1637 habuit.
2698 1570 2874 1635 Mae·

489 1700 670 1745 cenas
731 1678 1118 1764 magnopere
1181 1677 1615 1744 delectabatur
1660 1680 1890 1744 iambis
1939 1678 2359 1744 Archilochiis
2408 1683 2474 1743 et
2520 1676 2871 1743 Horatium

491 1804 675 1870 saepe
735 1790 1072 1870 rogaverat
1129 1790 1205 1849 ut
1267 1783 1655 1873 peculiarem
1708 1785 2070 1850 iamborum
2112 1783 2411 1850 libellum
2427 1833 2444 1862 ,
2492 1782 2871 1849 incohatum

493 1892 658 1956 circa
695 1908 750 1953 a.
791 1888 900 1968 40,
949 1889 1028 1954 ad
1072 1890 1454 1955 umbssicum
1500 1890 1858 1955 adduceret.
1906 1889 2215 1955 Horatius
2255 1892 2551 1977 promisit
2572 1939 2589 1969 ,
2616 1888 2727 1955 sed
2749 1889 2873 1954 hoc

493 2000 868 2083 poematum
903 2016 1107 2081 genus
1147 1999 1385 2062 sensim
1426 1996 1865 2082 paulatimque
1906 2003 2233 2063 aversatus
2272 2000 2543 2063 missum
2588 1995 2739 2062 fecit
2784 2030 2871 2043 -—·-

495 2122 656 2189 quae
717 2102 1135 2188 vituperanda
1193 2102 1298 2168 vel
1358 2102 1619 2167 ridenda
1677 2104 1747 2166 in
1794 2103 2165 2188 aequalibus
2212 2103 2474 2169 haberet
2520 2104 2734 2167 satiris
2778 2122 2875 2165 re-

495 2229 752 2275 servans
801 2230 920 2287 —3
969 2208 1225 2274 tandem
1243 2256 1259 2285 ,
1309 2228 1492 2295 saepe
1529 2210 1815 2273 monitus
1833 2257 1849 2287 ,
1891 2217 2036 2293 post
2074 2208 2446 2275 decennium
2472 2208 2715 2274 iambos
2736 2210 2873 2273 iam

497 2316 695 2381 factos
747 2313 947 2379 edidit
991 2330 1118 2377 una
1163 2334 1312 2378 cum
1358 2312 1503 2377 aliis
1549 2316 1863 2400 poematis
1910 2313 2231 2379 consimili
2280 2320 2486 2380 metro
2534 2312 2833 2379 confectis
2856 2360 2874 2390 ,

497 2442 649 2488 cum
724 2425 995 2505 utraque
1066 2421 1306 2505 species
1379 2440 1492 2504 per
1561 2440 1627 2485 se
1695 2422 1889 2485 nimis
1959 2441 2232 2506 parvum
2301 2426 2674 2506 poematum
2742 2438 2879 2484 cor-

495 2525 843 2614 pusculum
891 2526 1180 2592 efficeret.
1227 2524 1367 2591 Hac
1405 2528 1647 2591 ratione
1688 2526 2043 2593 declaratur
2079 2548 2193 2593 cur
2226 2526 2483 2594 libellus
2522 2526 2875 2613 epodorum

497 2640 635 2699 tam
680 2653 818 2697 sero
866 2634 951 2696 sit
995 2630 1202 2697 editus
1244 2636 1309 2698 et
1346 2652 1460 2697 cur
1497 2635 1779 2697 carmina
1818 2636 2134 2699 contineat
2169 2634 2435 2701 odarum
2474 2636 2873 2721 argumentis

498 2738 689 2825 longe
733 2737 1047 2803 similiora
1090 2758 1288 2823 quam
1332 2738 1715 2804 iamborum.

589 2844 918 2911 Efficimus
955 2844 1222 2929 denique
1261 2865 1338 2910 ex
1377 2843 1577 2931 Epod.
1627 2844 1711 2909 14
1751 2844 1866 2910 has
1904 2846 2061 2912 duas
2085 2865 2216 2911 res:
2258 2844 2627 2911 lamborum
2647 2864 2871 2933 genus,

499 2953 680 3017 cuius
736 2950 1015 3017 insolens
1072 2949 1401 3015 interdum
1463 2950 1847 3017 mordacitas
1908 2952 2091 3017 nobis
2151 2971 2318 3016 nunc
2364 2971 2570 3036 neque
2614 2950 2873 3037 elegans
2920 2960 2931 2971 ⁴

497 3057 755 3123 videtur
795 3077 909 3121 nec
953 3057 1251 3133 honesta,
1298 3054 1556 3121 Horatii
1608 3056 1977 3143 aequalibus
2023 3055 2237 3121 Pettio
2258 3103 2274 3133 ‚
2318 3054 2676 3122 Maecenati
2708 3055 2875 3121 aliis·

500 3184 624 3249 que
691 3165 824 3227 sine
890 3161 1081 3228 dubio
1149 3160 1491 3247 permultis
1509 3211 1525 3240 ,
1588 3165 1683 3228 ita
1744 3162 2054 3250 placuisse
2074 3210 2091 3240 ,
2156 3168 2231 3227 ut
2278 3162 2627 3229 identidem
2673 3182 2874 3228 novos

501 3274 900 3355 expeterent3
971 3287 1192 3354 porro:
1265 3267 1498 3353 epodos
1555 3289 1681 3333 non
1746 3290 1877 3334 esse
1932 3288 2138 3333 meras
2202 3270 2681 3335 exercitationes
2746 3289 2875 3334 me—

503 3377 694 3440 tricas
741 3376 874 3439 sine
918 3377 1099 3439 venis
1143 3378 1208 3439 et
1253 3378 1594 3461 sanguine,
1660 3375 1768 3440 sed
1829 3396 1906 3441 ex
1964 3377 2097 3439 imo
2157 3380 2409 3461 pectore
2466 3375 2872 3462 profluxisse,

507 3501 634 3566 quo
701 3484 981 3558 tacente,
1051 3482 1284 3566 quippe
1349 3479 1491 3545 aliis
1560 3478 1883 3545 affectibus
1955 3485 2297 3567 occupat0,
2375 3486 2565 3567 poeta
2629 3480 2873 3546 iambos

510 3586 712 3653 facere
755 3584 1127 3671 supersedit.

599 3800 700 3865 Ex
747 3820 776 3865 s
795 3820 938 3865 ecu
957 3798 1094 3864 ndi
1138 3797 1202 3865 11
1219 3799 1261 3864 b
1279 3800 1349 3863 ri
1395 3799 1780 3864 carminibus
1826 3801 2078 3865 eroticis
2124 3798 2380 3865 nullum
2426 3804 2737 3887 pertinere
2781 3801 2873 3867 vi-

511 3906 697 3973 detur
741 3906 820 3971 ad
863 3908 1082 3992 ipsum
1126 3904 1494 3971 Horatium.

601 4012 676 4077 In
715 4015 991 4077 carmine
1036 4016 1368 4097 quartu,
1414 4012 1526 4076 ubi
1564 4017 1786 4077 monet
1832 4011 2183 4078 Xanthiam
2212 4033 2305 4078 ne
2350 4014 2465 4077 sit
2510 4010 2873 4078 ancillae

511 4122 572 4187 ei
634 4139 854 4184 amor
912 4140 953 4205 p
971 4141 1018 4183 u
1035 4118 1247 4195 dori,
1315 4118 1627 4184 habemus
1674 4121 1980 4205 temporis
2027 4120 2337 4185 indicium
2385 4140 2509 4205 quo
2553 4119 2712 4184 haec
2757 4117 2875 4184 oda

511 4228 597 4293 sit
643 4227 1022 4311 composita,
1071 4244 1220 4289 cum
1265 4230 1486 4309 poetae
1537 4230 1709 4289 aetas
1757 4246 1793 4290 o
1812 4246 1845 4289 c
1863 4230 1892 4289 t
1914 4245 2153 4290 avum
2200 4224 2543 4311 trepidaret
2588 4223 2875 4290 claudere

508 4333 911 4411 lustrum,
960 4337 1024 4397 et
1066 4337 1378 4418 quantum
1423 4330 1669 4418 reliqua
1704 4331 1899 4397 huius
1937 4330 2089 4398 libri
2129 4332 2283 4401 odae
2308 4331 2556 4398 definiri
2578 4337 2873 4419 possunt,

511 4439 802 4507 incidunt
847 4459 1065 4505 omnes
1109 4440 1277 4505 intra
1323 4456 1378 4503 a.
1429 4436 1516 4503 30
1564 4444 1631 4503 et
1676 4436 1783 4503 24.
