3192 5009
519 235 650 303 102
1319 256 1403 304 nn
1449 257 1600 304 man
1649 256 2102 304 osntm‘runm.

514 423 584 486 in
634 418 875 507 Campo
923 421 1247 501 adfuerat,
1298 427 1364 488 et
1408 428 1753 509 postquam
1793 443 2031 510 magna
2075 443 2273 488 manu
2319 425 2718 487 armatorum
2765 417 2916 486 clo-

515 528 699 594 dium
764 528 1174 594 candidatum
1235 533 1549 595 terruerat
1567 579 1583 608 ‚
1652 531 2163 595 obnuntiaverat.
2232 527 2358 594 Sed
2406 534 2550 593 tum
2598 525 2914 593 Metellus

513 633 765 712 consul,
839 637 949 720 qui
1020 635 1328 720 postridie
1399 637 1642 702 iterum
1709 639 1921 702 conari
1993 635 2245 701 volebat
2312 637 2578 700 comitia
2637 633 2912 710 habere,

511 739 744 805 Miloni
804 740 1131 827 pollicitus
1192 749 1330 807 erat
1392 763 1459 807 se
1507 745 1566 807 ei
1615 742 1920 828 postridie
1967 763 2154 807 mane
2200 741 2269 805 in
2299 741 2458 828 foro
2507 742 2757 825 copiam
2807 741 2915 804 sui

512 846 835 912 facturum
882 868 1015 913 esse
1036 897 1052 926 ,
1094 854 1440 934 antequam
1480 851 1545 912 in
1589 846 1913 934 Campum
1953 871 2019 914 se
2060 847 2403 925 conferret3
2445 849 2650 933 specie
2674 845 2918 910 Miloni

510 953 631 1018 hac
690 975 759 1018 re
821 952 1076 1018 facilem
1138 976 1203 1018 se
1253 955 1594 1041 praebebat
1641 955 1900 1032 consul,
1953 957 2105 1040 quia
2149 957 2243 1019 ita
2293 953 2528 1019 Miloni
2575 975 2735 1039 opus
2782 973 2916 1016 non

512 1068 648 1126 erat
694 1066 973 1125 armatos
1020 1082 1239 1147 parare
1289 1067 1354 1126 et
1403 1058 1629 1128 Clodio
1679 1064 2018 1127 restistere.
2073 1060 2198 1126 Sed
2243 1060 2548 1126 Metellus
2594 1061 2916 1145 promisso

510 1189 636 1234 non
685 1167 930 1244 stabat,
980 1174 1044 1232 et
1093 1189 1246 1232 cum
1295 1188 1350 1232 a.
1380 1167 1439 1232 d.
1489 1167 1586 1232 XI
1633 1168 1769 1245 kal„
1815 1167 1965 1233 Dec.
2017 1168 2086 1230 in
2115 1169 2273 1254 soro
2322 1188 2476 1232 eum
2517 1170 2918 1251 exspectaret

510 1274 674 1340 Milo
721 1275 1023 1350 inermis,
1070 1276 1208 1360 ipse
1248 1273 1475 1338 furtim
1520 1274 1899 1350 „itineribus
1942 1294 2139 1360 prope
2182 1272 2432 1338 deviis''
2473 1274 2542 1337 in
2585 1269 2914 1356 Campum

509 1380 919 1467 properabat,
997 1400 1256 1464 sperans
1325 1380 1459 1445 fore
1524 1387 1602 1444 ut
1664 1378 1830 1445 Milo
1895 1383 2028 1445 sine
2091 1379 2424 1466 praesidiis
2469 1381 2537 1443 in
2587 1376 2914 1462 Campum

508 1489 727 1553 venire
774 1506 853 1552 ne
899 1486 1196 1570 auderet,
1240 1493 1440 1574 utque
1476 1490 1616 1573 ipse
1658 1490 1919 1553 comitia
1959 1488 2320 1553 inchoasset
2360 1493 2702 1571 antequam
2741 1481 2912 1548 Milo

505 1599 784 1657 armatos
832 1595 1205 1677 conquirere
1252 1599 1316 1658 et
1364 1596 1431 1657 in
1474 1590 1797 1679 Campum
1837 1615 1986 1658 cum
2027 1596 2116 1658 eis
2157 1593 2455 1659 advenire
2495 1597 2730 1677 posset.
2785 1589 2917 1655 Sed

506 1719 604 1764 res
652 1718 885 1785 parum
930 1700 991 1763 ei
1038 1701 1345 1764 successit
1360 1719 1376 1776 ;
1427 1697 1590 1763 Milo
1640 1699 1862 1764 fraude
1901 1701 2196 1786 cog-nita,
2240 1720 2390 1764 cum
2431 1700 2663 1764 certior
2703 1697 2916 1762 factus

506 1811 673 1871 esset
719 1804 1047 1870 consulem
1088 1805 1302 1870 forum
1344 1805 1563 1870 sedulo
1605 1809 1846 1871 evitare
1864 1855 1880 1884 ,
1921 1809 2059 1893 ipse
2099 1826 2492 1892 quamquam
2517 1805 2596 1870 ad
2619 1825 2916 1892 pugnam

502 1916 765 1997 paratus
804 1931 929 1975 non
973 1918 1112 1976 erat
1150 1917 1365 1977 tamen
1408 1931 1665 1976 summa
1704 1911 2108 1977 festinatione
2148 1910 2477 1978 consulem
2514 1919 2914 1997 persecutus,

504 2037 657 2082 eum
703 2018 772 2081 in
819 2019 927 2082 via
976 2017 1393 2102 deprehendit
1439 2025 1786 2103 antequam
1834 2017 2056 2083 consul
2100 2021 2168 2082 in
2213 2015 2535 2103 Campum
2577 2017 2918 2082 adveniret

508 2128 573 2188 et
642 2123 979 2209 praesidiis
1051 2120 1262 2189 Clodii
1324 2130 1508 2188 tutus
1572 2130 1774 2202 esset,
1835 2129 1900 2189 et
1947 2127 2189 2190 iterum
2239 2127 2298 2189 ei
2348 2125 2790 2200 obnuntiavit,
2841 2125 2917 2187 'm

498 2229 638 2296 loco
704 2233 817 2316 qui
883 2230 1211 2296 dicebatur
1276 2233 1486 2307 „inter
1534 2231 1719 2308 (duos
1739 2227 1793 2310 ἵ)
1835 2229 2081 2295 lucos'’.
2130 2231 2365 2295 Paucis
2415 2230 2640 2296 diebus
2687 2237 2918 2316 postea

504 2341 726 2402 autem
747 2385 763 2414 ‚
814 2358 871 2402 a.
899 2336 959 2400 d.
1008 2335 1161 2400 VIII
1204 2336 1335 2402 kal.
1392 2335 1563 2414 Dec:,
1617 2358 1767 2402 cum
1815 2339 2078 2402 comitia
2113 2335 2320 2402 denuo
2359 2336 2699 2401 habiturus
2741 2343 2918 2401 esset

501 2441 760 2521 consul,
810 2441 973 2508 Milo
1022 2464 1242 2507 rursus
1295 2440 1618 2528 Campum
1667 2441 1743 2508 de
1791 2448 1974 2508 nocte
2023 2463 2174 2507 cum
2220 2445 2485 2507 armatis
2528 2449 2740 2508 tenere
2783 2463 2916 2507 non

502 2547 862 2634 supersedit
890 2545 960 2629 ¹).
1012 2586 1097 2597 -—
1152 2547 1343 2613 Hunc
1389 2549 1607 2614 locum
1652 2551 1764 2613 vix
1813 2551 1971 2613 satis
2021 2547 2338 2635 explicare
2386 2554 2737 2634 potuerunt
2797 2553 2918 2636 qui

500 2660 911 2742 perspectum
955 2677 1080 2720 non
1129 2655 1436 2720 haberent
1456 2704 1471 2732 ,
1524 2656 2082 2720 obnuntiationem
2126 2675 2289 2740 quae
2341 2678 2412 2718 ex
2458 2654 2760 2737 spectione
2805 2655 2920 2722 fie—

500 2766 599 2826 ret
646 2762 924 2825 comitiis
987 2763 1388 2848 interponere
1460 2782 1586 2826 non
1649 2760 1842 2826 licere
1861 2782 1876 2838 ;
1945 2781 2018 2826 ea
2079 2781 2181 2826 res
2243 2761 2362 2826 hoc
2426 2759 2568 2826 loco
2634 2760 2910 2828 mirifice

504 2865 938 2932 confirmatur.

592 2973 717 3038 Sed
788 2994 891 3039 eos
964 2977 1078 3060 qui
1140 2995 1255 3060 pro
1319 2977 1461 3040 iure
1514 2976 1857 3060 spectionis
1908 2973 2078 3039 diem
2129 2973 2413 3059 aliquem
2462 2974 2905 3041 obnuntiando

499 3082 730 3145 vitiare
792 3079 1094 3146 volebant
1112 3130 1127 3158 ,
1196 3084 1464 3146 minime
1532 3101 1781 3146 necesse
1847 3087 1984 3145 erat
2030 3079 2132 3145 die
2180 3083 2323 3165 ipso
2371 3085 2703 3166 expectato
2751 3087 2904 3145 tum

500 3186 765 3251 demum
826 3189 895 3250 in
963 3185 1205 3272 templo
1258 3187 1634 3252 obnuntiare
1653 3236 1669 3265 ,
1718 3208 1922 3272 neque
1970 3187 2298 3272 oportebat
2343 3185 2410 3250 id
2455 3186 2676 3252 facere.
2727 3185 2906 3251 Nam

499 3292 669 3380 quod
729 3313 801 3358 eo
863 3293 964 3359 die
1028 3315 1094 3360 se
1160 3294 1381 3359 fecisse
1442 3315 1591 3379 prae
1639 3315 1706 3358 se
1749 3293 2032 3359 ferebant
2078 3296 2145 3356 in
2194 3292 2468 3378 temp10,
2522 3291 2656 3357 scil.
2707 3312 2772 3357 se
2823 3292 2906 3359 de

499 3397 670 3465 caelo
732 3419 1051 3478 servasse,
1116 3400 1185 3465 id
1248 3421 1315 3465 se
1360 3400 1642 3465 facturos
1690 3421 1825 3465 esse
1872 3402 2004 3463 iam
2055 3405 2241 3464 antea
2286 3405 2632 3476 noverant,
2677 3403 2904 3486 itaque

568 3645 624 3709 1)
657 3645 757 3698 Cio.
792 3647 893 3694 Att.
929 3647 976 3694 4.
1000 3646 1045 3694 8.
1067 3645 1206 3708 8sq.=
1258 3643 1437 3710 .(uilo
1463 3670 1525 3682 —
1556 3643 1624 3692 sic
1659 3647 1788 3692 recte
1822 3643 2063 3708 supplevit
2098 3659 2142 3690 v.
2178 3642 2243 3692 cl.
2285 3643 2430 3708 Boot)
2468 3684 2476 3692 .
2505 3681 2549 3692 ..
2570 3681 2582 3694 .
2615 3645 2902 3708 proscripa&

496 3743 545 3778 se
572 3743 659 3791 per
690 3743 847 3777 omnes
878 3727 981 3777 dies
1014 3726 1279 3776 comitiales
1312 3728 1371 3776 do
1402 3728 1532 3776 eaelo
1566 3732 1864 3776 servaturum
1901 3763 1910 3774 .
1935 3763 1944 3774 .
1966 3763 2009 3774 ..
2047 3727 2180 3774 Haec
2211 3730 2376 3774 tamen
2407 3742 2620 3776 summa.-
2651 3727 2746 3776 αἰεί
2773 3729 2903 3778 Milo

496 3809 549 3858 in
589 3813 757 3873 Campo
792 3808 1151 3867 obnuntiauet,
1188 3808 1382 3857 comitia
1404 3810 1591 3873 fictura
1629 3807 1832 3872 (erant).
1885 3809 2012 3856 Ante
2044 3807 2164 3855 diem
2203 3809 2314 3856 XII
2343 3808 2454 3856 Kal.
2495 3810 2608 3858 Dec.
2649 3810 2770 3858 Milo
2804 3827 2900 3859 ute-

496 3891 579 3939 dn'a
610 3895 749 3940 nocte
786 3907 889 3939 cun
926 3907 1099 3954 nuqua
1139 3907 1281 3940 mauu
1316 3890 1367 3938 in
1412 3889 1636 3954 Campum
1672 3890 1798 3939 md
1813 3910 1830 3938 .·
1878 3889 2070 3938 Clodius
2103 3905 2206 3936 cnm
2243 3889 2432 3939 haberet
2471 3891 2782 3954 fuyitivorum
2817 3893 2904 3942 de—

496 3974 645 4021 lectas
690 3973 871 4036 copias,
920 3973 971 4021 in
1022 3970 1251 4036 Campum
1296 3973 1367 4022 ire
1409 3989 1502 4021 non
1536 3977 1610 4022 ost
1644 3989 1789 4021 ausus
1826 4009 1866 4020 ..
1895 4011 1939 4020 ..
1977 3973 2205 4021 Metellus
2239 3975 2398 4022 tamen
2427 3977 2675 4037 postulat,
2713 3979 2772 4022 ue
2805 3975 2902 4024 eibi

491 4058 678 4118 postem
710 4054 788 4104 die
820 4055 872 4103 in
904 4056 1013 4118 foro
1044 4055 1385 4105 dnmtietur:
1418 4055 1545 4103 nihil
1575 4070 1698 4112 enee,
1735 4056 1862 4118 quod
1891 4055 1945 4103 in
1985 4057 2202 4117 Campum
2239 4061 2375 4105 nocto
2402 4057 2671 4114 καίνειν,-
2699 4073 2748 4106 0ae
2773 4058 2900 4108 hora

492 4136 649 4202 prima
681 4137 731 4186 in
772 4137 972 4186 Comitio
996 4139 1123 4202 soro.
1158 4139 1333 4202 Itaque
1365 4153 1411 4186 a.
1451 4138 1496 4185 d.
1537 4135 1618 4185 XI
1652 4137 1766 4186 Kal.
1803 4137 1855 4185 in
1899 4135 2150 4187 Comitium
2188 4139 2311 4187 Milo
2342 4139 2401 4187 de
2429 4144 2566 4190 nocte
2597 4139 2756 4190 νικᾶτε
2791 4141 2898 4190 Me·

498 4222 643 4271 tcum
674 4235 779 4270 cun
813 4218 970 4283 prima
1003 4222 1105 4269 luce
1138 4220 1315 4282 furtin
1350 4220 1401 4267 in
1446 4217 1670 4282 campum
1705 4218 1958 4269 itineribus
1985 4235 2126 4284 propo
2161 4221 2308 4270 deviis
2339 4221 2590 4278 cur-roban
2623 4221 2902 4287 assequitur

496 4302 629 4352 inter
669 4304 797 4352 lacos
842 4301 1069 4350 hominem
1121 4300 1273 4360 Milo,
1310 4301 1579 4350 obn-aciat.
1619 4301 1712 4350 Ille
1750 4300 1956 4364 (consul)
1992 4317 2042 4352 se
2075 4303 2249 4367 recepit
2283 4338 2296 4352 .
2321 4341 2332 4351 .
2355 4339 2397 4352 ..
2435 4303 2564 4353 Ante
2594 4303 2718 4354 dien
2761 4305 2897 4356 VIII

499 4385 609 4435 Kal.
644 4385 761 4436 haec
791 4399 873 4450 φο
905 4383 1155 4434 scribebam
1189 4384 1307 4434 lwra
1342 4383 1495 4433 noctis
1530 4397 1686 4440 norun
1729 4381 1852 4433 Milo
1891 4387 2111 4447 campum
2149 4385 2245 4435 iam
2283 4382 2524 4435 tenebat'’.
