3192 5009
1034 243 1119 290 ns
1166 243 1317 290 mna
1364 243 1817 290 onnunmnm.
2538 221 2622 290 87

298 411 451 471 titum
504 414 662 472 esset
678 457 696 484 ,
762 407 873 472 sed
938 410 1137 473 etiam
1198 407 1368 493 quod
1428 411 1670 474 incerta
1732 408 2042 495 relig-ione
2075 406 2122 488 ¹)
2186 409 2626 473 obstrinxisset

296 516 591 578 civitatem.
656 513 799 580 Hoc
846 513 1035 579 modo
1080 517 1287 600 igitur
1333 514 1578 579 factum
1627 522 1759 591 est,
1812 515 1980 600 quod
2029 535 2217 580 nemo
2265 517 2499 593 nescit,
2550 521 2626 578 ut

297 640 523 684 omnes
562 623 1133 705 magistratus
1180 621 1590 685 haberent
1637 624 2166 705 spectionem
2212 642 2393 685 cum
2440 641 2628 684 nun-

298 729 612 791 tiatione
658 731 973 812 quatenus
1025 726 1104 792 ad
1151 730 1410 792 comitia
1455 730 1838 812 pertineret,
1879 729 2015 792 sive
2058 729 2194 791 ius
2242 727 2630 792 obnunti-

294 831 445 896 andi
503 835 883 897 comitiis
963 839 1042 898 et
1124 832 1520 898 conciliis
1550 830 1622 912 ²).
1711 834 2028 919 Apparet,
2110 833 2232 898 hoc
2311 836 2414 897 ius
2497 853 2626 896 non

294 941 493 1023 proprie
551 938 626 1004 de
688 941 943 1026 integro
991 941 1197 1002 datum
1243 963 1367 1004 esse
1412 940 1936 1025 magistratibus,
1985 939 2097 1005 sed
2142 941 2234 1004 eis
2281 939 2628 1002 remansisse

292 1065 403 1108 cum
458 1045 840 1110 adimeretur
903 1048 1129 1110 ceteris
1190 1046 1571 1110 mortalibus
1592 1093 1608 1122 ‚
1673 1052 1738 1110 et
1785 1045 2202 1131 repetendum
2249 1067 2384 1110 esse
2432 1067 2508 1110 ex
2559 1048 2628 1110 vi

291 1149 549 1237 singulari
596 1151 964 1230 (comitiali)
1003 1155 1285 1237 auspicio
1326 1151 1583 1217 caelesti
1624 1152 1953 1217 attributa.
2005 1151 2286 1216 Privatis
2325 1158 2391 1216 et
2431 1172 2628 1216 sacer-

292 1255 495 1322 dotibus
554 1260 761 1344 igitur
821 1257 985 1322 nihil
1046 1261 1355 1324 remansit
1413 1261 1483 1322 in
1532 1259 1814 1323 comitiis
1861 1266 2112 1343 praeter
2155 1260 2626 1322 nuntiationem

290 1365 669 1448 auspiciorum
734 1365 1001 1429 fortuito
1068 1367 1239 1429 inter
1311 1367 1630 1429 actionem
1701 1371 2188 1450 conspectorum
2207 1412 2223 1441 ‚
2291 1385 2441 1428 cum
2504 1363 2626 1428 hoc

286 1467 602 1535 discrimine
620 1519 637 1547 ‚
708 1477 785 1535 ut
848 1491 923 1535 ea
984 1473 1306 1535 nuntiatio
1366 1473 1434 1534 in
1497 1473 1770 1555 privatis
1833 1479 2000 1536 esset
2049 1491 2174 1534 non
2221 1490 2487 1555 cogens,
2558 1471 2626 1533 in

286 1575 591 1660 auguribus
637 1596 792 1640 vero
839 1565 1091 1662 cogens.

358 1677 463 1746 Sed
516 1681 671 1746 haec
718 1703 881 1767 quae
926 1681 1003 1747 de
1048 1685 1367 1767 spectione
1414 1685 1920 1766 magistratuum
1967 1682 2250 1776 dirimus
2270 1729 2286 1758 ,
2335 1703 2460 1746 non
2503 1681 2630 1745 suf-

292 1784 473 1850 ficiunt
512 1807 661 1852 cum
710 1807 1089 1872 quaeramus
1135 1788 1212 1853 de
1259 1789 1533 1854 tribunis
1578 1787 1704 1873 p1.;
1750 1795 2066 1873 quantum
2105 1789 2182 1852 ad
2222 1790 2341 1853 hos
2375 1791 2625 1865 attinet,

290 1911 365 1955 res
404 1891 605 1976 paullo
654 1892 850 1958 altius
896 1893 1235 1980 repetenda
1283 1899 1399 1959 est.
1450 1931 1535 1942 -—
1583 1893 1778 1958 Initio
1825 1894 2060 1959 liberae
2100 1894 2485 1979 reipublicae
2524 1897 2627 1958 ius

290 1997 553 2084 augurale
622 2002 821 2064 etiam
889 1999 1125 2065 ferebat
1144 2049 1160 2077 ,
1225 2003 1397 2065 cives
1460 2000 1746 2085 plebeios
1808 2005 1986 2064 omni
2049 2003 2368 2086 spectione
2415 2020 2626 2065 carere

288 2102 514 2181 (Mnem.
560 2103 747 2169 XVII
792 2127 855 2190 p.
898 2104 1030 2170 439
1058 2111 1198 2190 sq.).
1246 2105 1419 2170 Hinc
1456 2105 1702 2171 factum
1743 2115 1870 2181 est,
1915 2128 2065 2172 cum
2103 2127 2218 2192 per
2255 2126 2453 2171 annos
2493 2104 2624 2170 494

286 2207 347 2272 ad
396 2208 513 2274 471
578 2211 823 2275 tribuni
883 2210 1091 2297 plebis
1139 2214 1477 2296 quotannis
1523 2233 1601 2277 ex
1649 2213 2050 2278 Auctor-itate
2097 2214 2370 2278 Patrum
2419 2215 2629 2297 auspi-

287 2321 395 2378 cato
448 2319 511 2380 in
572 2319 851 2381 comitiis
914 2320 1175 2382 curiatis
1223 2317 1543 2404 suffrag-iis
1592 2321 1792 2383 totius
1837 2318 2060 2405 populi
2109 2319 2187 2383 de
2232 2318 2415 2404 plebe
2462 2338 2626 2382 crea-

286 2427 467 2486 rentur
492 2419 561 2501 ³)‚
622 2431 699 2486 ut
762 2423 842 2488 ad
905 2445 1011 2489 eos
1074 2429 1403 2509 tamquam
1466 2424 1546 2489 ad
1596 2427 2058 2510 „magistratus
2114 2424 2360 2509 plebis''
2411 2429 2625 2488 tamen

286 2547 381 2590 non
421 2532 709 2594 transiret
758 2532 1137 2615 auspicium.
1186 2530 1326 2595 Hoc
1373 2534 1644 2596 minime
1691 2532 2082 2618 repugnabat
2123 2530 2258 2617 legi
2293 2529 2394 2594 illi
2431 2551 2626 2615 quam

286 2635 381 2696 toti
432 2638 653 2700 rationi
714 2637 1147 2722 auspiciorum
1210 2636 1650 2701 Romanorum
1697 2637 1954 2701 subesse
2000 2657 2194 2721 supra
2239 2637 2627 2701 demonstra-

286 2740 488 2816 vimus,
536 2761 695 2826 quae
744 2739 985 2806 ferebat
1030 2762 1557 2828 unumquemque
1599 2763 1743 2807 eam
1781 2745 2171 2829 spectionem
2208 2742 2440 2807 habere
2463 2763 2624 2827 quae

284 2850 601 2912 conveniret
665 2849 804 2912 eius
864 2850 992 2912 iuri
1040 2848 1307 2934 agendi;
1357 2869 1505 2913 nam
1554 2852 1820 2934 antiqua
1865 2850 2151 2914 doctrina
2197 2869 2253 2913 a.
2303 2847 2435 2912 494
2484 2869 2626 2912 con—

284 2953 467 3016 stituta
512 2952 864 3018 affirmabat
884 3001 900 3030 ‚
950 2953 1355 3018 tribunatum
1404 2954 1610 3040 plebis
1657 2976 1783 3019 non
1830 2954 2062 3040 agendi
2110 2974 2298 3018 causa
2339 2954 2448 3018 sed
2485 2975 2626 3040 pro-

282 3052 495 3120 hibendi
538 3077 727 3122 causa
776 3078 911 3123 esse
956 3061 1337 3123 institutum
1361 3065 1449 3138 ⁴);
1498 3062 1719 3144 itaque
1770 3063 2110 3145 spectionis
2150 3080 2274 3145 qua
2312 3062 2624 3145 privatim

282 3161 547 3242 prohibiti
584 3171 765 3228 erant
804 3164 971 3249 quod
1011 3167 1267 3250 patricii
1304 3186 1433 3229 non
1457 3173 1704 3243 essent,
1732 3169 1933 3230 etiam
1955 3165 2211 3251 publice
2235 3167 2626 3256 magistratu

332 3450 377 3514 1)
418 3453 537 3517 Quia
578 3453 655 3502 ius
692 3451 937 3516 publicum
970 3451 1235 3502 affirmabat
1267 3454 1485 3517 quidem,
1522 3454 1634 3502 deos
1667 3468 1776 3503 sum
1811 3454 1976 3502 audire
2009 3469 2103 3503 non
2139 3454 2352 3518 potuisse
2381 3469 2490 3502 cum
2524 3453 2624 3502 sine

280 3529 361 3580 im
398 3535 652 3599 auspicium
694 3539 947 3598 quaereret
994 3534 1300 3584 comitiorum
1348 3551 1511 3594 causa,
1556 3537 1636 3584 sed
1674 3541 1835 3584 tamen
1869 3541 2001 3584 certo
2037 3534 2148 3584 sciri
2183 3551 2278 3584 non
2314 3539 2527 3600 poterat.
2561 3551 2623 3584 sn

278 3613 423 3678 nliquid
454 3617 630 3666 valeret
664 3617 769 3666 eins
800 3616 1013 3682 precatio
1046 3618 1173 3681 apud
1208 3618 1333 3665 deos.
1370 3645 1434 3654 —
1472 3617 1526 3678 8)
1560 3617 1661 3667 Cic.
1698 3617 1790 3678 leg.
1827 3619 2051 3666 3.3.10:
2095 3633 2284 3668 ‚omnes
2317 3617 2626 3681 magistratus

276 3699 498 3762 auspicium
532 3737 545 3749 .
564 3737 575 3749 .
602 3737 647 3748 ..
684 3697 925 3748 habeut&
956 3699 1072 3749 cllta
1108 3700 1205 3750 eie.
1243 3700 1331 3764 leg.
1369 3703 1413 3750 8.
1438 3701 1513 3749 12.
1535 3700 1624 3751 272
1670 3701 1914 3765 ‚deinceps
1947 3701 2098 3762 igitur
2126 3699 2346 3748 omnibus
2377 3700 2622 3761 magistra-

275 3778 377 3830 tib-⁸
420 3783 637 3848 auspicia.
676 3821 687 3830 .
712 3821 723 3830 .
746 3819 757 3830 .
794 3782 971 3831 dautur
1008 3819 1114 3840 ...‚
1153 3786 1207 3832 ut
1251 3783 1429 3831 multos
1475 3783 1674 3831 inutiles
1719 3783 1992 3831 comitiatus
2035 3781 2301 3846 probabiles
2335 3782 2623 3846 impedirent

276 3875 430 3922 nom.
482 3879 619 3929 saepe
662 3863 791 3914 euim
830 3863 992 3929 populi
1030 3864 1259 3929 impetum
1294 3863 1529 3913 iniustum
1566 3864 1791 3928 auspiciis
1825 3865 1875 3912 di
1907 3863 2204 3913 immortales
2237 3862 2620 3928 represserunt'’;

276 3942 355 3993 cie.
404 3947 521 3996 Phil.
569 3947 617 3996 2.
640 3948 721 3996 32.
742 3947 827 3995 812
890 3961 1005 3996 ..nos
1051 3947 1179 3996 enim
1225 3946 1381 3996 solum
1427 3947 1782 3996 nuntiationem
1829 3947 2078 4004 habemus,
2116 3945 2334 3994 consules
2366 3950 2417 3995 st
2449 3947 2624 4010 reliqui

274 4028 549 4092 ussisti-stus·
570 4029 721 4078 etiam
753 4026 1093 4094 spectionem”.
1129 4055 1193 4065 -·
1230 4031 1279 4087 3)
1316 4029 1411 4077 Cic.
1444 4045 1531 4093 pro
1560 4029 1706 4077 Corn.
1737 4032 1842 4077 Aac.
1867 4045 1912 4093 p.
1933 4028 2018 4086 7o;
2055 4028 2248 4092 Dionys.
2272 4029 2317 4076 6.
2339 4029 2427 4088 89;
2462 4031 2508 4077 9.
2528 4029 2623 4088 41ς

274 4107 355 4158 Isis.
395 4111 425 4156 Β
458 4113 607 4162 Mn&
660 4137 727 4148 —
774 4113 827 4172 4)
870 4110 994 4159 Gen.
1037 4111 1213 4160 13.12.
1237 4111 1291 4168 9;
1342 4109 1458 4159 Plut
1520 4111 1626 4158 Cat.
1668 4111 1780 4160 min.
1819 4111 1909 4160 20:
1950 4111 2010 4158 τὸ
2047 4111 2145 4173 γὰρ
2183 4109 2390 4173 ἰσχυρὸν
2423 4109 2452 4166 ἦ
2487 4110 2622 4174 ἀρχὴ

274 4191 369 4250 spic
397 4195 453 4242 τὸ
486 4191 689 4242 κωλύειν
726 4191 843 4254 ’ἕχει
880 4197 1077 4253 μᾶλλον
1112 4189 1141 4248 1?
1176 4192 1291 4253 πρὸς
1327 4193 1387 4240 τὸ
1425 4191 1696 4254 arpis-rum
1732 4193 1798 4243 id.
1836 4194 1894 4257 Q.
1933 4192 1986 4241 R.
2021 4194 2107 4243 81:
2147 4193 2234 4241 τὸν
2263 4191 2418 4241 αὐτὸν
2445 4195 2624 4255 τρόπον

274 4269 429 4322 οἴονται
472 4275 561 4332 τὴν
608 4273 895 4338 δημαρχίαν
940 4272 1154 4324 κώλυσιν
1202 4273 1365 4338 ἀρχῆς
1401 4275 1600 4334 μάλλὀν
1633 4264 1776 4334 ulum,
1815 4273 1900 4322 καὶ
1932 4275 2048 4337 πρδς
2085 4273 2247 4338 ἀρχὴν
2283 4273 2561 4341 ἀντίταξιν,
2594 4273 2624 4333 ἢ

278 4351 425 4418 &miv-
