3192 5009
1273 338 1612 387 0011111110.
2532 318 2617 385 21

257 514 373 574 aut
453 507 809 573 narratione
875 508 1127 592 copiosa
1193 506 1444 591 aperuit
1459 554 1476 583 ,
1565 505 1718 592 quid
1786 506 2095 570 intimum
2164 510 2384 592 pectus
2452 503 2624 570 solli-

259 616 502 680 citaret.

347 716 489 784 Una
525 740 602 784 ex
645 716 1042 783 mulierculis
1080 716 1241 794 illis,
1284 736 1439 803 quas
1476 716 1783 782 Horatius
1821 722 2110 783 tumente
2145 719 2409 805 inguine
2451 715 2621 782 adire

253 824 496 892 solebat
556 826 718 890 circa
779 822 1087 889 secundae
1150 820 1396 889 Satirae
1457 827 1750 909 tempora
1769 872 1787 901 ,
1836 830 2178 908 antequam
2222 822 2427 888 ullam
2473 843 2619 888 vere

249 934 528 997 amasset
593 936 705 995 aut
765 934 1039 1006 amaret,
1090 928 1216 995 fuit
1259 928 1370 994 illa
1414 929 1726 994 mulier
1774 930 2057 1015 nigris
2103 929 2621 1013 dignissima

249 1038 529 1103 barris
590 1033 816 1121 (Epod.
871 1034 1002 1115 12),
1051 1056 1210 1120 (11100
1257 1042 1333 1101 ut
1376 1038 1677 1100 iuvenem
1724 1034 2055 1099 infirmum
2099 1036 2429 1113 retineret,
2475 1037 2623 1099 mit-

251 1142 428 1209 tebat
486 1144 545 1208 ei
605 1161 870 1208 munera
929 1145 994 1206 et
1055 1138 1336 1207 tabellas.
1405 1140 1529 1207 Sed
1575 1140 1815 1205 frustra
1860 1140 2004 1206 fuit.
2075 1140 2244 1206 Nam
2290 1141 2408 1207 sub
2446 1140 2620 1206 idem

251 1254 511 1333 tempus
548 1253 631 1329 (a.
674 1246 761 1312 40
795 1246 900 1312 vel
940 1244 1053 1327 39)
1097 1266 1218 1311 11011
1259 1244 1488 1312 leviter
1524 1252 1779 1331 poetam
1798 1295 1815 1324 ,
1855 1245 1983 1311 alto
2019 1246 2356 1332 supercilio
2379 1245 2621 1332 puellas

251 1354 705 1439 despicientem
723 1401 740 1431 ,
787 1354 1044 1437 punivit
1061 1401 1078 1430 ,
1126 1356 1202 1416 ut
1247 1351 1381 1417 dixi
1399 1401 1416 1430 ,
1461 1354 1625 1418 irata
1670 1350 2005 1439 Cytherea.
2070 1350 2310 1438 Captus
2356 1358 2454 1417 est
2494 1372 2620 1417 non

251 1480 498 1537 amore,
560 1459 670 1525 sed
728 1458 936 1523 furore
954 1507 973 1536 ‚
1035 1460 1137 1522 uti
1197 1460 1320 1535 ait,
1367 1456 1549 1523 illius
1600 1479 1794 1543 quam
1841 1458 2081 1525 ibidem
2126 1458 2402 1545 appellat
2451 1457 2541 1523 In
2559 1478 2621 1522 a·

248 1565 541 1631 chiam.
614 1564 794 1629 Hanc
863 1569 1080 1629 autem
1147 1583 1295 1628 cum
1313 1612 1330 1641 ,
1385 1584 1511 1629 non
1558 1562 1747 1629 aliter
1790 1571 1978 1649 atque
2025 1563 2320 1629 Tibullus
2366 1562 2617 1629 Deliam

247 1692 437 1737 suam
480 1675 546 1735 et
581 1670 950 1757 Propertius
988 1667 1356 1756 Cynthiam,
1399 1690 1650 1755 semper
1684 1691 1952 1736 vacuam
1991 1692 2239 1756 semper
2275 1669 2619 1736 amabilem

247 1778 499 1863 sibique
545 1779 726 1843 unice
775 1776 1135 1843 devinctam
1181 1775 1577 1862 aliquamdiu
1626 1782 1905 1863 speraret
1922 1827 1938 1855 ,
1989 1780 2044 1842 is
2093 1798 2342 1863 quoque
2389 1780 2617 1841 misere

248 1888 551 1972 expertus
597 1889 692 1948 est
709 1932 726 1960 ‚
775 1882 929 1968 quid
973 1880 1255 1947 valerent
1294 1882 1530 1969 perfida
1569 1882 1932 1968 puellarum
1970 1890 2118 1949 vota
2157 1886 2617 1949 interveniente

252 1988 508 2057 aemulo
567 1989 646 2054 ob
707 1988 963 2052 divitias
1023 1989 1288 2073 potiore.
1349 1988 1512 2054 Ecce
1557 1991 1767 2075 igitur
1808 1992 1866 2054 is
1885 2038 1902 2067 ,
1955 1992 2065 2074 (1111
2108 1990 2276 2053 inter
2324 1987 2616 2073 aequales

248 2098 544 2183 princeps
588 2096 898 2159 nimirum
941 2094 1150 2159 fuerat
1191 2093 1451 2158 iocando
1499 2099 1564 2159 et
1612 2094 1872 2159 ridendo
1922 2094 2077 2160 alios
2095 2144 2111 2172 ,
2152 2097 2208 2159 si
2247 2098 2389 2179 quis
2426 2096 2617 2158 unius

248 2200 500 2289 puellae
556 2200 811 2287 legibus
871 2205 1034 2264 esset
1097 2198 1436 2265 adstrictus
1453 2248 1470 2277 ,
1533 2200 1751 2264 oderat
1810 2221 1977 2265 nunc
2041 2206 2106 2265 et
2152 2200 2436 2287 fugiebat
2478 2218 2618 2265 con-

249 2311 429 2377 vivia
492 2310 574 2373 in
649 2308 832 2392 quis
907 2310 1313 2371 amantem
1386 2305 1750 2392 languor
1826 2311 1906 2371 et
1988 2306 2446 2372 silentium
2512 2326 2616 2370 ar-

251 2416 449 2503 guit
514 2419 592 2480 et
659 2411 936 2478 latere
1004 2415 1332 2499 petitus
1403 2414 1566 2475 imo
1640 2414 2009 2496 spiritus
2078 2410 2304 2497 (Epod.
2375 2410 2479 2475 11.
2524 2408 2612 2492 9).

251 2520 583 2601 Quantum
643 2525 795 2584 tunc
850 2524 1096 2594 ureret,
1144 2516 1354 2603 prodit
1398 2516 1502 2581 hic
1550 2516 1809 2604 Epodus
1854 2517 1931 2582 ad
1975 2517 2294 2596 Pettium,
2342 2520 2613 2603 scriptus

249 2628 443 2693 tertio
489 2646 649 2691 anno
696 2646 773 2690 ex
819 2644 942 2709 quo
993 2623 1320 2689 destiterat
1366 2622 1645 2689 furere
1692 2622 2039 2688 Inachia
2111 2626 2340 2710 (igitur
2384 2624 2511 2689 fere
2556 2644 2611 2687 a.

250 2731 390 2814 36),
437 2734 504 2797 in
551 2752 674 2817 quo
721 2736 857 2795 tam
902 2729 1109 2793 multo
1157 2736 1303 2814 post
1349 2732 1547 2795 etiam
1583 2750 1651 2793 se
1688 2730 1923 2816 pudere
1963 2732 2086 2807 ait,
2130 2735 2365 2815 quanta
2400 2728 2613 2794 fabula

248 2845 404 2904 tunc
448 2838 639 2903 fuerit
685 2856 796 2921 per
840 2833 1079 2901 Urbem
1117 2841 1181 2899 et
1220 2838 1289 2899 in
1327 2838 1680 2900 amicorum
1719 2835 1990 2914 circulis,
2032 2843 2221 2922 atque
2244 2835 2615 2923 indignatur

249 2947 543 3009 contra
589 2942 915 3007 lucrum
960 2939 1082 3006 nil
1127 2940 1412 3007 valere
1457 2941 1907 3006 candidum
1952 2945 2350 3028 pauperis
2396 2944 2615 3028 inge-

247 3052 500 3115 nium.
546 3048 622 3113 In
668 3047 847 3113 nullo
893 3050 1172 3113 carmine
1220 3052 1356 3111 tam
1401 3049 1640 3112 sincere
1689 3054 1753 3112 et
1799 3069 1948 3112 cum
1996 3052 2172 3113 tanto
2222 3046 2432 3113 dolore
2477 3068 2615 3133 pro-

249 3157 454 3222 fessus
513 3160 609 3220 est
675 3176 802 3219 non
865 3152 1054 3218 modo
1123 3153 1451 3218 flammam
1519 3174 1645 3238 qua
1714 3154 1993 3238 peribat,
2065 3153 2174 3219 sed
2240 3152 2484 3219 cladem
2549 3161 2613 3218 et

246 3266 572 3347 acceptam
614 3262 1071 3348 ignominiam,
1123 3280 1314 3344 quam
1360 3262 1429 3324 in
1474 3260 1590 3324 hoc
1638 3266 1702 3325 et
1746 3263 1813 3324 in
1862 3260 2080 3346 Epodo
2127 3258 2206 3324 15
2255 3260 2335 3325 ad
2379 3260 2438 3325 N
2455 3281 2615 3325 000-

247 3390 421 3435 10111
439 3415 455 3444 ,
542 3388 700 3453 (11100
785 3388 934 3431 011111
1015 3364 1207 3431 lentis
1277 3364 1620 3431 adhaerens
1687 3366 1993 3431 bracchiis
2063 3368 2333 3431 iurasset
2398 3365 2561 3431 hun
2580 3388 2613 3431 c

248 3494 606 3540 amorem
651 3473 828 3538 fore
873 3478 1285 3549 mutuum,
1328 3470 1621 3536 adsiduas
1660 3473 1891 3557 potiori
1931 3471 2119 3537 dabat
2155 3478 2404 3549 noctes,
2447 3471 2614 3557 quod

246 3601 398 3646 cum
457 3577 684 3644 multis
744 3580 937 3643 minis
999 3598 1153 3663 erga
1216 3574 1483 3642 rivalem
1530 3598 1597 3641 00
1644 3597 1769 3641 11011
1814 3576 2101 3643 laturum
2150 3578 2421 3643 affirmat
2438 3627 2455 3655 ,
2506 3578 2614 3643 sed

245 3687 371 3751 sibi
414 3705 663 3769 quoque
707 3705 923 3769 parem
970 3685 1410 3768 quaesiturum
1456 3686 1691 3748 omissa
1734 3682 1994 3748 Neaera.

339 3790 458 3855 Est
501 3796 716 3855 autem
761 3790 914 3855 haec
958 3788 1252 3854 Neaera
1295 3809 1400 3854 me
1443 3788 1652 3853 iudice
1697 3808 1823 3853 non
1862 3786 1986 3853 alia
2023 3809 2218 3873 quam
2264 3788 2609 3867 Inachia,
2686 3852 2711 3873 ,

251 3895 440 3961 solita
483 3898 552 3960 in
596 3894 864 3960 Horatio
910 3897 1048 3959 veri
1092 3896 1370 3959 nominis
1418 3891 1923 3959 dissimulatione
1969 3894 2085 3959 sub
2132 3894 2398 3960 diversis
2434 3916 2615 3979 pseu-

253 4003 550 4089 donymis
567 4050 582 4078 ,
645 4006 834 4086 atque
895 4002 1167 4086 scriptus
1224 3999 1328 4065 1110
1374 4000 1613 4085 epodus
1660 3998 1981 4085 aliquanto
2027 4008 2169 4085 post
2221 4000 2405 4078 12¹¹¹¹²‚
2453 4022 2613 4066 anno

251 4109 380 4174 fere
423 4106 528 4172 39.
575 4107 674 4173 Ita
719 4112 928 4171 statuo
967 4108 1285 4191 primum,
1325 4110 1474 4191 quia
1515 4109 1582 4171 in
1622 4090 1892 4191 utroque
1932 4106 2129 4191 epodo
2170 4106 2389 4171 eodem
2429 4110 2614 4193 gravi

252 4234 467 4280 amore
513 4212 756 4301 deperit
772 4263 789 4290 ,
839 4234 963 4299 (1110
1003 4234 1318 4297 nusquam
1356 4218 1575 4299 postea
1615 4215 1769 4276 arsit
1786 4261 1802 4289 ,
1841 4214 1965 4276 nisi
2006 4212 2165 4277 forte
2202 4214 2270 4275 in
2296 4209 2609 4291 Cinaram,

251 4327 400 4387 tum
437 4324 588 4406 quia
623 4320 960 4405 utrobique
985 4340 1265 4404 sperasse
1290 4340 1355 4384 se
1377 4318 1617 4384 indicat
1634 4367 1651 4396 ,
1677 4316 1845 4403 qnod
1869 4339 2071 4403 neque
2094 4326 2240 4384 ante
2264 4339 2377 4383 nec
2394 4324 2614 4403 postea

251 4446 562 4513 umquam
579 4475 596 4504 ‚
662 4427 828 4491 hunc
889 4446 1169 4491 amorem
1231 4426 1360 4490 fore
1423 4432 1731 4490 mutuum
1794 4423 2068 4491 exclusis
2117 4422 2260 4489 aliis
2279 4472 2296 4502 ,
2345 4424 2614 4511 denique
