3192 5009
1329 328 1663 379 nonnus.
2586 304 2672 373 27

303 494 568 584 longam
627 497 1027 565 simultatem
1087 500 1370 563 exercuit
1386 546 1402 576 ‚
1467 500 1651 563 cuius
1713 500 1805 563 rei
1865 498 2323 564 documentum
2367 494 2675 560 habemus
2800 564 2805 571 ,

311 602 428 669 Od.
469 603 499 669 I
539 603 600 682 5,
636 606 707 669 in
750 624 876 690 qua
919 603 1035 670 sub
1081 604 1369 691 Pyrrhae
1415 606 1671 672 nomine
1714 606 1829 671 illa
1868 603 2182 670 delitescit
2198 652 2216 682 ,
2252 607 2328 667 ut
2368 601 2671 667 vidimus.

309 710 397 777 Et
453 710 606 797 quid
666 713 874 797 magis
938 709 1238 776 credibile
1283 716 1380 775 est
1423 714 1492 776 in
1535 718 1724 798 poeta
1769 710 2145 796 philosopho
2164 758 2181 788 ,
2232 728 2427 794 quam
2467 708 2566 772 ira
2610 710 2675 771 et

308 815 746 903 indignatione
806 815 1118 902 paulatim
1181 820 1511 903 consopita
1567 816 1831 882 rediisse
1878 839 2003 882 non
2051 815 2308 902 quidem
2353 833 2637 879 amorem
2655 859 2673 890 ,

307 922 418 989 sed
461 923 806 1009 benignam
841 920 1244 987 voluntatem
1284 921 1773 988 reconciliandae
1811 924 2055 1009 gratiae
2094 916 2489 986 studiosam?
2525 918 2676 984 Por-

304 1032 465 1117 rigit
521 1032 728 1116 igitur
787 1026 1035 1115 puellae
1097 1049 1364 1093 manum
1421 1028 1744 1094 obtestans
1761 1077 1778 1106 ‚
1848 1034 1925 1092 ut
1971 1046 2437 1113 quemcumque
2482 1024 2671 1091 finem

303 1140 500 1221 ponat
561 1135 790 1201 iambis
851 1139 916 1199 et
977 1132 1163 1199 tollat
1223 1132 1516 1199 effectum
1533 1181 1551 1211 ‚
1612 1132 2023 1199 iracundiam.
2094 1132 2169 1199 Id
2229 1138 2449 1199 autem
2491 1130 2676 1197 illam

303 1262 432 1307 non
475 1240 787 1307 facturam
822 1239 1018 1305 fuisse
1053 1242 1178 1305 nisi
1215 1260 1289 1305 ea
1325 1239 1691 1305 condicione
1707 1288 1723 1317 ,
1764 1246 1841 1305 ut
1885 1246 2071 1325 poeta
2103 1240 2355 1305 iambos
2390 1238 2674 1305 nondum

303 1346 506 1413 editos
566 1350 632 1413 et
693 1348 910 1433 paucis
973 1346 1177 1411 adhuc
1237 1351 1422 1411 notos
1481 1343 1721 1411 deleret
1739 1393 1756 1423 ,
1806 1352 2301 1413 consentaneum
2348 1351 2477 1411 est:
2524 1345 2673 1411 hinc

297 1453 466 1519 nulli
530 1453 710 1519 nobis
778 1458 1118 1538 supersunt
1185 1458 1434 1537 praeter
1497 1453 1784 1538 primum
1800 1502 1817 1531 ,
1880 1454 2159 1540 epodum
2209 1451 2313 1518 15.
2386 1452 2671 1539 Respicit

305 1564 523 1625 autem
565 1561 636 1625 iu
680 1558 800 1625 oda
849 1556 931 1623 16
976 1556 1088 1622 illa
1126 1564 1416 1644 tempora
1459 1564 1765 1644 tanquam
1809 1557 2185 1647 longissime
2230 1563 2506 1625 remota:
2554 1579 2623 1623 m
2638 1578 2674 1623 e

304 1685 628 1751 quoque
667 1666 1038 1751 pectoris
1075 1667 1544 1751 temptavit
1578 1667 1665 1731 in
1704 1665 1936 1732 dulci
1974 1669 2333 1732 iuventa
2372 1666 2673 1747 fervor,

303 1772 594 1859 quocirca
637 1773 872 1855 scripta
918 1774 1014 1835 est
1057 1768 1268 1835 multo
1313 1774 1460 1855 post
1503 1772 1909 1837 iuventutem
1929 1819 1945 1849 ‚
1994 1778 2069 1837 ut
2106 1776 2263 1857 puto
2302 1772 2466 1837 circa
2503 1790 2559 1835 a.
2588 1768 2674 1836 30

303 1898 360 1943 a.
387 1874 458 1945 G.
483 1899 546 1941 n.
609 1875 754 1941 Non
815 1881 1035 1940 autem
1098 1897 1167 1939 m
1184 1881 1447 1940 atrem
1504 1878 1852 1942 insectatus
1911 1882 2047 1942 erat
2091 1877 2323 1943 iambis
2340 1925 2357 1954 ,
2405 1882 2481 1940 ut
2525 1883 2679 1941 sunt

303 1985 416 2071 qui
461 1983 863 2070 putaverint,
913 1981 1022 2047 sed
1067 1980 1270 2047 filiam
1312 1984 1520 2067 ipsam
1565 1983 1897 2049 viventem
1934 2004 2082 2048 cum
2121 1988 2346 2061 matre,
2388 1982 2677 2048 formosi-

304 2096 436 2156 tate
481 2111 606 2155 non
653 2090 867 2154 minus
910 2090 1152 2175 insigni
1170 2136 1186 2165 ,
1236 2090 1418 2154 cuius
1463 2095 1721 2175 gratam
1768 2088 1936 2156 filiae
1980 2091 2362 2155 memoriam
2408 2092 2679 2155 comiter

309 2202 378 2263 et
423 2196 736 2281 exquisite
783 2214 950 2259 nunc
995 2200 1268 2259 revocat.

396 2300 698 2387 Superest
757 2320 964 2364 unum
1023 2318 1278 2367 carmen
1337 2300 1507 2386 quod
1555 2303 1754 2366 etiam
1796 2300 1878 2367 ad
1925 2298 2126 2369 Cina
2142 2322 2310 2368 ram
2353 2302 2673 2388 pertinere

304 2409 544 2493 opinor,
594 2404 690 2471 111
739 2402 800 2483 9,
851 2405 927 2470 de
976 2425 1100 2491 quo
1143 2406 1310 2472 infra
1356 2426 1568 2493 agam.

395 2513 696 2599 Disposui
732 2514 1014 2577 carmina
1053 2532 1214 2597 quae
1253 2512 1558 2579 trahenda
1581 2518 1732 2578 sunt
1754 2515 1993 2599 partim
2015 2513 2097 2580 ad
2117 2516 2403 2597 primum
2425 2513 2679 2578 Horatii

301 2623 524 2707 ignem
559 2639 684 2683 non
719 2620 1120 2683 nominatum
1157 2619 1283 2683 nisi
1307 2618 1472 2685 fictis
1497 2620 1862 2685 nominibus
1884 2618 2143 2685 Inachia
2164 2618 2404 2685 Neaera
2425 2618 2679 2705 Pyrrha

303 2725 451 2811 (Ep.
497 2724 598 2789 12.
630 2722 733 2789 15.
766 2722 868 2787 11.
918 2721 1032 2788 Od.
1084 2721 1114 2787 I
1154 2722 1214 2788 5.
1247 2722 1351 2789 13.
1381 2723 1491 2803 16)
1531 2727 1700 2790 inter
1735 2744 1791 2789 a.
1834 2724 1963 2791 fere
2004 2724 2091 2790 40
2114 2730 2179 2789 et
2204 2723 2311 2802 34,
2336 2726 2573 2811 partim
2598 2723 2679 2789 ad

303 2831 580 2899 alterum
603 2850 887 2895 amorem
911 2832 1249 2907 sincerum,
1276 2852 1468 2915 quem
1491 2832 1746 2916 proprio
1771 2828 2036 2897 Cinarae
2062 2832 2316 2895 nomine
2340 2832 2677 2916 insignivit

301 2943 447 3025 post
485 2938 734 3003 obitum
777 2938 844 3001 in
892 2932 1006 3000 Od.
1052 2933 1141 3000 IV
1191 2935 1225 3000 1
1277 2941 1341 3001 et
1385 2940 1454 3001 in
1493 2935 1800 3023 Epistolis
1818 2985 1835 3013 ‚
1876 2936 1986 3003 sed
2026 2936 2172 3003 ficto
2212 2936 2575 3002 Leuconoes
2610 2941 2675 3001 et

301 3043 548 3131 Lydiae
591 3045 659 3107 in
694 3042 727 3107 Ι
776 3041 881 3107 11.
913 3040 1016 3106 13.
1057 3040 1152 3106 ΙΠ
1177 3040 1216 3107 9
1255 3045 1422 3109 inter
1445 3063 1500 3110 a.
1525 3044 1657 3109 fere
1683 3041 1969 3108 34-31,
2018 3042 2419 3128 Quamquam
2458 3048 2677 3107 autem

302 3152 376 3217 hi
434 3150 685 3215 numeri
742 3169 868 3214 non
893 3210 900 3217 .
930 3153 1080 3213 sunt
1126 3151 1315 3226 certi,
1366 3155 1578 3214 tamen
1627 3168 1665 3213 a
1710 3150 1979 3214 veritate
2024 3147 2305 3214 multum
2356 3147 2672 3214 discedere

302 3259 416 3321 vix
459 3260 726 3341 possunt
741 3302 759 3332 ,
821 3259 887 3318 et
931 3254 1126 3318 etiam
1172 3256 1228 3318 si
1273 3257 1513 3319 mutari
1559 3254 1827 3319 debeant
1842 3302 1859 3331 ,
1908 3274 1981 3319 eo
2027 3260 2243 3319 tamen
2290 3275 2416 3319 non
2460 3273 2677 3339 reapse

305 3361 581 3429 concidit
641 3380 932 3425 amorum
979 3361 1172 3426 series
1218 3365 1284 3425 et
1329 3360 1658 3447 dispositio
1704 3362 2061 3427 carminum
2079 3409 2095 3438 ,
2142 3382 2299 3446 quas
2343 3362 2645 3447 proposui
2660 3410 2680 3439 ‚

306 3489 592 3555 quaeque
637 3488 715 3533 ex
760 3468 918 3552 ipsis
962 3467 1227 3532 odarum
1272 3467 1462 3534 rebus
1499 3470 1668 3534 inter
1706 3489 1773 3534 se
1810 3470 2189 3554 comparatis
2230 3474 2382 3533 sunt
2420 3470 2679 3555 petitae.

305 3573 600 3639 Vidimus
656 3578 874 3638 autem
918 3572 1234 3659 quomodo
1279 3573 1587 3639 Horatius
1631 3576 1749 3639 hoc
1798 3594 2110 3639 annorum
2158 3576 2361 3659 spatio
2381 3623 2398 3651 ,
2446 3573 2682 3660 profec-

307 3686 414 3746 tus
459 3702 498 3747 a
539 3700 650 3768 spe
696 3678 950 3746 credula
994 3681 1192 3745 animi
1239 3702 1489 3767 semper
1533 3682 1772 3758 mutui,
1822 3680 2080 3745 tandem
2122 3682 2521 3766 experientia·
2542 3680 2681 3745 doc-
2744 3664 2749 3673 ³

305 3792 414 3852 tus
483 3787 809 3854 devenerit
876 3784 957 3850 ad
1018 3784 1202 3851 illam
1271 3788 1837 3873 aequanimitatem
1856 3834 1873 3863 ‚
1949 3806 2141 3871 quam
2212 3788 2457 3872 spirant
2524 3786 2679 3851 odae

307 3895 684 3980 posteriores
731 3897 795 3957 et
838 3892 1160 3977 imprimis
1207 3890 1319 3957 illa
1366 3892 1444 3957 ad
1486 3890 1820 3957 Tibullum
1861 3889 1891 3955 I
1930 3888 2036 3967 33,
2085 3911 2277 3976 quem
2316 3890 2679 3956 consolatur

308 3998 478 4085 quod
523 4001 582 4065 ei
627 4000 911 4063 iunior
955 3996 1180 4062 laesa
1225 4002 1713 4083 praeniteat
1760 3996 1948 4063 fide.
1997 3996 2292 4062 Etenim:

580 4102 716 4169 Sic
760 4106 1035 4168 visum
1079 4102 1416 4181 Veneri,
1465 4106 1601 4169 cui
1645 4102 1927 4189 placet
1971 4104 2323 4187 imparis

579 4208 887 4273 formas
934 4214 1183 4294 atque
1231 4210 1549 4274 animos
1599 4207 1747 4272 sub
1791 4210 1999 4293 iuga
2046 4228 2297 4272 aenea

582 4334 823 4380 saevo
868 4316 1210 4379 mittere
1256 4334 1438 4379 cum
1483 4316 1706 4391 iocO,

313 4418 482 4505 quod
527 4440 594 4484 se
640 4440 886 4504 quoque
930 4421 997 4483 in
1043 4417 1328 4504 Myrtale
1374 4424 1710 4503 expertum
1756 4439 1893 4483 esse
1941 4418 2293 4507 subiungit.
