3192 5009
494 238 629 304 420
1136 256 1221 302 113
1265 253 1892 303 mAuomumomnus
1939 253 2240 302 nomme.

488 430 767 512 getaque
822 421 1120 488 sollemni
1164 424 1297 486 ritu
1344 443 1381 486 a
1428 421 1684 487 flamine
1733 422 1887 488 diali
1935 421 2514 488 vindemiatoribus
2561 423 2892 506 permitte-

490 532 744 608 bantur,
806 549 933 594 non
994 531 1129 594 sine
1191 549 1487 614 responso
1548 550 1878 617 augurum
1940 535 2304 616 susceptam
2352 549 2488 595 esse
2538 526 2892 600 admodum

490 635 844 703 verisimile
909 640 1042 711 est,
1113 635 1336 700 eodem
1394 634 1586 701 modo
1653 657 1779 721 quo
1844 642 2034 714 „ante
2095 636 2318 723 fruges
2378 656 2578 701 novas
2625 633 2888 721 captas”

362 787 375 796 -
490 744 853 824 inauqurato
889 741 1287 806 habebantur
1324 740 1520 807 feriae
1555 742 2003 826 praecidaneae
2030 740 2100 822 ¹).
2149 741 2224 806 In
2267 763 2341 807 ea
2364 740 2643 807 formula
2665 747 2890 840 autem

491 871 605 914 cur
662 851 847 913 iuxta
907 846 1133 912 Vincta
1196 849 1394 911 etiam
1456 849 1786 912 nominata
1847 850 1977 912 sint
2037 846 2303 934 Virgeta
2323 898 2338 925 ,
2387 847 2726 934 intelleget
2771 846 2894 932 qui

490 956 888 1040 reputaverit
906 1000 923 1030 ,
996 951 1317 1018 Romanos
1386 955 1593 1018 vitem
1659 952 1932 1018 coluisse
1997 953 2247 1018 duobus
2311 953 2520 1019 modis
2539 1002 2554 1031 ,
2620 951 2755 1018 scil.
2819 953 2892 1016 in

492 1060 741 1124 Vinetis
802 1061 938 1123 sive
1001 1057 1219 1122 Vineis
1282 1058 1398 1123 ubi
1442 1061 1610 1124 vites
1661 1063 1776 1124 aut
1821 1057 2218 1144 pedamentis
2268 1058 2571 1146 alligatae
2621 1060 2894 1122 sustine-

492 1167 730 1232 bantur
776 1171 891 1229 aut
934 1185 1002 1229 se
1046 1166 1231 1250 ipsae
1269 1165 1674 1229 sustinebant
1721 1167 1856 1229 sine
1903 1163 2294 1231 adminiculo
2311 1214 2328 1243 ,
2379 1171 2444 1230 et
2491 1167 2560 1229 in
2602 1163 2890 1250 Virgetis

492 1274 631 1337 sive
691 1271 991 1336 Arbustis
1018 1269 1070 1348 ⁹)
1086 1291 1103 1348 ;
1176 1272 1339 1336 hanc
1400 1271 1479 1335 ob
1544 1291 1806 1336 causam
1865 1291 2050 1358 saepe
2115 1275 2453 1338 coniuncta
2515 1277 2666 1336 sunt
2727 1271 2890 1336 haec

492 1376 807 1444 vocabula
882 1378 939 1440 V
932 1377 1099 1440 ineta
1159 1383 1218 1440 et
1286 1376 1344 1439 V
1336 1376 1532 1456 iryeta
1592 1379 1728 1442 sive
1789 1377 1846 1440 V
1839 1376 2007 1441 ὁποία
2069 1377 2127 1440 V
2119 1377 2460 1463 irqultaque
2489 1379 2540 1458 ³)
2591 1381 2726 1442 sive
2787 1376 2848 1440 V
2839 1369 2906 1440 ,2'

492 1508 640 1549 neae
697 1490 755 1547 et
802 1484 1062 1546 Arbusta
1084 1483 1137 1564 ⁴)
1186 1483 1267 1548 ad
1314 1481 1764 1569 significandas
1815 1505 2008 1546 omnes
2058 1490 2251 1548 terrae
2297 1484 2506 1569 quibus
2551 1483 2698 1547 vitis
2745 1482 2890 1546 cobi-

492 1600 613 1670 tur,
686 1590 855 1677 quod
920 1589 1098 1655 idem
1162 1591 1232 1653 in
1298 1590 1417 1655 1133
1486 1587 1766 1654 formula
1837 1590 2082 1654 factum
2143 1594 2258 1654 est.
2311 1627 2398 1638 —
2446 1590 2711 1656 Praeter
2771 1589 2888 1654 has

493 1699 907 1766 caerimonias
968 1718 1095 1762 non
1141 1695 1351 1761 multa
1397 1696 1521 1761 alia
1566 1696 1768 1761 fuisse
1816 1693 2152 1761 sollemnia
2199 1701 2366 1761 stata
2416 1701 2482 1760 et
2531 1698 2894 1760 anniversa-

494 1809 592 1871 ria
608 1855 625 1883 ‚
675 1825 836 1890 quae
882 1806 1442 1890 inaugurarentur,
1488 1805 1624 1866 iam
1671 1802 1925 1886 probari
1973 1802 2229 1867 videtur
2269 1801 2523 1867 silentio
2565 1799 2888 1868 Ciceronis

496 1919 673 1998 (pag.
726 1909 859 1976 419
909 1909 1051 1974 adn.
1103 1908 1208 1988 3);
1274 1908 1385 1973 sed
1446 1929 1573 1972 non
1623 1907 1846 1972 dubito
1891 1910 2050 1993 quin
2095 1907 2285 1974 Sacra
2332 1908 2644 1994 quaedam
2689 1911 2890 1994 impe-

494 2021 705 2084 rativa
722 2066 739 2095 ‚
790 2017 957 2103 quae'
999 2013 1217 2083 Cicero
1263 2034 1628 2100 percensere
1675 2035 1803 2078 non
1849 2018 2098 2100 potuit,
2139 2017 2436 2102 inprimis
2473 2014 2890 2080 lustrationes

494 2123 692 2190 Urbis
738 2129 803 2187 et
847 2123 1031 2188 Arois
1049 2170 1065 2199 ,
1116 2142 1243 2185 non
1288 2123 1425 2185 sine
1469 2123 1963 2207 inauguratione
2011 2121 2176 2186 facta
2221 2123 2371 2185 sint.

587 2229 1121 2316 Inaugurationes
1167 2228 1507 2293 hominum
1554 2239 1842 2312 tempore
1886 2226 2122 2292 liberae
2160 2227 2544 2313 reipublicae
2580 2229 2648 2291 in
2687 2247 2888 2291 sacer-

496 2337 755 2402 dotibus
821 2333 973 2399 solis
1033 2339 1318 2400 retentae
1380 2339 1552 2398 sunt.
1610 2332 1928 2399 Novimus
1974 2333 2282 2420 Regem
2330 2333 2774 2398 Sacrorum
2821 2337 2889 2398 et

497 2440 897 2506 flamines
977 2442 1395 2525 inauguratos
1479 2460 1614 2504 esse
1685 2441 1964 2505 comitiis
2035 2438 2258 2504 calatis
2275 2459 2292 2518 ;
2381 2438 2492 2505 sed
2562 2444 2888 2525 praeterea

497 2544 741 2612 multos
804 2545 961 2610 alios
1023 2544 1375 2610 sacerdotes
1436 2547 1856 2631 inauguratos
1916 2565 2052 2610 esse
2109 2551 2279 2610 recte
2327 2545 2672 2611 affirmavit
2718 2545 2888 2610 Mar-

500 2651 731 2737 quardt
757 2654 805 2730 Β)
878 2657 943 2715 et
1012 2650 1389 2717 confirmant
1458 2657 1747 2718 auctores
1817 2653 2037 2717 nostri.
2104 2649 2285 2730 Quod
2347 2647 2568 2716 Cicero
2631 2653 2890 2737 scripsit

498 2765 665 2843 (sup.
715 2778 863 2843 pag.
916 2755 1047 2821 419
1096 2757 1237 2820 adn.
1290 2754 1394 2836 3):
1462 2780 1762 2838 „auqures
1814 2804 1828 2821 .
1861 2805 1876 2821 .
1907 2805 1920 2821 .
1969 2757 2300 2821 sacerdotes
2349 2804 2363 2819 .
2393 2803 2407 2820 .
2439 2803 2454 2820 .
2503 2757 2886 2838 wuquranto'’

496 2865 610 2928 vix
656 2862 807 2928 ferri
852 2868 1063 2947 posset
1110 2865 1166 2927 si
1212 2865 1282 2927 in
1330 2882 1568 2948 paucos
1617 2868 1874 2928 tantum
1913 2863 1982 2927 id
2013 2863 2279 2928 caderet.
2327 2861 2694 2928 Sacerdotes
2734 2884 2886 2948 quo-

495 2991 646 3032 rum
726 2970 1257 3055 inaugurationes
1336 2968 1506 3054 apud
1575 2967 1839 3033 Livium
1905 2973 2346 3034 memorantur
2413 2973 2566 3033 sunt
2633 2973 2887 3053 praeter

495 3095 719 3161 regem
768 3073 1106 3138 Sacrorum
1131 3079 1183 3154 ⁶)
1231 3079 1295 3139 et
1342 3072 1631 3139 flamines
1677 3072 1915 3140 dialem
1940 3075 1993 3154 ⁷)
2039 3079 2105 3138 et
2150 3071 2514 3140 martialem
2539 3079 2592 3156 ⁸)
2639 3093 2890 3160 augu-

498 3200 629 3244 res
653 3181 707 3260 ⁹)
756 3184 820 3244 et
867 3178 1340 3263 pontifices
1370 3183 1470 3259 ¹⁰).
1534 3177 1760 3264 Itaque
1823 3181 2106 3266 auspicia
2151 3201 2313 3265 quae
2359 3179 2437 3244 de
2482 3177 2890 3264 pontificibus

503 3291 689 3370 capta
755 3304 889 3348 esse
956 3283 1153 3348 tradit
1216 3283 1566 3370 Dionysius
1585 3333 1602 3362 ,
1667 3306 1793 3350 non
1855 3285 1933 3350 ab
1997 3287 2155 3371 ipsis
2221 3283 2331 3349 sed
2390 3285 2470 3349 ab
2531 3285 2886 3370 auguribus

504 3396 689 3475 capta
746 3409 880 3454 esse
944 3395 1207 3474 apparet
1233 3387 1335 3470 ¹¹).
1398 3389 1548 3455 Alio
1615 3390 1786 3468 loco,
1839 3391 1915 3455 de
1963 3411 2089 3475 quo
2137 3390 2305 3455 infra
2351 3390 2516 3454 mihi
2564 3390 2886 3477 agendum

505 3498 662 3572 erit,
717 3495 1067 3581 Dionysius
1113 3494 1269 3559 dicit
1316 3515 1591 3581 augures
1611 3544 1628 3573 ,
1692 3498 2120 3572 curiones,
2186 3495 2474 3561 flamines
2523 3498 2886 3575 cui-iarum,

574 3795 626 3860 1)
666 3793 789 3845 Gen.
823 3796 870 3844 4.
891 3794 940 3843 6.
962 3795 1009 3842 8.
1055 3818 1122 3831 -
1177 3791 1234 3858 2)
1268 3792 1354 3844 cfr.
1390 3791 1517 3842 Plin.
1552 3808 1600 3842 n.
1637 3792 1686 3843 11.
1723 3792 1769 3846 7.
1791 3793 1887 3844 199
1903 3809 1990 3859 sqq
2043 3792 2282 3859 (mobilia
2315 3794 2428 3844 vina
2459 3810 2556 3844 non
2589 3793 2683 3844 nisi
2715 3793 2768 3844 in
2799 3795 2890 3844 Ar·

505 3876 657 3926 bustis
689 3875 894 3941 gigni”),
940 3877 1060 3924 Cato
1093 3891 1134 3924 r.
1155 3890 1196 3925 r.
1234 3873 1346 3926 7.1.
1385 3902 1450 3913 —
1485 3878 1533 3936 8)
1568 3875 1688 3925 Cato
1725 3890 1764 3926 r.
1785 3891 1825 3925 r.
1865 3875 1974 3926 141.
2007 3881 2090 3914 '—
2137 3880 2192 3941 4)
2230 3877 2326 3926 Cic.
2365 3878 2550 3926 Senect.
2585 3877 2664 3926 15.
2685 3877 2766 3936 54,
2801 3875 2890 3926 cfr.

505 3959 631 4008 Plin.
668 3975 700 4008 n
737 3959 784 4008 h.
822 3959 901 4008 18.
922 3957 1035 4016 328,
1080 3955 1158 4008 17.
1182 3957 1260 4005 19.
1299 3984 1365 3994 -
1401 3957 1455 4022 5)
1496 3958 1784 4022 Μαι-(11131111
1817 3959 2122 4008 Stanteverw.
2161 3961 2190 4007 8
2221 3974 2326 4024 pag.
2364 3959 2480 4016 280,
2509 3958 2596 4007 cfr.
2617 3957 2892 4006 Mommsen

503 4043 703 4090 statar.
740 4041 772 4088 2
804 4055 909 4105 pag.
948 4039 1163 4097 83—36,
1200 4039 1229 4086 3
1266 4055 1371 4104 pag.
1408 4038 1520 4090 807.
1561 4066 1622 4076 -—-
1673 4039 1724 4100 6)
1757 4039 1863 4090 Liv.
1900 4040 2081 4101 nae,
2116 4041 2363 4090 40.42.8.
2401 4067 2464 4078 —
2504 4041 2555 4100 7)
2587 4039 2691 4088 Liv.
2727 4038 2891 4096 27.8;

504 4123 583 4171 41.
606 4123 688 4180 28,
733 4121 821 4170 cfr.
868 4119 971 4170 Cei.
1007 4121 1189 4170 1.180.
1242 4148 1307 4159 —
1361 4121 1415 4185 8)
1460 4121 1565 4170 Liv.
1603 4121 1795 4171 2238:
1839 4127 2055 4172 »creatus
2091 4121 2559 4188 inauguratusque”;
2611 4121 2696 4170 cfr.
2735 4121 2896 4170 Macr-

504 4205 603 4252 Sat.
640 4205 785 4253 3.13.
814 4205 887 4254 11.
926 4231 990 4241 -
1026 4205 1077 4263 9)
1110 4203 1217 4253 Liv.
1253 4202 1335 4256 27.
1356 4205 1445 4253 86:
1489 4207 1706 4253 ‚creatus
1740 4202 2207 4270 inauguratusqne”;
2249 4207 2328 4255 80.
2349 4204 2436 4262 Σῦς
2477 4206 2558 4253 83.
2579 4206 2668 4252 44:
2711 4201 2894 4252 ‚lectus

504 4283 976 4349 inauguratusque”;
1024 4285 1111 4335 cfr.
1152 4287 1297 4336 -Suet,
1355 4285 1503 4349 Calig.
1544 4285 1626 4344 12,
1681 4285 1782 4337 Cic.
1839 4287 1977 4336 Brut.
2029 4288 2074 4336 l.
2101 4287 2139 4336 1.
2199 4313 2258 4324 —-
2315 4287 2402 4346 10)
2449 4284 2550 4336 Liv.
2588 4285 2769 4337 aaa&
2821 4311 2890 4322 --

509 4367 599 4432 11)
640 4367 829 4430 Dionys.
864 4368 906 4416 2.
933 4367 1011 4419 78.
