3192 5009
571 252 655 322 '74
1528 272 1992 323 cALmMAcuus.

564 438 681 504 illo
742 438 1050 503 vocabulo
1069 488 1084 516 ‚
1149 438 1354 524 qualis
1412 440 1639 505 evadet
1699 436 1964 504 versus?
2033 438 2268 525 „habia
2312 440 2569 525 forcipis
2616 439 2733 503 sub
2782 442 2857 520 (i.
2889 461 2946 503 e.

565 545 637 608 in
653 546 713 629 ?)
782 543 1054 609 Vulcani
1115 546 1353 632 forcipe
1437 551 1958 612 contremuerunt
2019 551 2084 611 et
2144 548 2341 610 etiam
2410 543 2608 610 simul
2680 544 2943 630 opera.”

566 651 690 715 Vix
750 657 908 736 puto
966 653 1266 736 cuiquam
1313 652 1565 737 probari
1612 673 1795 737 posse
1841 651 2041 717 talem
2086 672 2303 717 rerum
2352 654 2901 716 enumerationem
2921 699 2939 729 ,

565 779 724 844 quae
763 758 917 823 dum
954 760 1022 822 in
1067 759 1524 823 minutioribus
1563 780 1821 843 operam
1860 758 2115 844 perdat,
2143 761 2385 823 maiora
2406 760 2698 823 omittat:
2724 762 2947 821 narret

554 864 822 949 forcipes
871 867 1327 929 contremuisse
1347 913 1363 941 ,
1414 864 1490 929 de
1535 867 1675 949 ipsa
1721 864 1965 929 officina
2011 870 2235 929 taceat.
2288 862 2534 943 Quanto
2581 866 2788 949 igitur
2811 883 2947 927 rec-

555 974 687 1035 tius
733 975 1032 1037 convenit
1073 971 1242 1056 quod
1281 970 1720 1036 Blomfieldius
1758 974 2126 1057 proposuit:
2169 972 2577 1051 θερμάστραι;
2609 972 2943 1049 „fremunt

558 1079 827 1154 camini,
899 1078 1183 1142 fremunt
1229 1077 1560 1162 forcipes'’.
1610 1076 1711 1142 Ita
1754 1098 1793 1143 a
1836 1078 2184 1143 maioribus
2231 1078 2309 1143 ad
2356 1081 2605 1144 minora
2620 1127 2636 1156 ,
2696 1083 2772 1141 ut
2822 1097 2947 1163 par

561 1189 660 1249 est
679 1232 694 1261 ,
745 1186 1025 1248 narratio
1072 1182 1409 1249 descendit.

650 1289 1108 1355 Verumtamen
1147 1294 1434 1374 superest
1476 1290 1646 1375 quod
1687 1290 1978 1355 offendat.
2032 1289 2103 1356 Si
2140 1293 2311 1356 enim
2351 1296 2571 1377 poetae
2608 1293 2679 1354 in
2720 1292 2945 1354 animo

561 1396 784 1461 fuisset
849 1416 1204 1461 memorare
1275 1399 1603 1460 caminum
1664 1416 1813 1460 cum
1876 1396 2221 1482 forcipibus
2283 1399 2394 1481 qui
2453 1399 2522 1461 in
2569 1417 2643 1460 eo
2688 1400 2902 1461 essent
2922 1443 2941 1472 ,

559 1523 688 1567 non
708 1552 724 1579 ‚
789 1504 1027 1587 opinor,
1094 1500 1380 1566 dicturus
1441 1501 1568 1565 fuit
1635 1502 2011 1579 „fremitum
2072 1502 2381 1567 dederunt
2427 1502 2545 1566 sub
2592 1501 2946 1586 forcipibus

563 1607 862 1675 camini.’'
917 1607 1169 1672 Dixeris
1216 1606 1336 1671 hoc
1381 1610 1624 1671 vitium
1668 1606 1839 1672 facili
1887 1628 2077 1693 opera
2124 1606 2268 1672 tolli
2314 1610 2369 1671 si
2414 1629 2565 1673 cum
2610 1606 2946 1672 Meinekio

559 1715 855 1800 legamus
895 1713 1002 1776 σὺν
1046 1713 1413 1791 Ἡφαίστοιο
1456 1711 1792 1792 πυράγρῃς.
1836 1714 2075 1778 Parum
2122 1713 2490 1799 proficimus
2509 1762 2525 1790 ,
2576 1713 2731 1777 dum
2773 1712 2951 1777 tolli-

561 1826 671 1885 tur
730 1819 1006 1885 alterum
1067 1821 1304 1883 vitium
1323 1868 1338 1897 ,
1402 1818 1678 1884 alterum
1738 1822 2039 1884 nascitur.
2104 1818 2271 1883 Nam
2332 1822 2387 1883 si
2448 1819 2776 1884 Meinekio
2835 1819 2948 1883 ob-

562 1934 992 2011 temperemus
1009 1974 1024 2002 ,
1088 1926 1209 1991 hoc
1270 1922 1741 1991 Callimachum
1804 1925 2037 1991 dixisse
2084 1933 2421 2011 putemus:
2475 1923 2771 2002 „Camini
2818 1926 2947 1990 fre—

560 2037 751 2097 munt
812 2052 960 2096 cum
1010 2030 1276 2095 Vulcani
1321 2030 1699 2117 forcipibus3
1753 2069 1837 2080 —
1887 2039 1950 2097 et
1994 2031 2191 2096 simul
2236 2032 2488 2117 opera''.
2564 2032 2946 2097 Admodum

558 2137 954 2224 ineleganter
1016 2142 1302 2202 extrema
1364 2138 1558 2202 verba
1575 2187 1591 2215 ,
1654 2159 1692 2203 a
1736 2137 2253 2223 praecedentibus
2300 2142 2483 2223 quasi
2529 2138 2752 2203 avulsa
2768 2186 2785 2215 ,
2834 2138 2946 2202 ad-

559 2244 801 2309 duntur
813 2264 829 2321 ;
899 2247 1187 2328 oportuit
1250 2246 1422 2308 enim
1480 2244 1747 2310 indicari
1810 2265 2119 2329 quaenam
2182 2251 2391 2309 essent
2454 2244 2609 2321 ἔργα
2656 2244 2786 2309 ina.
2836 2244 2939 2310 De

559 2372 628 2415 re
671 2352 812 2436 ipsa
856 2370 1043 2413 nemo
1091 2348 1374 2414 dubitat:
1423 2356 1574 2414 sunt
1622 2370 1781 2435 quae
1820 2355 2037 2415 tenent
2076 2350 2189 2413 ὑπὸ
2238 2350 2583 2425 πυράγραις
2611 2350 2942 2416 Vulcanus

561 2461 626 2520 et
673 2454 981 2541 Cyclopes
1024 2454 1222 2530 „dum
1255 2461 1510 2520 versant
1545 2459 1751 2520 tenaci
1788 2455 2026 2541 forcipe
2062 2455 2407 2520 massam’'.
2458 2456 2771 2541 Equidem
2814 2457 2943 2522 hoc

561 2562 832 2627 arbitror
898 2566 1152 2645 poetam
1223 2561 1490 2625 dixisse:
1566 2562 1893 2638 „fremunt
1960 2564 2231 2641 camini,
2292 2562 2575 2628 fremunt
2642 2565 2711 2626 in
2776 2565 2942 2648 ipsis

559 2666 830 2733 Vulcani
892 2665 1236 2751 forcipibus
1296 2688 1484 2752 opera
1527 2668 1647 2732 ·dei
1665 2716 1681 2745 ‚
1746 2668 2153 2753 fremuntque
2216 2674 2404 2755 (quae
2463 2672 2595 2732 iam
2662 2668 2941 2752 perfecta

557 2778 764 2853 erant)
801 2772 1082 2857 tripodes
1120 2779 1185 2837 et
1231 2772 1535 2838 lebetes''.
1585 2772 1722 2853 Qua
1768 2772 1845 2838 de
1891 2794 2081 2838 causa
2119 2776 2359 2840 conicio
2392 2778 2487 2839 ita
2511 2796 2773 2839 versum
2800 2796 2941 2839 esse

553 2878 936 2967 legendum:

737 2984 1113 3062 θερμάστραι
1160 3009 1230 3048 τε
1277 2984 1623 3063 βρέμουσιν,
1676 2985 1785 3062 ὑφ’
1832 2985 2084 3063 Ἡφαί
2098 3009 2290 3050 στου
2337 3011 2423 3051 τε
2470 2986 2753 3067 πυράγρη

737 3088 894 3167 ἔργα
941 3091 1154 3168 θεοῦ,
1205 3090 1388 3154 δεινὸν
1435 3090 1498 3155 δε
1547 3106 1735 3156 natal.

655 3241 875 3290 Har-lenti
910 3256 972 3289 m.
1008 3242 1137 3305 Sept.
1179 3240 1322 3289 1890.

1497 3596 1993 3647 ARISTOPHANRS.

644 3746 829 3811 Pacis
888 3766 981 3809 vs.
1031 3742 1162 3807 459
1227 3744 1382 3809 dum
1446 3745 1596 3809 deae
1646 3752 1928 3812 statuam
1974 3752 2041 3813 in
2085 3749 2297 3815 lucem
2342 3754 2726 3837 protrahunt
2770 3761 2943 3843 agri-

551 3851 720 3917 colae
770 3850 1117 3930 (οἱνέλκουσι
1164 3873 1257 3915 vs·
1304 3850 1455 3929 307,
1498 3854 1883 3929 ἀνορύττουσι
1930 3877 2025 3921 Vs·
2069 3855 2226 3938 372)
2272 3880 2348 3923 ex
2390 3864 2570 3925 antro
2594 3862 2935 3949 profundo,

548 3961 615 4022 in
662 3957 829 4042 quod
876 3979 913 4022 a
958 3957 1169 4022 Marte
1217 3961 1498 4022 coniecta
1543 3958 1785 4037 fuerat,
1837 3964 1927 4025 sic
1976 3983 2041 4027 se
2090 3965 2370 4029 invicem
2418 3967 2865 4033 cohortantur:

914 4064 1185 4127 ὑπότεινε
1237 4062 1309 4137 δὴ
1359 4068 1482 4131 πᾶς
1524 4065 1628 4126 καὶ
1678 4065 2008 4144 κάταγε
2058 4076 2244 4131 τοῖσιν
2296 4069 2520 4151 κάλῳς.

550 4170 676 4237 Pro
717 4193 752 4231 κ
773 4168 869 4233 dr
891 4193 932 4230 x
951 4191 996 4246 γ
1016 4192 1044 4231 ε
1085 4170 1448 4253 scripserim
1480 4166 1537 4241 ’ξ
1554 4169 1597 4232 οἱ
1616 4194 1645 4231 ν
1664 4193 1705 4231 oe
1724 4192 1769 4247 γ
1790 4195 1837 4251 ε,
1872 4174 1915 4234 i.
1936 4194 1990 4237 e.
2016 4173 2119 4235 καὶ
2148 4171 2421 4253 ἐξάνοιγε
2446 4178 2551 4242 vel
2575 4178 2930 4258 κᾶξοὶναγε.

2303 4294 2360 4361 J.
2410 4316 2471 4363 v.
2521 4297 2597 4363 L.
2644 4298 2703 4372 J.
2732 4320 2788 4367 r.

1581 4430 1922 4441 -Ἧ
