3192 5009
420 254 550 323 458
1053 272 1138 320 1111
1185 272 1801 321 111166611111611111116
1844 272 2141 321 1161111116.

419 441 614 507 etiam
675 440 981 505 efficiebat
1039 446 1115 504 ut
1181 440 1522 505 sacerdotio
1583 440 1771 528 fungi
1826 445 1969 505 tum
2010 442 2285 527 incipere
2334 448 2587 528 possent
2630 444 2781 507 novi

416 547 766 613 sacerdotes
781 597 798 625 ,
846 552 912 612 et
940 548 1128 633 facto
1175 548 1294 613 hoc
1342 568 1588 633 quoque
1636 546 1891 613 valebat
1906 596 1923 626 ,
1973 552 2048 611 ut
2096 553 2423 635 appareret
2468 548 2615 614 deos
2661 549 2780 614 hoc

413 657 782 741 permittere
799 703 816 732 ,
865 654 1086 719 eodem
1133 653 1321 719 modo
1368 675 1491 738 quo
1538 656 2067 740 exaugurationes
2112 654 2346 719 fiebant
2391 654 2468 719 de
2508 654 2781 719 sacerdo-

413 762 588 826 tibus
649 762 760 845 qui
805 781 842 824 a
881 762 1072 825 sacris
1121 760 1626 837 removebantur,
1674 766 1750 824 ut
1796 764 2125 845 appareret
2170 760 2317 825 deos
2361 760 2479 826 hoc
2523 763 2781 846 permit-

412 874 545 932 tere
593 872 668 931 ut
714 866 1142 931 sacerdotium
1193 866 1592 951 deponerent.

501 972 789 1057 Denique
853 973 1300 1057 quaerentibus
1367 972 1548 1037 nobis
1567 1018 1583 1050 ‚
1635 975 1775 1056 quis
1822 971 2123 1037 dicendus
2168 974 2252 1036 sit
2298 975 2779 1060 inauguravisse

413 1078 766 1144 sacerdotes
782 1127 799 1157 ,
873 1082 1159 1164 primum
1231 1077 1411 1144 facile
1482 1084 1741 1164 apparet
1802 1077 1903 1142 his
1962 1081 2561 1165 inaugurationibus
2622 1100 2781 1164 quae

414 1184 634 1250 calatis
701 1186 978 1249 comitiis
1027 1184 1258 1249 fiebant
1306 1186 1628 1249 neminem
1677 1204 1962 1269 praeesse
2007 1186 2289 1269 potuisse
2331 1192 2579 1272 praeter
2622 1186 2783 1250 Pon-

413 1290 652 1356 tificem
713 1290 912 1367 Max„
963 1293 1110 1375 quia
1155 1293 1210 1355 is
1259 1289 1430 1356 solus
1476 1290 1552 1356 de
1603 1290 2031 1355 sacerdotibus
2078 1290 2293 1378 legem
2337 1312 2559 1379 rogare
2608 1298 2780 1379 pote-

413 1402 546 1475 rat;
586 1399 644 1461 is
683 1417 934 1481 quoque
972 1400 1178 1484 igitur
1217 1418 1491 1485 augures
1531 1398 1747 1462 adesse
1770 1398 2029 1462 iubebat
2052 1396 2131 1461 ad
2154 1400 2437 1483 auspicia
2460 1398 2780 1484 capienda,

416 1509 480 1568 et
542 1502 617 1568 de
679 1503 947 1568 Patrum
991 1504 1388 1569 Auctoritate
1434 1502 1713 1569 facienda
1758 1524 1907 1568 611111
1956 1502 2209 1568 consule
2256 1506 2463 1590 egisse
2506 1503 2781 1569 videtur.

415 1609 590 1674 Haec
659 1612 870 1675 omnia
939 1616 1156 1674 autem
1219 1610 1487 1675 faciebat
1553 1632 1703 1691 „pro
1768 1608 2014 1690 colleqio
2060 1609 2455 1693 ponttflcum”
2518 1612 2563 1674 i.
2588 1631 2643 1675 e.
2707 1609 2783 1675 de

415 1718 726 1781 sententia
792 1713 1053 1801 collegii
1070 1763 1087 1793 ,
1162 1714 1328 1800 quod
1399 1716 1476 1779 ab
1537 1733 1613 1781 eo
1676 1714 2120 1780 consulebatur
2182 1712 2374 1797 (Gell.
2430 1714 2531 1781 15.
2560 1712 2667 1781 2¹7.
2698 1715 2783 1795 1).

415 1820 652 1902 Quodsi
713 1820 983 1908 collegio
1043 1820 1399 1898 videbatur,
1447 1822 1747 1886 Pontifex
1791 1821 1968 1887 Max.
2017 1826 2262 1907 poterat
2307 1842 2593 1888 recusare
2641 1844 2787 1907 quo-

413 1931 629 1993 minus
689 1931 1104 2014 inauguraret
1121 1976 1138 2006 ,
1203 1930 1257 1993 si
1322 1928 1607 1993 sacerdos
1667 1948 1879 1993 recens
1927 1934 2173 1993 creatus
2219 1950 2343 1993 non
2391 1929 2649 2014 parebat
2696 1932 2785 1995 eis

415 2055 573 2119 quae
636 2036 696 2099 ei
756 2038 1086 2119 tamquam
1150 2033 1457 2099 sacerdoti
1519 2036 1947 2119 imperaverat
1993 2034 2327 2113 Pontife13
2377 2038 2445 2099 in
2493 2035 2783 2122 exemplo

412 2162 601 2225 supra
661 2138 856 2205 allato
919 2139 1088 2221 (Liv.
1141 2139 1246 2204 40.
1277 2138 1384 2204 42.
1411 2138 1482 2221 8)
1531 2140 1832 2205 audimus
1883 2138 2304 2226 „religionem
2352 2142 2547 2207 fuisse
2580 2142 2785 2225 ponti-

395 2245 662 2331 ficibue”
721 2246 1148 2333 inaugurandi
1207 2249 1378 2332 regis
1441 2267 1763 2311 sacrorum
1810 2249 1920 2331 qui
1967 2249 2352 2332 magistratu
2398 2269 2462 2314 se
2508 2270 2635 2314 non
2682 2250 2783 2313 ab-

412 2352 678 2418 dicabat.
725 2350 817 2415 111
865 2351 1216 2417 sacerdotes
1264 2353 1496 2436 quibus
1544 2373 1705 2437 opus
1746 2358 1881 2417 erat
1914 2350 2058 2438 lege
2100 2355 2341 2418 curiata
2358 2401 2374 2431 ,
2414 2356 2784 2441 inaugurati

413 2480 546 2525 esse
587 2458 712 2523 dici
750 2463 1014 2544 possunt
1047 2460 1360 2524 strictiore
1401 2479 1587 2524 sensu
1631 2458 1888 2543 quidem
1928 2459 2006 2523 ab
2046 2479 2319 2546 augure,
2346 2459 2454 2524 sed
2476 2459 2783 2546 ampliore

412 2586 598 2631 sensu
658 2564 734 2630 de
796 2586 919 2649 quo
985 2586 1151 2630 nunc
1215 2568 1470 2652 agimus
1519 2586 1554 2630 a
1603 2564 1909 2630 Pontifice
1955 2570 2068 2629 aut
2114 2564 2552 2650 pontificibus;
2604 2565 2779 2631 nullo

411 2670 599 2737 modo
649 2675 814 2736 certe
861 2670 983 2736 dici
1021 2674 1288 2757 possunt
1325 2692 1360 2735 a
1401 2692 1466 2735 se
1505 2673 1660 2755 ipsis
1705 2671 2075 2758 inaugurati
2116 2691 2265 2735 esse.
2314 2670 2556 2735 Eorum
2594 2692 2781 2736 661166

412 2777 830 2864 comparanda
876 2783 971 2842 est
1019 2798 1168 2842 cum
1217 2777 1576 2842 condicione
1628 2796 1959 2841 censorum
2006 2782 2071 2841 et
2116 2780 2616 2863 magistratuum
2664 2780 2781 2841 mi-

410 2906 639 2951 norum
706 2887 816 2970 qui
878 2884 1093 2972 legem
1157 2885 1280 2949 sibi
1341 2884 1500 2949 ferre
1549 2904 1674 2948 non
1721 2888 1985 2968 possunt
2031 2888 2096 2950 et
2141 2885 2208 2947 in
2258 2904 2331 2948 ea
2377 2904 2443 2948 re
2488 2882 2779 2969 indigent

411 3012 636 3077 operae
699 2990 976 3056 consulis
1037 2995 1149 3056 aut
1211 2992 1536 3076 praetoris.
1589 3026 1675 3037 —
1724 2988 1849 3054 Eos
1906 2994 2122 3055 autem
2170 2990 2397 3075 quibus
2446 2995 2521 3054 ut
2564 2988 2780 3054 confir-

410 3102 739 3162 marentur
782 3098 1140 3182 inirentque
1187 3095 1349 3161 nibil
1397 3117 1554 3181 opus
1588 3101 1722 3161 erat
1762 3102 2007 3181 praeter
2046 3117 2417 3182 responsum
2456 3117 2779 3183 augurum

411 3202 605 3288 (quod
675 3202 908 3269 ultimo
981 3201 1228 3269 saeculo
1301 3204 1368 3266 in
1436 3200 1630 3288 longe
1697 3204 2005 3267 maiorem
2074 3210 2321 3287 partem
2386 3202 2780 3268 sacerdotum

412 3308 717 3389 cadebat),
765 3314 908 3374 tum
954 3311 1126 3394 ipsos
1175 3330 1315 3373 eam
1365 3329 1499 3373 rem
1547 3328 1847 3394 peragere
1893 3312 2175 3394 potuisse
2219 3310 2630 3375 manifestum
2665 3314 2778 3387 est,

412 3418 466 3480 si
513 3435 826 3501 augurem
875 3416 1178 3481 haberent
1225 3416 1336 3499 qui
1385 3416 1474 3478 eis
1521 3434 1767 3480 morem
1813 3434 2031 3500 gerere
2080 3414 2313 3493 vellet;
2359 3418 2575 3501 itaque
2622 3422 2783 3481 eate-

411 3542 530 3585 nus
589 3521 660 3584 hi
719 3520 1066 3586 sacerdotes
1133 3520 1256 3585 dici
1315 3522 1560 3606 possint
1602 3540 1666 3582 se
1710 3519 1833 3600 ipsi
1880 3518 2363 3599 inauquravisse,
2414 3522 2523 3587 sed
2568 3528 2781 3587 tamen

408 3626 605 3693 latine
675 3629 871 3691 etiam
933 3628 1022 3692 sic
1084 3648 1208 3690 non
1255 3626 1458 3691 forma
1504 3622 1804 3689 reflexiva
1851 3624 1959 3688 sed
2004 3625 2205 3691 forma
2251 3626 2543 3693 medialis
2588 3628 2781 3693 huius

409 3734 591 3799 verbi
651 3732 935 3798 adhiberi
999 3731 1159 3797 solet
1191 3733 1261 3813 ¹).
1333 3731 1476 3796 Non
1523 3728 1706 3794 facile
1752 3749 1916 3794 novo
1964 3730 2273 3796 sacerdoti
2320 3732 2534 3799 deerat
2573 3754 2783 3820 augur

411 3843 522 3925 qui
569 3842 630 3905 ei
673 3846 922 3927 praesto
970 3844 1132 3904 esset
1147 3859 1163 3915 ;
1207 3838 1332 3923 ipsi
1379 3837 1613 3923 auguri
1656 3836 1827 3900 enim
1874 3835 1992 3899 hoc
2038 3835 2235 3901 simul
2280 3837 2507 3904 honori
2552 3846 2686 3904 erat
2724 3840 2779 3902 si

411 3968 447 4011 a
505 3949 643 4011 viro
704 3944 946 4011 illustri
1009 3944 1447 4021 adhibebatur,
1513 3939 1712 4006 simul
1760 3944 2089 4025 tamquam
2137 3943 2513 4011 beneficium
2558 3948 2617 4009 ei
2660 3946 2778 4008 im-

477 4143 530 4208 1)
566 4143 662 4193 Cic.
699 4142 824 4192 Phil.
863 4142 1005 4191 248.
1029 4140 1151 4190 110:
1195 4142 1291 4189 ..est
1323 4154 1437 4203 ergo
1471 4138 1641 4187 flamen
1678 4174 1689 4187 .
1710 4175 1721 4185 .
1743 4176 1753 4186 .
1790 4136 1898 4187 divo
1938 4138 2065 4187 Iulio
2096 4140 2167 4189 M.
2198 4140 2451 4190 Antonius.
2482 4138 2777 4204 Quidigitur

405 4228 588 4276 maan?
635 4226 734 4275 Cur
781 4240 876 4274 non
907 4220 1279 4287 inaugurariaeP”
1313 4222 1416 4271 Otr·
1455 4220 1584 4269 Plin.
1628 4220 1701 4271 16.
1722 4219 1843 4273 23⁹1:
1886 4219 2045 4269 ..111666
2080 4222 2177 4269 tres
2213 4258 2225 4273 .
2246 4258 2259 4273 .
2282 4256 2297 4271 .
2332 4222 2457 4287 apud
2491 4236 2607 4286 qua
2640 4221 2778 4269 inau-

403 4311 610 4375 guratus
658 4306 870 4357 traditur
915 4304 1154 4355 Tiburnus
1206 4304 1424 4354 conditor
1467 4300 1771 4352 Tiburtum'’.
1818 4302 1897 4351 816
1942 4302 2101 4353 Num·
2146 4318 2229 4354 rex
2264 4302 2434 4355 1116ῑί116
2468 4304 2779 4369 inauguratus

409 4406 507 4441 6666
539 4406 682 4456 quam
709 4406 757 4439 66
793 4390 894 4455 ipse
927 4388 1234 4453 inungui-use
1266 4386 1458 4439 dicitur.
