3192 5009
1208 301 1704 358 memoramus.
2511 283 2634 352 391

308 481 623 564 statimque
668 477 881 543 bibere
920 477 1129 561 coepit
1166 476 1335 561 apud
1373 477 1849 540 convivatorem
1890 476 1997 555 [ne
2037 474 2154 538 hoc
2197 471 2457 558 quidem
2497 471 2650 537 dicit

307 587 504 668 Arist]
566 590 630 649 et
688 585 1059 669 priusquam
1109 580 1411 646 coenandi
1458 587 1712 666 tempus
1759 585 1922 646 esset
1969 579 2181 646 ebrius
2227 578 2616 645 obdormivit
2632 628 2647 657 ‚

303 713 431 756 cum
465 690 538 756 de
576 691 927 775 improviso
962 686 1177 774 gallus
1215 689 1445 752 cecinit
1484 687 1563 752 ad
1614 707 1945 773 vesperam
1963 735 1980 762 ‚
2031 691 2179 752 cett.
2228 687 2414 751 Prior
2459 688 2650 750 inter-

302 799 547 882 pretatio
582 797 777 860 nimis
814 794 1081 860 absurde
1118 792 1293 880 gallo
1334 799 1583 878 praeter
1607 795 1978 858 convivium
2001 793 2376 860 ebrietatem
2401 793 2650 870 tribuit,

303 903 451 990 quod
484 902 715 967 horum
756 899 1136 966 animalium
1154 948 1170 976 ,
1203 920 1364 985 quae
1387 922 1515 963 non
1538 902 1726 964 certis
1749 899 2144 985 temporibus
2169 899 2277 965 sed
2300 920 2414 985 per
2437 904 2653 963 totum

303 1009 453 1074 diem
496 1010 712 1075 cibum
758 1013 1107 1092 potumque
1154 1008 1414 1091 capiunt
1431 1053 1447 1084 ‚
1498 1005 1686 1090 plane
1723 1008 2112 1071 contrarium
2150 1010 2246 1072 est
2264 1055 2280 1083 ‚
2323 1027 2436 1071 nec
2476 1004 2654 1091 quid-

303 1135 475 1201 quam
530 1116 756 1179 comici
814 1118 929 1178 aut
981 1113 1235 1177 ridiculi
1281 1115 1349 1176 in
1399 1133 1473 1180 ea
1516 1111 1906 1177 absurditate
1952 1133 2086 1178 esse
2134 1115 2271 1177 iure
2319 1111 2655 1177 contendat

303 1223 599 1307 quispiam
617 1269 633 1297 ,
696 1219 899 1284 altera
955 1240 1103 1284 vero
1153 1218 1493 1303 explicatio
1541 1239 1668 1284 non
1715 1218 1903 1282 modo
1947 1221 2014 1282 in
2063 1240 2135 1284 eo
2182 1239 2437 1304 peccare
2486 1217 2656 1284 vide-

300 1335 413 1405 tur,
470 1326 635 1412 quod
695 1347 729 1390 e
790 1326 1075 1391 moribus
1138 1323 1527 1392 Graecorum
1588 1345 1815 1390 coenae
1879 1327 2120 1410 potatio
2169 1346 2295 1389 non
2338 1327 2654 1410 potationi

304 1453 473 1499 coena
532 1430 865 1497 succedere
928 1430 1161 1496 assolet
1178 1479 1195 1507 ,
1260 1433 1509 1516 itaque,
1576 1433 1631 1494 si
1680 1428 2020 1515 Euelpides
2070 1437 2223 1496 tunc
2271 1431 2349 1496 ab
2399 1451 2472 1496 ea
2516 1452 2655 1496 con-

302 1537 615 1603 suetudine
681 1537 1037 1602 discessisse
1100 1534 1445 1601 credendus
1509 1541 1707 1612 esset,
1774 1541 1994 1620 poetae
2040 1535 2105 1599 id
2154 1537 2376 1601 fuisset
2420 1536 2656 1624 signifi-

302 1644 589 1721 candum,
655 1643 765 1708 sed
826 1645 1025 1708 etiam
1084 1644 1153 1706 in
1202 1663 1275 1706 eo
1295 1691 1311 1719 ‚
1361 1641 1529 1726 quod
1577 1644 1690 1726 qui
1736 1642 1897 1706 hanc
1942 1644 2253 1706 rationem
2303 1642 2657 1707 admittunt

302 1771 513 1836 parum
571 1748 991 1835 probabiliter
1036 1747 1226 1813 solito
1274 1750 1575 1812 seriorem
1623 1751 1730 1811 τοῦ
1779 1747 2016 1812 δείπνου
2063 1748 2284 1813 horam
2333 1787 2418 1797 —-
2468 1755 2532 1814 et
2577 1769 2656 1812 ne

301 1858 409 1921 hoc
466 1856 725 1941 quidem
786 1853 1258 1941 neglegendum
1304 1852 1616 1918 traditum
1661 1874 1794 1918 esse
1817 1853 1976 1930 .πρὶν
2024 1852 2302 1932 δειπνεῖν,
2350 1876 2475 1919 non
2524 1853 2655 1934 πρὶν

304 1962 605 2036 δειπνῆσαι
654 1998 741 2008 -
788 1965 1066 2025 statuere
1126 1965 1465 2046 cog-untur,
1511 1966 1587 2023 ut
1633 1957 1978 2043 Euelpides
2023 1961 2091 2023 in
2137 1960 2450 2025 eiusmodi
2495 1981 2658 2025 erro-

302 2089 422 2132 rem
466 2068 743 2133 incidere
788 2069 1087 2152 potuerit.
1137 2065 1259 2130 His
1303 2068 1509 2151 igitur
1547 2065 1623 2129 de
1664 2066 1870 2130 causis
1908 2067 2063 2149 quin
2101 2065 2276 2131 locus
2316 2065 2658 2132 mendosus

302 2176 377 2238 sit
420 2173 699 2239 dubitari
746 2175 985 2258 nequit.
1034 2171 1242 2251 Quam
1277 2191 1416 2236 rem
1455 2173 1565 2256 qui
1605 2169 1782 2236 solus
1798 2219 1814 2247 ,
1855 2171 2024 2256 quod
2061 2174 2258 2236 sciam
2274 2221 2290 2249 ,
2335 2173 2658 2259 perspexit

302 2279 557 2366 Madvig
601 2300 831 2365 parum
876 2278 1147 2343 feliciter
1190 2299 1303 2362 pro
1350 2277 1608 2342 δειπνεῖν
1654 2279 1920 2342 coniecit
1967 2277 2250 2356 διυπνεῖν,
2302 2300 2428 2364 quo
2466 2279 2657 2344 verbo

302 2407 369 2451 ne
423 2387 745 2472 sequiores
806 2385 1067 2470 quidem
1126 2384 1385 2469 (quibus
1429 2382 1756 2463 διυπνίζειν
1807 2386 1876 2448 in
1921 2405 2047 2448 usu
2093 2391 2190 2450 est
2237 2406 2347 2470 pro
2408 2386 2658 2463 ἐγείρειν

304 2489 362 2567 ἐξ
420 2490 633 2573 ὕπνου)
694 2494 796 2556 usi
854 2497 1005 2555 sunt
1022 2539 1038 2568 ‚
1086 2511 1200 2555 nec
1246 2488 1507 2554 suadere
1552 2492 1766 2554 ausim
1813 2489 2066 2568 δαρθεῖν,
2119 2511 2242 2576 quo
2289 2491 2487 2557 semel
2531 2490 2662 2556 Ho-

303 2619 499 2664 merus
562 2619 719 2664 usus
781 2602 879 2662 est
896 2646 911 2674 ,
976 2599 1127 2681 quia
1186 2602 1546 2661 constanter
1605 2593 1830 2662 Graeci
1895 2596 2321 2661 adhibuerunt
2391 2599 2661 2664 verbum

303 2707 729 2790 compositum.
796 2700 965 2769 Cum
1024 2707 1238 2767 tamen
1286 2703 1569 2767 universi
1615 2701 1739 2766 loci
1786 2704 1948 2766 ratio
1997 2703 2328 2769 manifeste
2379 2706 2660 2790 requirat

304 2814 489 2875 noctis
536 2809 1071 2897 significationem
1089 2856 1105 2886 ,
1154 2809 1650 2895 Aristophanem
1693 2809 2020 2892 scripsisse
2069 2811 2388 2894 suspicor:

383 2916 554 2998 κᾶρτι
580 2916 1040 2990 καθηῦδον·καὶ
1068 2916 1202 2994 πρὶν
1245 2914 1509 2980 δύνειν
1551 2913 1738 2985 τοὺς
1779 2914 2175 2995 ἀστέρας,
2217 2912 2658 2996 οὖτοςᾶρ”ᾖσε,

384 3025 554 3101 κάγὼ
604 3023 859 3099 νομίσας
905 3020 1093 3102 ὄρθρον
1140 3023 1399 3102 ἐχώρουν
1445 3020 1575 3085 κτὲ.

306 3123 394 3194 Of.
437 3127 605 3194 Eccl.
654 3127 762 3194 82.
825 3125 979 3193 ἀλλ’
1045 3125 1223 3205 ἄγεθ’
1288 3123 1447 3198 ὅπως
1496 3126 1600 3192 καὶ
1650 3127 1806 3191 τάπὶ
1855 3127 2088 3197 τούτοις
2137 3127 2454 3205 δράσομεν,
2520 3125 2657 3198 ἕως

308 3231 400 3296 ἔτ’
456 3237 679 3300 ἐστιν
738 3231 997 3312 ἄστρα.
1062 3234 1275 3298 κατὰ
1343 3237 1475 3298 τὸν
1538 3230 1896 3311 οὐρανόν.
1959 3232 2094 3311 Ita,
2143 3234 2360 3309 credO,
2411 3233 2662 3300 facilius

307 3337 619 3428 Euelpidis
666 3361 841 3406 error
886 3337 1287 3426 intellegitur
1312 3378 1397 3388 —
1424 3345 1522 3404 est
1558 3341 1732 3404 enim
1769 3337 1956 3416 ὄρθρος
1997 3339 2232 3404 ultima
2273 3361 2419 3425 pars
2458 3344 2663 3406 noctis

309 3453 437 3511 ante
480 3446 633 3512 solis
681 3451 899 3511 ortum
917 3495 933 3524 ,
983 3465 1109 3531 qua
1155 3451 1335 3529 parte
1380 3448 1641 3510 ineunte
1688 3451 1958 3532 reg-nant
2004 3445 2210 3510 adhuc
2251 3447 2541 3512 tenebrae
2577 3484 2662 3496 —

311 3571 487 3636 quam
549 3556 641 3631 si,
714 3551 882 3637 quod
950 3559 1215 3616 sumunt
1276 3551 1354 3616 cl.
1416 3551 1603 3637 Vesp.
1667 3550 1818 3629 100,
1881 3557 2032 3616 tunc
2092 3550 2307 3637 gallus
2371 3548 2510 3632 ᾖσεν
2559 3553 2665 3631 ἐφ’

312 3656 575 3737 ἑσπέρας.
648 3658 744 3722 Ne
804 3679 955 3723 vero
1019 3659 1163 3742 quis
1224 3658 1389 3722 mihi
1454 3658 1688 3722 obiciat
1753 3657 2018 3722 remedii
2077 3678 2114 3721 a
2163 3678 2268 3722 me
2319 3659 2666 3744 excogitati

310 3762 669 3829 violentiam
686 3812 703 3842 ,
765 3769 1018 3849 reputet
1078 3763 1279 3829 velim
1298 3813 1314 3842 ‚
1380 3766 1435 3828 si
1498 3762 1758 3828 δειπνεῖν
1819 3769 1932 3828 aut
1993 3763 2054 3828 δὲ
2119 3770 2276 3827 πιεῖν
2341 3767 2458 3843 (ita
2521 3785 2665 3850 pars

311 3866 501 3950 codd.)
547 3868 720 3934 facili
767 3890 976 3935 errore
1022 3890 1057 3934 e
1106 3869 1295 3934 δύνειν
1341 3874 1567 3934 natum
1616 3889 1750 3934 esse
1797 3871 2117 3933 sumimus
2136 3918 2152 3947 ‚
2207 3890 2332 3933 non
2385 3869 2666 3935 alienum

315 3992 433 4039 esse
478 3995 515 4040 a
559 3982 986 4041 correctorum
1035 3971 1495 4041 Graeculorum
1542 3996 1736 4060 quam
1783 3978 2082 4040 novimus
2127 3974 2391 4040 levitate
2440 3982 2504 4040 et
2547 3979 2670 4040 im-

315 4082 522 4164 peritia
587 4089 841 4147 mutare
910 4082 1177 4158 οὶστέρως
1248 4083 1316 4145 in
1382 4079 1650 4156 ἄλλους,
1717 4087 1792 4146 ut
1853 4085 2091 4166 species
2159 4081 2384 4147 saltem
2455 4081 2668 4168 aliqua

319 4190 642 4254 sententiae
697 4191 1019 4253 existeret.

400 4397 587 4465 Pmrr.
636 4399 789 4466 208.
842 4398 1145 4467 Chremes
1193 4401 1273 4465 ad
1320 4399 1590 4465 Plutum
1610 4449 1626 4478 ,
1677 4403 1786 4485 qui
1834 4400 1911 4464 ab
1957 4403 2255 4488 ignaviae
2304 4404 2565 4467 crimine
2605 4424 2670 4468 se
