3192 5009
1262 338 1781 386 rnnornaAs'ros.
2581 317 2707 383 331

331 502 460 568 ἔύνε
519 504 746 568 ensuite
807 507 880 568 de
943 503 1127 567 l’avis
1188 506 1291 568 des
1335 510 1554 568 autres.
1606 503 1905 567 Proxime
1952 523 1989 566 a
2035 523 2184 567 vero
2232 501 2466 566 Ussinx
2514 501 2677 566 afuit
2695 550 2711 578 ‚

331 611 450 695 qni
507 611 776 674 correxit
833 611 1092 680 ἄντιςοὶς
1117 659 1133 687 ,
1205 608 1374 695 quod
1420 614 1637 674 tamen
1682 613 1759 673 ut
1804 607 2049 694 reliqua
2096 615 2342 673 taceam
2390 608 2539 672 ferri
2585 629 2715 672 non

331 721 577 802 potest,
640 737 842 802 quum
905 715 1144 786 οἴνας-οἱς
1199 717 1488 801 proxime
1537 714 1887 800 praecedat.
1936 713 2135 779 Unice
2182 712 2554 779 commendo
2601 713 2645 776 εἰ
2662 738 2715 776 ν-

333 847 424 886 τε
445 825 590 887 ι’πα
611 847 638 892 ς
660 845 674 860 ·
727 825 965 888 etenim
1009 821 1144 887 noli
1189 828 1552 907 exspectare
1600 820 1917 898 ἀντειπών,
1967 842 2119 886 nam
2156 822 2430 887 aoristus
2468 821 2715 906 primus

329 932 406 994 in
450 929 568 994 hoc
613 928 832 994 libello
877 928 1227 993 identidem
1273 930 1562 993 recurrit.
1610 927 1997 1012 Frequenter
2037 926 2338 992 confundi
2389 950 2437 990 π
2494 932 2560 991 et
2613 949 2714 1002 στ,

329 1036 630 1101 omnibus
678 1034 804 1100 fere
849 1041 1078 1100 notum
1124 1055 1261 1100 esse
1311 1035 1599 1099 arbitror.

425 1138 579 1226 Gap.
634 1139 736 1206 16.
788 1141 1284 1217 δεισιδαιμονίας.

426 1248 525 1310 καὶ
584 1247 690 1311 ἐὰν
738 1241 912 1328 (ὅταν
961 1245 1265 1327 Cobetus)
1313 1245 1410 1326 ἴδῃ
1455 1245 1595 1320 ὅφιν
1644 1248 1704 1308 ἒν
1753 1255 1830 1325 τῇ
1873 1246 2065 1329 οἰκία,
2118 1247 2223 1310 ἐὰν
2273 1245 2385 1318 μὲν
2432 1246 2713 1324 παρείαν,

331 1351 654 1432 Σαβάζιον
724 1361 960 1431 καλεῖν,
1035 1353 1142 1416 ἐὰν
1215 1353 1279 1418 δὲ
1353 1353 1524 1432 ἱερὸν,
1597 1353 1869 1432 ἱερῷον
1933 1352 2106 1422 εὐθὺς
2173 1349 2548 1446 ἱδρύσασθαι.
2620 1351 2715 1418 De

327 1461 652 1547 anguibus
710 1459 944 1524 Ussinx
1009 1459 1389 1538 satisfaciet,
1441 1460 1551 1525 sed
1600 1459 1754 1544 quid
1800 1466 1895 1524 est
1943 1456 2179 1539 ἱερῷονῗ
2225 1458 2397 1524 Audi
2442 1458 2717 1524 eundem

326 1588 394 1652 p.
448 1564 612 1630 113:
682 1566 940 1644 ,,ἱερῷον,
1007 1568 1062 1630 si
1125 1587 1356 1631 verum
1420 1570 1550 1642 est,
1621 1565 1942 1653 significat
1986 1565 2339 1630 aediculam
2387 1567 2549 1630 sacri
2595 1587 2717 1630 ser-

327 1674 562 1757 pentis.
627 1669 751 1736 Sed
812 1693 939 1737 vox
1000 1671 1254 1737 aliunde
1315 1693 1439 1736 non
1487 1677 1638 1736 nota
1684 1671 1836 1738 adeo
1883 1671 2139 1736 offendit
2182 1674 2558 1757 interpretes
2578 1719 2592 1746 ,
2641 1675 2717 1735 ut

329 1775 619 1862 plerique
681 1775 832 1854 ἱερὸν
897 1777 1238 1843 scriberent
1257 1825 1273 1855 ,
1341 1777 1525 1862 quod·
1567 1779 1740 1842 iusto
1800 1776 1997 1842 latius
2060 1783 2270 1862 patet,
2340 1771 2715 1843 Duebnerus

336 1884 534 1960 ἡρῷον,
607 1882 776 1968 quod
844 1883 1180 1967 probarem
1197 1931 1213 1960 ,
1280 1885 1332 1946 si
1396 1889 1747 1964 constaret,
1813 1883 2051 1949 talibus
2112 1885 2511 1969 serpentibus
2556 1885 2715 1948 visis

332 2009 552 2055 manes
615 1988 1055 2054 defunctorum
1119 2009 1419 2074 apparere
1483 1988 1754 2054 creditos
1812 2009 1966 2054 esse.
2015 1989 2201 2054 Nunc
2248 1989 2478 2054 codicis
2525 1991 2716 2074 scrip-

329 2101 550 2160 turam
610 2093 876 2180 reliqui3
941 2115 1054 2161 nec
1116 2095 1319 2160 forma
1364 2095 1542 2159 verbi
1586 2094 1979 2161 incredibilis
1996 2143 2013 2173 ,
2062 2115 2212 2160 nam
2261 2117 2462 2180 quum
2509 2096 2711 2174 ἱερεῖον

331 2201 509 2268 aliud
557 2201 975 2288 significaret,
1021 2203 1102 2265 iis
1121 2249 1137 2279 ,
1191 2203 1300 2286 qui
1347 2201 1468 2266 hoc
1502 2201 1818 2266 'volebant
1839 2249 1855 2278 ,
1907 2201 2032 2266 alio
2080 2207 2143 2268 et
2193 2203 2487 2288 graviore
2534 2204 2714 2266 exitu

331 2308 646 2373 utendum
715 2307 916 2373 erat’'.
989 2306 1243 2374 Dixeris
1311 2307 1661 2373 molestum
1732 2307 1929 2374 fuisse
1996 2308 2179 2374 aedes
2200 2357 2215 2385 ,
2280 2330 2407 2373 non
2467 2308 2715 2394 amplas

332 2415 592 2479 fortasse
613 2462 629 2491 ,
694 2412 998 2478 aediculis
1060 2413 1192 2478 illis
1251 2411 1615 2479 obstruere?
1688 2415 1783 2480 Οὐ
1829 2415 2073 2493 Φροντὶς
2121 2413 2534 2494 Ἱπποκλείδῃ.
2598 2411 2716 2478 De'-

336 2520 673 2585 couvre-tal
689 2567 704 2596 ‚
767 2517 1043 2586 Goraeus
1105 2509 1230 2598 ait,
1301 2521 1552 2606 quelque
1612 2528 1851 2604 serpent
1912 2522 2047 2584 chez
2106 2521 2199 2584 bui
2217 2570 2233 2598 ,
2298 2521 2353 2583 il
2396 2519 2556 2585 ἐίἑυο
2599 2545 2715 2586 une

334 2627 605 2709 chapelle
666 2628 819 2690 dan-3
881 2627 1166 2689 l'enclroil
1227 2624 1403 2690 me‘me
1459 2629 1534 2689 de
1594 2626 1661 2689 la
1720 2627 1946 2690 maison
2008 2627 2081 2691 οἳι
2128 2628 2182 2690 il
2228 2628 2429 2690 l'aura
2473 2651 2711 2710 aperqu.

333 2731 477 2797 Une
522 2731 806 2817 chapelle
825 2780 841 2809 ,
892 2732 982 2796 dii
1028 2729 1206 2797 boni!
1251 2732 1422 2798 Pone
1457 2729 1767 2818 januam?
1808 2734 1925 2798 sub
1969 2731 2179 2799 lecto?
2220 2734 2451 2800 mediis
2493 2732 2714 2799 scalis?

334 2840 557 2925 Apage
601 2841 889 2923 ineptias.
945 2838 1014 2903 Si
1061 2837 1228 2924 quod
1273 2844 1408 2903 erat
1453 2837 1786 2923 piaculum
1834 2847 2235 2925 susceptum,
2284 2839 2413 2906 late
2457 2842 2717 2926 patebat

333 2966 490 3009 usus
537 2965 734 3029 aquae
780 2942 1086 3009 lustralis.
1151 2942 1402 3021 Veluti,
1456 2945 1623 3029 quod
1670 2945 2035 3032 Hesychius
2086 2941 2313 3011 scribit
2350 2951 2415 3012 et
2459 2946 2715 3012 aliunde

333 3053 793 3136 comperimus,
856 3054 924 3114 in
984 3051 1234 3116 funesta
1296 3050 1483 3116 domo
1543 3053 1790 3129 γέςραν
1854 3055 1962 3129 πρὸ
2030 3057 2144 3114 τῶν
2211 3056 2389 3130 θυρῶν
2438 3055 2712 3117 ἐτίθεσαν

334 3155 404 3232 ἐξ
472 3156 668 3230 ἄλλης
743 3157 935 3226 οἰκίας
1011 3155 1449 3233 λαμβάνοντες
1521 3158 1627 3220 καὶ
1700 3161 2068 3233 πληροῦντες
2141 3155 2380 3228 ὕδατος.
2450 3159 2715 3246 Proprie

331 3262 608 3339 α’ρδοένιον
693 3261 1164 3346 appellabatur,
1241 3262 1409 3347 quod
1480 3264 1915 3348 apponebatur
1982 3263 2093 3341 πρὸ
2165 3271 2271 3339 τῆς
2347 3264 2521 3341 θύρας
2599 3272 2714 3328 τῶν

333 3369 860 3442 τετελευτηκότων
922 3377 1046 3436 τοῖς
1112 3369 1362 3432 εἰσιοῦσι
1427 3369 1532 3430 καὶ
1594 3367 1873 3447 ἐξιοῦσιν,
1916 3367 2016 3431 ἵνα
2065 3371 2591 3453 περιρραίνωνται,
2640 3377 2716 3436 ut

334 3482 433 3542 est
490 3479 558 3540 in
621 3474 854 3540 Anecd.
917 3475 1039 3538 Bk.
1087 3498 1149 3561 p.
1200 3475 1352 3538 441.
1384 3474 1491 3538 31.
1541 3473 1618 3539 In
1662 3474 2078 3561 Inscriptione
2130 3475 2257 3544 Cea
2303 3499 2497 3563 quam
2546 3478 2713 3544 edidi

331 3583 578 3648 Mnem.
633 3580 806 3646 1862
855 3603 916 3667 p.
967 3580 1054 3646 82
1104 3586 1239 3646 tota
1294 3581 1521 3646 domus
1581 3582 2023 3662 περιρραίνεται
2088 3590 2153 3648 et
2213 3582 2545 3649 lustratur.
2614 3584 2715 3649 Ad

333 3688 608 3755 eundem
655 3709 848 3752 usum
898 3689 1156 3772 respicit
1203 3688 1664 3773 Aristophanes
1711 3691 1779 3752 in
1798 3755 1803 3760 ,
1824 3688 2061 3754 Eccles.
2110 3710 2205 3754 vs.
2262 3688 2469 3755 1033:

1395 3795 1667 3873 παράθου
1714 3794 1829 3864 τὰς
1878 3793 2169 3867 ληκύθους

698 3895 918 3968 ὕδατός
967 3923 1036 3986 τε
1087 3900 1357 3964 κατάθου
1405 3900 1734 3977 τοῦςρακον
1783 3902 1893 3980 πρὸ
1943 3909 2053 3974 τῆς
2101 3901 2303 3978 θύρας.

332 4005 650 4072 Similiter
694 4008 1210 4091 superstitiosus:
1261 4007 1373 4070 ubi
1419 4027 1699 4093 anguem
1747 4007 2013 4083 viderit,
2064 4005 2331 4072 collocat
2377 4029 2505 4072 non
2550 4009 2714 4074 aedi·

333 4112 582 4188 culam,
633 4133 754 4176 non
801 4113 1012 4190 ἱερῷον,
1062 4111 1172 4176 sed
1221 4112 1376 4196 quid
1422 4110 1655 4197 putas?
1708 4112 2019 4188 ὑδρεῖον
2070 4115 2313 4199 opinor.

424 4216 585 4282 Ibid.
649 4218 752 4282 καὶ
817 4225 955 4286 ταῖς
1019 4217 1268 4295 τετρασι
1334 4218 1394 4281 δὲ
1460 4219 1562 4281 καὶ
1614 4226 1753 4288 ταῖς
1809 4217 2114 4293 ἑβδομάσι
2162 4218 2515 4298 προστάξας
2561 4215 2708 4284 οἶνον

333 4320 505 4401 ἕψειν
577 4333 698 4394 τοῖς
775 4322 952 4401 ἔνδον,
1018 4321 1270 4399 ἐξελθὼν
1333 4325 1645 4400 ἀγοράσαι
1707 4325 1999 4400 μυρσίνας
2064 4324 2407 4402 λιβανωτὸν
2471 4327 2709 4390 πίνακα

332 4429 638 4514 (Cobetus
701 4429 986 4516 πόπανα)
1051 4430 1154 4496 καὶ
1219 4431 1496 4496 εἰσελθὼν
1543 4429 1685 4495 εἵσω
1733 4435 2041 4512 ςεφανοῦν
2090 4429 2228 4504 τοὺς
2276 4433 2343 4495 ‘E
2364 4439 2709 4512 ρριαφρο-
