3192 5009
613 298 654 337 ο
1289 290 1603 342 moinus.
2542 264 2629 333 19

243 454 532 521 externis
572 455 844 521 indiciis.
895 454 1128 523 Contra
1173 457 1252 522 cf.
1300 458 1386 523 ib.
1438 456 1555 523 89·
1604 456 1861 524 Horatii
1908 454 2385 523 Einsiedlensis.
2450 451 2631 520 Gete-

241 584 400 628 rum
469 584 554 628 ne
597 566 742 649 quis
786 566 983 629 nimis
1029 570 1315 631 veterem
1362 567 1691 631 existimet
1737 565 1833 642 M,
1879 564 2158 631 conferat
2202 584 2328 628 non
2376 566 2633 627 tantum

245 669 490 735 nitidas
537 673 824 757 paginas,
873 671 983 737 sed
1027 674 1228 737 etiam
1265 671 1673 738 festinantius
1710 674 1976 758 scriptas
1992 720 2009 750 ,
2051 669 2258 736 veluti
2280 674 2635 755 postremas

247 776 490 843 codicis
541 782 605 842 et
647 776 756 841 fun
799 775 932 841 39¹¹.

335 883 606 950 Scholia
650 883 881 949 codicis
927 884 1002 948 M
1045 884 1246 951 edidit
1289 887 1360 950 in
1397 905 1611 971 progr.
1654 883 1863 950 Berol.
1906 882 2148 971 Gymn.
2190 904 2341 948 zum
2388 902 2635 969 grauen

247 989 522 1056 Kloeter
579 1011 742 1056 anno
809 989 982 1056 1868
1041 990 1129 1055 Η.
1191 989 1442 1058 Genthe
1504 1013 1656 1056 cum
1716 993 2174 1057 commentario
2191 1039 2209 1069 ‚
2277 991 2388 1076 qui
2434 987 2637 1075 pluris

250 1096 582 1163 faciendus
629 1102 728 1162 est
771 1118 966 1184 quam
1010 1096 1250 1163 scholia
1295 1100 1467 1184 ipsa;
1519 1102 1671 1163 sunt
1717 1100 1891 1164 enim
1936 1096 2171 1184 pusilla
2188 1145 2206 1176 ‚
2254 1118 2369 1162 nec
2415 1096 2636 1171 docta3

252 1209 524 1289 gratum
561 1202 896 1268 referimus
936 1199 1215 1271 Genthio
1235 1252 1252 1281 ‚
1293 1204 1464 1290 quod
1499 1205 1655 1269 haec
1694 1209 2056 1269 commenta
2072 1252 2088 1283 ‚
2127 1205 2367 1290 partim
2398 1202 2641 1268 abscisa

255 1318 314 1375 et
357 1312 480 1375 vix
529 1308 955 1388 extricabilia,
1004 1331 1134 1375 non
1178 1309 1290 1375 diu
1337 1332 1452 1376 nos
1500 1316 1863 1375 morantur.

339 1416 663 1481 Pauciora
731 1418 930 1481 etiam
999 1422 1064 1481 et
1130 1415 1372 1482 leviora
1441 1422 1592 1481 sunt
1657 1437 1731 1483 ea
1792 1436 1953 1502 quae
2018 1416 2641 1482 Ashburnhamensis

255 1522 482 1586 habet:
527 1520 776 1608 glossae
815 1520 1123 1607 quaedam
1160 1522 1620 1601 interlineares,
1660 1543 1820 1609 quae
1863 1526 1997 1588 sine
2024 1522 2352 1610 dispendio
2376 1526 2643 1610 possunt

341 1734 494 1821 Ipse
557 1734 1194 1801 ΑΒΗΒΠΒΝΗΔΜΒΝΒΙΒ
1254 1734 1439 1802 hodie
1499 1738 1568 1800 in
1632 1735 1786 1802 bibl.
1854 1736 2029 1823 publ.
2095 1735 2387 1801 Parisina
2430 1733 2493 1799 N
2493 1756 2643 1801 ouv.

259 1844 414 1927 Acq.
477 1839 598 1906 lat.
668 1840 840 1907 1626
902 1842 1108 1922 (Libri
1153 1840 1267 1923 28)
1325 1844 1609 1908 continet
1658 1840 1785 1907 145
1835 1841 1989 1907 folia
2010 1890 2027 1919 ‚
2078 1845 2147 1905 in
2196 1842 2429 1929 quibus
2477 1839 2648 1905 34um

259 1949 356 2013 bis
419 1952 822 2026 numeratur,
887 1947 1016 2013 alta
1063 1945 1196 2014 270
1243 1946 1452 2034 (269),
1509 1947 1642 2013 lata
1694 1947 1823 2013 190
1874 1946 2059 2031 (191)
2112 1970 2270 2013 mm.
2320 1946 2649 2033 Margines

261 2060 412 2119 sunt
475 2052 566 2118 40
619 2052 759 2136 (41)
818 2076 978 2119 mm.
1051 2053 1193 2120 Una
1253 2055 1602 2141 eademque
1666 2076 1863 2120 manu
1928 2060 2107 2120 totus
2172 2057 2447 2141 scriptus
2516 2060 2648 2133 est,

263 2182 411 2225 nam
479 2180 644 2245 quae
707 2158 1072 2225 discrimina
1134 2168 1479 2227 cernuntur
1530 2161 1638 2227 fol.
1692 2160 1777 2227 63
1826 2166 1891 2227 et
1942 2154 2047 2240 64,
2106 2158 2189 2227 ‘76
2237 2167 2303 2228 et
2352 2159 2457 2240 77,
2505 2162 2651 2227 inde

264 2264 642 2353 explicanda
688 2272 857 2344 sunt,
904 2266 1072 2352 quod
1116 2266 1416 2332 librarius
1462 2266 1572 2332 fol.
1617 2265 1703 2331 63
1744 2272 1809 2332 et
1852 2264 1936 2333 ’76
1979 2266 2178 2332 telam
2222 2270 2650 2354 interruptam

263 2392 600 2438 resumens
646 2372 726 2437 ab
767 2374 952 2437 initio
988 2372 1181 2459 paulo
1221 2376 1452 2438 tersius
1490 2378 1555 2438 et
1592 2372 1953 2459 elegantius
1992 2372 2245 2451 scribit,
2293 2373 2484 2460 paulo
2508 2378 2653 2459 post

265 2478 342 2543 ad
381 2500 584 2543 suum
621 2499 870 2543 morem
907 2499 1254 2565 regressus.
1299 2478 1480 2545 Folia
1531 2477 1659 2544 144
1707 2484 1772 2544 et
1821 2476 1949 2543 145
1999 2484 2252 2565 postea,
2302 2501 2463 2545 saec.
2504 2478 2653 2558 XII,

265 2584 486 2649 addita
520 2590 674 2647 sunt
689 2604 706 2663 ;
755 2582 863 2649 fol.
917 2582 1009 2664 lv,
1055 2585 1223 2670 quod
1270 2590 1368 2650 est
1413 2606 1527 2671 pro
1572 2584 1905 2651 involucro
1922 2634 1937 2663 ,
1991 2586 2070 2650 ab
2118 2588 2428 2652 exteriore
2474 2590 2654 2671 parte

267 2688 566 2755 tabulam
625 2696 968 2755 ventorum
986 2739 1003 2768 ‚
1065 2691 1142 2755 ab
1201 2693 1502 2756 interiore
1562 2690 2007 2777 syngrapham
2077 2692 2395 2778 quandam
2466 2694 2659 2758 conti-

265 2799 486 2861 nuisse
547 2793 824 2873 videtur,
889 2798 960 2860 in
1019 2816 1145 2882 qua
1202 2796 1486 2863 Dnnlsmf.
1530 2819 1594 2863 v.
1643 2819 1696 2863 c.
1750 2800 2019 2883 agnovit
2066 2798 2221 2863 haec
2266 2797 2487 2864 verba:
2538 2798 2656 2883 sub

267 2902 370 2967 die
413 2901 610 2966 lunae
652 2922 871 2967 mense
921 2950 1162 2967 ......
1213 2925 1375 2969 anno
1421 2902 1548 2968 XII
1595 2909 1903 2990 regnante
1940 2920 2201 2969 KARVLO
2244 2903 2461 2991 rege'',
2486 2903 2656 2969 unde

266 3006 435 3073 nihil
483 3008 560 3073 de
607 3015 812 3073 aetate
857 3008 1087 3074 codicis
1133 3009 1437 3088 efficitur;
1482 3009 1726 3075 scilicet
1764 3010 1984 3074 charta
2021 3010 2335 3095 quaedam
2374 3008 2653 3075 obseleta

269 3137 350 3181 ex
409 3121 700 3199 tempore
765 3112 979 3181 Caroli
1026 3115 1105 3181 ad
1153 3116 1590 3203 „ligaturam”
1640 3115 1927 3182 adbibita
1977 3121 2093 3181 est.
2144 3114 2220 3181 In
2266 3116 2376 3182 fol.
2426 3117 2489 3195 2,
2537 3116 2652 3181 ubi

269 3224 408 3307 ipse
479 3220 772 3286 Lucanus
827 3223 1056 3306 incipit
1073 3270 1090 3299 ‚
1156 3222 1456 3288 versiculi
1510 3222 1756 3308 aliquot
1801 3242 1996 3308 paene
2046 3221 2300 3287 evanidi
2346 3243 2507 3289 saec.
2556 3221 2653 3286 XI

269 3334 386 3393 aut
432 3326 565 3391 XII
610 3330 895 3406 exstant3
949 3326 1124 3413 „Imm
1167 3349 1420 3415 gessere
1466 3349 1684 3414 pares,
1731 3329 1882 3392 hinc
1928 3348 2127 3415 gener
2170 3328 2319 3394 inde
2366 3350 2558 3394 socer.
2603 3328 2614 3415 Ι

271 3432 596 3501 Continuo
657 3454 1011 3519 numquam
1073 3433 1276 3500 direxi
1337 3437 1619 3500 carmina
1680 3434 1897 3502 ductu.
1954 3434 1965 3521 1
2024 3432 2156 3502 Gur
2214 3438 2469 3500 tractim
2533 3456 2657 3499 ser-

271 3537 474 3628 pant?
531 3538 693 3605 Plus
750 3542 914 3605 mihi
973 3560 1156 3607 coma
1215 3541 1284 3621 (1.
1335 3548 1611 3623 comma)
1657 3539 1866 3627 placet
1907 3542 1918 3627 Ι
1961 3540 2023 3619 ,”
2070 3540 2317 3627 reliqua
2361 3548 2438 3607 ut
2484 3541 2657 3627 apud

273 3646 565 3713 Oudend.
625 3650 696 3711 in
757 3645 943 3711 Vitis.
993 3644 1292 3714 Codicem
1335 3650 1439 3713 vir
1483 3650 1760 3714 eximius
1779 3696 1795 3725 ,
1848 3668 2043 3732 quem
2090 3647 2279 3713 modo
2331 3648 2619 3713 dicebam
2637 3697 2652 3726 ,

269 3751 527 3819 saeculo
577 3774 740 3818 nono
787 3752 1118 3833 adscribit3
1169 3754 1404 3839 absque
1445 3774 1516 3819 eo
1557 3758 1724 3819 esset
1743 3802 1758 3830 ,
1798 3752 2201 3819 Knnmems
2218 3802 2235 3831 ,
2278 3756 2390 3839 qui
2413 3753 2655 3819 librum

269 3880 420 3926 mea
467 3878 658 3924 causa
701 3858 972 3924 contulit
988 3908 1004 3937 ,
1055 3859 1133 3925 ad
1179 3860 1327 3924 Xum
1367 3860 1647 3925 referret.
1691 3858 2005 3945 Quicquid
2046 3865 2142 3924 est
2160 3908 2177 3937 ,
2217 3861 2440 3945 utique
2476 3859 2659 3925 Mon-

271 3964 681 4053 tepessulano
727 3963 922 4051 paulo
968 3967 1284 4031 vetustior
1332 3971 1428 4031 est
1443 4015 1461 4043 ‚
1512 3964 2055 4051 quemadmodum
2104 3969 2321 4031 contra
2368 3966 2472 4031 hic
2508 3965 2661 4031 Vos-

267 4075 532 4138 sianum
569 4073 856 4158 primum
895 4076 962 4137 et
983 4072 1334 4138 secundum
1358 4077 1635 4160 superat,
1661 4076 1738 4137 ut
1761 4075 2033 4157 quatuor
2054 4069 2159 4136 illi
2180 4070 2331 4137 libri
2354 4072 2659 4155 (AMVU)

267 4183 446 4245 intra
489 4177 730 4244 sacculi
775 4180 968 4243 unius
1017 4180 1301 4264 spatium
1347 4180 1566 4264 scripti
1610 4177 1965 4259 videantur.

359 4284 504 4351 Fol.
562 4282 691 4351 145
756 4290 903 4371 post
961 4285 1492 4372 subscriptionem
1536 4285 1690 4349 haec
1740 4286 1924 4370 quasi
1968 4281 2044 4349 de
2091 4282 2335 4350 schola:
2404 4282 2660 4363 „Finito

265 4390 436 4459 libro
483 4392 871 4479 frangantur
916 4411 1099 4457 crura
1144 4389 1500 4477 magistro’'
1548 4396 1615 4456 et
1661 4387 1787 4456 alia
1832 4386 2107 4476 pulcella
2124 4438 2141 4467 ,
2192 4395 2371 4455 tum:
2420 4388 2533 4456 Ste
2556 4386 2611 4472 (2
2634 4397 2663 4454 t
