3192 5009
1157 401 1240 450 nn
1285 400 1435 450 mnn
1482 400 1762 450 nomme.
2514 375 2643 444 193

264 574 418 659 quia
485 574 746 659 opponit
813 575 1052 638 interae
1118 570 1580 636 condictionem
1629 575 1692 635 et
1737 570 2048 634 incertam
2095 565 2437 633 formulam
2485 564 2640 645 (vid.

265 700 461 767 supra
518 700 654 765 cap.
720 677 917 755 XIV).
990 656 1469 745 condictionem
1539 678 1651 761 qui
1719 677 1808 741 sic
1876 676 2094 739 stricte
2162 671 2517 750 concludit,
2588 672 2646 737 is

264 806 470 872 neque
532 784 955 872 obligationes
986 781 1032 866 ¹)
1098 784 1407 861 condicit,
1471 803 1676 868 neque
1724 783 2186 867 possessionem
2205 829 2221 858 ‚
2271 781 2396 845 nisi
2442 798 2644 864 quum

264 892 554 959 condicat
623 912 702 957 ex
770 911 956 956 causa
1019 891 1259 956 furtiva
1272 911 1289 969 ;
1339 891 1493 955 haec
1539 892 1717 954 enim
1762 888 2074 954 condictio
2119 889 2324 973 ipsius
2369 887 2462 952 rei
2511 905 2644 951 esse

262 998 554 1085 fingitur,
617 1019 819 1083 quum
880 1000 999 1073 sit,
1064 988 1414 1063 secundum
1479 993 1646 1061 Celsi
1695 996 2202 1060 observationem
2223 1042 2238 1073 ,
2280 1014 2510 1059 verum
2557 991 2648 1057 di-

264 1105 555 1171 centibus
600 1106 1008 1191 possessionis
1054 1104 1212 1184 (vid.
1266 1123 1457 1189 supra
1500 1123 1638 1189 cap.
1687 1100 1852 1182 XV).

1348 1526 1585 1594 XXIV.

823 1732 907 1779 DE
954 1729 1373 1779 conmomom!
1422 1730 1609 1778 onn'n
1656 1730 1780 1778 vm,
1825 1730 2128 1807 monum.-

360 1897 837 1965 Condictionem
905 1898 1061 1962 certi
1132 1901 1493 1982 suspectam
1562 1897 1683 1961 sibi
1745 1896 1901 1962 dicit
1961 1896 2160 1964 Lenel
2215 1897 2294 1963 ad
2340 1897 2646 1964 Edictum

264 2006 682 2090 Perpetuum.
730 2003 901 2068 Mihi
945 2024 1195 2089 quoque
1241 2002 1427 2068 valde
1474 2008 1768 2088 suspecta
1817 2009 1932 2068 est.
1999 2002 2109 2069 Bis
2156 2008 2432 2070 occurrit
2478 2004 2648 2092 apud

264 2114 501 2177 veteris
568 2113 728 2175 iuris
796 2106 1259 2196 Gompilatores
1326 2112 1393 2173 in
1458 2109 1820 2195 fragmento
1889 2109 1964 2176 de
2015 2114 2172 2176 certi
2220 2112 2610 2179 condictione
2628 2164 2645 2193 ,

268 2218 437 2305 quod
493 2221 987 2301 composuerunt
1047 2218 1193 2301 ipsi.
1259 2213 1472 2281 Semel
1518 2226 1841 2302 praeterea
1885 2219 1950 2281 in
1999 2223 2134 2283 toto
2183 2240 2440 2305 corpore
2487 2220 2649 2285 Pan-

268 2324 598 2389 dectarum
654 2316 980 2388 invenitur
1024 2341 1253 2407 nempe
1301 2320 1469 2407 apud
1516 2321 1796 2387 Paulum
1843 2321 1889 2386 l.
1946 2322 2028 2389 12
2076 2323 2154 2390 D.
2206 2323 2313 2390 46.
2341 2324 2404 2389 2.
2487 2327 2648 2391 Certi

266 2430 627 2495 condicimus
685 2428 729 2495 l.
784 2425 865 2493 17
914 2425 1016 2513 §2
1064 2426 1142 2493 D.
1195 2424 1301 2492 25.
1332 2426 1371 2489 2
1434 2427 1604 2512 apud
1665 2426 2024 2509 Iulianum,
2072 2430 2150 2495 ab
2199 2429 2471 2518 Ulpiano
2522 2437 2651 2520 epi-

266 2543 589 2603 tomatum
606 2556 623 2611 ;
688 2542 906 2598 certum
967 2532 1325 2597 condicimus
1384 2532 1428 2598 l.
1479 2533 1566 2599 28
1617 2535 1718 2619 §4
1767 2534 1843 2602 D.
1902 2534 2005 2600 12.
2033 2535 2075 2601 2
2124 2538 2291 2623 apud
2346 2538 2644 2605 Paulum.

266 2640 611 2707 Ordiamur
650 2661 687 2705 a
727 2638 993 2704 Iuliano.
1040 2637 1127 2702 Et
1164 2646 1262 2704 est
1301 2634 1560 2725 quidem
1602 2640 1771 2725 apud
1810 2639 2137 2707 Iulianum
2172 2643 2387 2710 nullus
2427 2667 2649 2712 sensus

265 2748 417 2813 certi
477 2746 867 2811 condictionis
930 2744 1087 2824 (vid.
1154 2765 1345 2831 supra
1404 2766 1537 2831 cap.
1588 2744 1765 2828 XIV)
1783 2766 1799 2824 ;
1865 2752 1932 2812 at
1976 2748 2113 2814 fieri
2159 2758 2401 2835 potest,
2450 2759 2525 2817 ut
2569 2753 2649 2818 ab

265 2853 541 2939 Ulpiano
587 2855 839 2917 invecta
883 2854 967 2915 sit
1010 2853 1078 2915 in
1126 2851 1194 2915 id
1239 2851 1716 2937 fragmentum,
1759 2854 1926 2938 quod
1968 2862 2065 2920 est
2101 2855 2289 2922 hodie
2327 2857 2370 2922 1.
2421 2855 2501 2924 17
2545 2858 2648 2944 §2

265 2962 376 3027 cit.
448 2958 627 3039 Quod
685 2956 1067 3022 Triboniano
1132 2959 1347 3043 potius
1409 2965 1733 3045 acceptam
1794 2959 2066 3025 referam
2083 3010 2100 3039 ‚
2149 2962 2291 3029 ideo
2340 2962 2413 3028 fit
2430 3013 2447 3041 ,
2498 2968 2649 3051 quia

263 3087 525 3156 prorsus
571 3063 850 3130 abundat
894 3086 1021 3130 vox
1069 3064 1217 3127 certi
1242 3062 1315 3143 ⁸).
1364 3064 1625 3130 Etenim
1673 3068 1782 3151 qui
1829 3072 2040 3152 potest
2087 3067 2367 3134 dubitari
2385 3118 2404 3149 ‚
2453 3074 2510 3135 si
2549 3093 2650 3138 res

262 3182 473 3241 certae
542 3171 971 3248 condicantur,
1042 3177 1282 3236 certam
1352 3170 1487 3235 dari
1560 3170 1950 3237 formulam?
2028 3174 2224 3253 Certi,
2295 3178 2362 3240 ni
2441 3176 2646 3255 fallor,

260 3286 505 3347 resecto
564 3282 629 3343 et
687 3276 935 3343 Iuliano
1000 3278 1064 3342 et
1125 3276 1400 3363 Ulpiano
1446 3276 1812 3343 consultum
1859 3280 2000 3345 erit.
2049 3280 2349 3347 Abundat
2395 3304 2644 3370 quoque

265 3394 486 3453 certum
544 3386 589 3451 l.
639 3384 727 3449 28
775 3385 874 3470 §4
922 3386 1051 3461 cit„
1102 3383 1268 3469 quod
1313 3384 1642 3469 apparebit
1684 3384 1916 3451 collata
1958 3385 2004 3450 1.
2056 3384 2094 3451 5
2144 3387 2223 3453 D.
2271 3388 2378 3453 44.
2407 3388 2470 3455 2.
2534 3388 2648 3455 Sin

266 3496 411 3581 quis
469 3494 560 3558 ibi
621 3497 947 3557 servatum
1008 3489 1231 3567 malit,
1279 3511 1403 3556 non
1449 3492 1673 3568 habet,
1722 3492 1889 3577 quod
1936 3492 2225 3559 offendat.
2296 3493 2466 3561 Nam
2513 3518 2639 3562 non

266 3607 366 3667 est
410 3602 693 3697 positugn
738 3619 851 3683 pro
897 3597 1063 3661 certi.
1110 3595 1331 3661 Restat
1376 3600 1603 3663 unicus
1643 3597 1819 3663 locus
1838 3647 1854 3676 ,
1904 3598 2017 3663 ubi
2053 3602 2438 3666 nominatim
2476 3604 2636 3669 certi

226 3704 681 3781 ‚condictionis
729 3705 967 3768 mentio
1012 3701 1157 3777 fiat,
1204 3701 1247 3765 1.
1303 3702 1385 3767 12
1430 3701 1509 3768 D.
1560 3701 1668 3767 46.
1696 3701 1774 3768 2:

538 3810 596 3873 si
642 3809 775 3895 quis
818 3807 1181 3889 deleyaverit
1225 3807 1541 3871 debitorem
1557 3857 1573 3886 ‚
1617 3808 1721 3893 qui
1756 3808 1886 3873 doli
1923 3809 2070 3873 mali
2109 3812 2447 3895 exceptione
2483 3814 2642 3878 tueri

539 3939 600 3980 ee
648 3937 827 3997 posse
884 3914 1136 3992 sciebat,
1196 3912 1416 3977 similis
1460 3914 1567 3995 (is)
1614 3914 1913 3979 videbitur
1935 3972 1938 3975 .
1957 3915 2016 3979 ei
2063 3916 2168 4002 qui
2213 3918 2398 3983 donat
2415 3945 2435 3982 .·
2499 3943 2638 4006 quo-

339 4188 393 4252 1)
430 4188 505 4238 Ne
540 4188 647 4254 quie
678 4188 797 4239 mihi
832 4187 1025 4240 obiiciat
1057 4190 1088 4239 1.
1126 4190 1191 4239 18
1228 4191 1291 4253 51
1333 4191 1389 4239 D.
1426 4190 1503 4239 89.
1524 4190 1555 4239 6
1590 4204 1665 4239 vv.
1699 4190 1992 4241 condictione
2022 4196 2112 4241 αἱ
2145 4190 2197 4241 in
2222 4194 2424 4256 saecun
2453 4193 2641 4247 action

262 4270 492 4321 debitoris
526 4272 853 4336 obliyationen
890 4309 903 4324 .
923 4310 935 4323 .
960 4310 971 4322 .
993 4310 1005 4322 .
1025 4310 1037 4323 .
1073 4272 1323 4335 reciperat,
1358 4271 1437 4321 vix
1470 4276 1657 4332 metuo,
1692 4272 1911 4337 quamvis
1943 4272 2267 4338 fragmentum
2301 4275 2422 4325 illud
2465 4276 2649 4329 Iuliani

265 4370 442 4405 nomen
477 4370 589 4421 prae
620 4370 670 4403 oe
703 4360 839 4419 gerat
892 4354 1073 4406 Abeunt
1106 4355 1261 4413 enim,
1298 4353 1439 4404 sicuti
1475 4353 1648 4405 debent
1679 4354 1868 4417 abesse,
1901 4371 1930 4405 a
1964 4356 2070 4406 loco
2102 4358 2344 4421 geminato
2377 4358 2430 4421 (l.
2472 4360 2533 4410 81
2567 4362 2591 4423 5
2618 4362 2652 4412 2

265 4437 399 4501 eod)
436 4437 576 4488 hm:
612 4437 904 4488 condictione
932 4443 1023 4487 aut
1055 4437 1107 4487 in
1137 4440 1342 4503 sactum
1377 4437 1575 4487 actione.

340 4520 391 4585 2)
428 4520 616 4571 Inserta
651 4520 841 4571 videtur
870 4526 1068 4589 propter
1102 4520 1137 4573 l.
1178 4520 1242 4570 2⁶
1278 4520 1379 4570 eod.

2307 4620 2370 4671 18
