3192 5009
591 244 723 309 264
1392 264 1477 310 1111
1520 264 1673 311 nnuc
1719 263 2172 311 osnunmnm.

588 426 675 512 pl.
747 427 822 492 de
883 426 1054 492 caelo
1116 428 1519 493 servantibus
1546 426 1624 508 ¹),
1685 428 2176 514 prohiberentur
2239 432 2660 517 magistratus
2721 451 2946 508 creare,

586 555 735 597 cum
799 533 1070 619 denique
1129 536 1282 599 novi
1341 534 1634 599 consules
1681 535 1834 599 facti
1882 540 2125 613 essent,
2176 538 2440 602 comitia
2488 536 2696 602 denuo
2740 538 2814 601 ab
2857 538 2949 601 his

584 639 803 704 haberi
862 661 988 704 non
1042 646 1389 724 potuerunt
1439 640 1561 717 „ob
1609 640 1890 725 perditas
1937 640 2423 707 candidatorum
2470 642 2948 719 contentiones”,

582 746 695 829 qui
731 747 863 809 iam
906 744 1119 831 palam
1158 748 1354 810 armis
1402 745 1810 811 decertabant
1857 746 1933 810 de
1981 744 2339 831 republica3
2383 768 2534 813 casu
2581 748 2819 812 factum
2861 756 2951 812 est

580 856 657 913 ut
718 856 1005 916 auctores
1064 854 1265 915 nostri
1288 849 1341 932 ⁸)
1386 854 1457 915 in
1504 872 1577 916 ea
1624 872 1692 916 re
1740 854 2135 917 mentionem
2181 874 2308 917 non
2354 853 2588 919 faciant
2635 854 2950 919 obnuntia-

580 958 824 1020 tionum
849 1005 865 1033 ,
927 956 1280 1022 verisimile
1346 962 1443 1022 est
1504 977 1578 1022 eo
1627 961 1916 1042 tempore
1964 960 2112 1022 anni
2161 956 2246 1022 53
2297 961 2528 1037 etiam,
2578 980 2700 1024 non
2745 962 2948 1023 minus

578 1081 771 1146 quam
834 1066 1051 1139 antea,
1116 1082 1376 1126 causam
1422 1083 1535 1126 cur
1577 1063 1647 1126 in
1691 1065 1969 1127 comitiis
2016 1066 2084 1128 vi
2131 1068 2378 1129 armata
2421 1070 2754 1129 uterentur
2797 1065 2946 1128 hanc

577 1187 611 1230 a
660 1168 1187 1251 competitoribus
1233 1172 1635 1252 praetextam
1683 1189 1816 1234 esse
1835 1217 1850 1246 ,
1893 1168 2061 1254 quod
2099 1167 2211 1233 alii
2252 1169 2672 1234 obnuntiandi
2713 1171 2946 1254 copiam

574 1272 851 1337 tribunis
889 1272 1053 1349 fieri,
1097 1272 1209 1337 alii
1248 1266 1801 1338 obnuntiationem
1841 1274 2251 1339 tribunorum
2272 1277 2342 1340 vi
2363 1275 2664 1361 impediri
2686 1273 2940 1351 vellent;

572 1398 725 1442 nam
790 1399 951 1463 opus
1021 1383 1156 1443 erat
1218 1382 1425 1463 specie
1486 1382 1750 1445 rationis
1806 1380 2140 1466 legitimae
2203 1402 2318 1445 cur
2379 1380 2841 1467 rempublicam
2883 1382 2946 1443 vi

572 1485 1035 1570 perturbarent.
1100 1482 1226 1549 Sed
1288 1485 1366 1549 ab
1411 1506 1484 1550 eo
1534 1490 1824 1570 tempore
1871 1486 2219 1571 Pompeius
2239 1536 2255 1564 ,
2304 1508 2360 1552 a.
2415 1486 2501 1551 52
2548 1486 2770 1552 consul
2817 1488 2944 1549 81110

572 1588 819 1675 collega
879 1596 1126 1654 creatus
1144 1637 1159 1666 ,
1225 1610 1278 1655 a.
1332 1588 1414 1654 51
1466 1598 1531 1655 et
1579 1589 1668 1654 50
1714 1597 2047 1677 tamquam
2095 1593 2367 1657 dictator
2410 1596 2702 1678 privatus
2749 1595 2944 1678 reipu-

571 1693 771 1759 blicae
815 1697 1215 1781 praepositus
1232 1744 1248 1772 ,
1300 1695 1642 1761 seditiones
1685 1700 1967 1762 coercuit
2015 1704 2082 1763 et
2127 1701 2326 1764 etiam
2366 1698 2445 1763 ab
2488 1701 2578 1764 eis
2619 1701 2731 1784 qui
2769 1704 2944 1763 antea

570 1821 671 1865 res
727 1802 797 1865 vi
861 1801 1271 1867 turbaverant
1317 1822 1549 1887 poenas
1596 1805 1900 1887 repetivit
1916 1824 1933 1882 ;
1983 1806 2249 1869 comitia
2293 1805 2396 1869 his
2441 1807 2623 1869 annis
2669 1812 2942 1890 tempore

568 1908 791 1973 habita
837 1914 1005 1973 sunt.
1059 1908 1239 1973 Idem
1287 1909 1528 1973 factum
1576 1915 1673 1975 est
1719 1913 1898 1975 annis
1947 1910 2237 1989 49-44,
2287 1932 2438 1977 011111
2479 1909 2710 1977 Caesar
2746 1914 2942 1995 reipu-

570 2013 773 2079 blicae
844 2020 1195 2100 praeesset3
1268 2034 1325 2079 a.
1374 2013 1461 2079 49
1532 2011 1764 2081 Caesar
1831 2016 2105 2081 dictator
2173 2016 2377 2082 edicto
2447 2016 2646 2082 semel
2718 2016 2940 2082 diserte

568 2123 779 2185 vetuit
840 2120 915 2185 de
962 2120 1133 2185 caelo
1180 2123 1420 2185 servari
1464 2142 1616 2185 cum
1661 2120 1950 2187 consules
1996 2128 2358 2186 crearentur
2387 2122 2456 2201 ³).
2525 2121 2940 2187 Manifestum

567 2232 664 2290 est
733 2227 833 2290 his
902 2229 1082 2291 annis
1145 2225 1393 2291 nullam
1456 2226 1650 2291 aliam
1712 2226 1791 2292 ob
1851 2247 2111 2292 causam
2159 2229 2334 2293 viros
2379 2228 2678 2293 factiosos
2723 2226 2939 2292 abusos

566 2354 693 2397 non
764 2353 899 2397 esse
961 2334 1101 2397 iure
1164 2332 1240 2396 de
1298 2331 1470 2397 caelo
1536 2332 1832 2398 servandi
1894 2354 2044 2397 cum
2101 2336 2522 2419 magistratus
2567 2338 2938 2409 crearentur,

567 2458 762 2522 quam
833 2437 999 2522 quod
1069 2458 1175 2501 eos
1235 2438 1557 2502 cohiberet
1623 2437 1970 2524 Pompeius
2032 2441 2322 2523 primum
2341 2486 2357 2515 ‚
2423 2438 2648 2504 deinde
2697 2436 2935 2504 Caesar.

564 2542 735 2608 Nam
795 2546 897 2607 ius
947 2542 1022 2607 de
1070 2543 1239 2608 caelo
1289 2543 1583 2609 servandi
1629 2548 1827 2610 etiam
1873 2550 2018 2609 tum
2061 2548 2280 2631 viguit
2298 2566 2315 2624 ;
2367 2565 2422 2610 a.
2474 2544 2582 2622 44,
2630 2566 2782 2609 cum
2825 2546 2940 2609 An·

562 2651 778 2713 tonius
842 2669 965 2714 cos.
1029 2648 1365 2714 indixisset
1412 2652 1676 2715 comitia
1721 2653 2036 2727 censoria,
2089 2652 2382 2715 tribunus
2430 2650 2520 2735 pl.
2571 2650 2779 2715 denuo
2824 2650 2936 2715 hoc

557 2759 661 2820 ius
709 2756 1002 2820 adhibuit
1040 2756 1119 2820 ad
1156 2756 1632 2841 impediendam
1672 2760 2059 2823 creationem
2086 2758 2158 2837 ⁴).
2206 2756 2400 2822 Initio
2443 2757 2731 2823 eiusdem
2773 2758 2933 2831 anni,

560 2884 710 2926 cum
773 2859 1002 2927 Caesar
1060 2865 1343 2937 viveret,
1409 2863 1726 2928 Antonius
1786 2862 2020 2927 maluit
2066 2862 2326 2948 quidem
2373 2868 2707 2949 tamquam
2754 2884 2937 2944 augur

557 2970 615 3033 ei
666 2968 1041 3033 obnuntiare
1087 2989 1238 3032 cum
1285 2967 1680 3033 Dolabellam
1733 2970 2061 3035 consulem
2109 2978 2349 3035 crearet
2389 2970 2545 3049 (vid.
2587 2992 2762 3054 supr.
2790 2988 2930 3053 pag.

559 3071 707 3153 96);
758 3072 868 3137 sed
915 3070 1134 3139 Cicero
1182 3073 1415 3137 diserte
1463 3073 1620 3138 dicit
1639 3122 1654 3151 ,
1704 3078 1764 3139 ei
1812 3078 2011 3139 etiam
2053 3072 2311 3140 licuisse
2361 3075 2437 3140 de
2475 3073 2648 3140 caelo
2690 3093 2935 3140 servare

558 3184 892 3263 tamquam
938 3176 1187 3243 consuli
1213 3181 1287 3258 ⁵).

648 3284 825 3350 Haec
886 3288 1101 3350 omnia
1162 3290 1476 3369 quantum
1536 3284 1794 3351 valeant
1837 3287 1917 3351 ad
1964 3293 2249 3352 nostram
2296 3290 2680 3353 sententiam
2725 3286 2934 3353 confir·

556 3391 857 3456 mandam
874 3440 892 3469 ,
942 3394 1239 3476 inprimis
1287 3393 1618 3477 apparebit
1663 3396 1719 3457 si
1765 3396 2080 3459 rationem
2128 3394 2542 3459 habuerimus
2579 3395 2773 3459 huius
2815 3395 2933 3457 nei:

474 3500 485 3509 ’
556 3496 737 3577 Quod
800 3518 855 3562 a.
923 3496 1029 3573 57,
1058 3497 1165 3575 56,
1195 3496 1302 3574 54,
1332 3496 1439 3576 53,
1468 3498 1552 3561 44
1617 3500 1862 3564 factum
1922 3507 2052 3577 est,
2116 3506 2194 3564 ut
2263 3503 2529 3565 comitia
2559 3520 2783 3564 -annua
2829 3502 2936 3563 aut

556 3606 771 3668 omnia
836 3609 950 3668 aut
1010 3602 1267 3690 singula
1328 3603 1796 3689 impedirentur
1841 3610 1906 3669 et
1951 3626 2029 3671 ex
2077 3627 2238 3671 anno
2287 3627 2402 3671 suo
2451 3605 2856 3671 demerentur
2901 3622 2934 3666 a

555 3708 829 3773 tribunis
875 3708 961 3794 pl.
1011 3708 1087 3773 de
1135 3707 1307 3774 caelo
1356 3710 1761 3775 servantibus
1779 3759 1794 3788 ,
1845 3710 1914 3774 id
1957 3712 2086 3775 fuit
2135 3732 2390 3797 prorsus
2437 3734 2584 3775 novo
2633 3710 2889 3793 exemplo
2904 3735 2932 3783 ;

552 3814 810 3881 nullum
870 3816 1231 3901 vestigium
1288 3819 1386 3879 est
1433 3836 1559 3900 quo
1607 3822 1940 3901 appareat,
1991 3817 2364 3883 huiusmodi
2409 3814 2651 3902 aliquid
2696 3817 2931 3881 factum

570 4002 726 4009 *—

624 4124 678 4185 1)
714 4123 805 4172 Dio
838 4124 1017 4173 40.45.
1041 4126 1071 4173 3
1136 4152 1199 4161 —
1246 4125 1301 4189 2)
1334 4127 1443 4174 Διο.
1476 4141 1525 4190 p.
1562 4124 1656 4184 325
1689 4125 1848 4175 Schol.
1885 4125 1984 4175 Cic.
2026 4142 2072 4191 p.
2111 4128 2226 4187 841,
2266 4128 2381 4187 848,
2418 4127 2532 4177 84⁶.
2567 4154 2634 4167 --
2669 4128 2719 4186 8)
2757 4126 2926 4174 Lucan.

553 4206 772 4258 Phaml.
810 4208 853 4255 5.
876 4207 988 4267 89⁵,
1025 4222 1153 4272 supr.
1192 4222 1297 4272 pag.
1335 4206 1415 4259 97.
1456 4235 1519 4245 -
1550 4210 1610 4272 4)
1647 4208 1744 4258 Cic.
1780 4208 1911 4258 Phil.
1952 4208 1996 4258 2.
2020 4210 2100 4258 33.
2122 4210 2203 4268 89,
2235 4224 2366 4275 supr.
2403 4225 2512 4274 pag.
2550 4210 2611 4258 81
2651 4210 2756 4259 adn.
2795 4208 2834 4256 1.
2863 4232 2926 4243 ·-

554 4291 603 4348 5)
638 4288 737 4337 Cic.
773 4288 903 4338 Phil.
939 4290 986 4340 2.
1008 4290 1087 4339 83.
1109 4290 1201 4339 812
1252 4288 1413 4353 ·Quid
1458 4290 1622 4339 enim?
1667 4290 1798 4340 istud
1837 4330 1848 4340 .
1871 4326 1913 4340 ..
1952 4292 1992 4340 01
2028 4306 2182 4355 augur
2214 4308 2309 4341 non
2345 4308 2467 4342 00800
2501 4296 2551 4341 st
2587 4290 2751 4341 consul
2781 4304 2922 4347 08000.

552 4371 709 4421 minus
744 4372 898 4420 facere
932 4371 1202 4436 potuisses?
1239 4371 1361 4421 vide
1396 4387 1455 4421 ne
1490 4372 1638 4421 etiam
1673 4372 1912 4423 facilius''.
