3192 5009
1144 224 1609 277 clamenus.
2490 204 2573 273 65

253 418 370 461 cnm
401 406 458 459 et
489 396 611 479 ipsi
661 392 822 460 Delo
867 394 1154 480 hymnus
1203 393 1528 459 dedicatus
1569 395 1691 469 sit,
1716 398 1783 457 at
1804 394 1871 456 in
1895 390 2263 456 Theocriteo
2288 393 2575 457 encomio

248 501 460 589 16113168
499 502 828 585 requisita,
877 502 1106 564 ceteris
1154 519 1384 585 parum
1430 500 1763 564 convenire
1811 498 1975 562 mihi
2012 497 2287 562 videtur.
2336 496 2576 562 Verum

249 630 350 673 non
387 606 684 673 eiusmodi
728 626 866 671 rem
913 626 1047 671 esse
1095 614 1250 691 puto
1270 655 1287 684 ,
1330 626 1490 690 quae
1529 603 1967 689 comparandis
2014 604 2302 669 versibus
2320 652 2336 681 ,
2386 604 2579 668 verba

247 736 368 781 cum
417 713 616 779 verbis
677 712 1110 798 componendo
1174 712 1550 777 dirimatur:
1617 710 1968 775 videndum
2032 718 2129 775 est
2194 731 2275 775 an
2322 709 2576 776 aliunde

249 822 518 887 auxilium
560 820 770 885 afferri
811 822 1030 906 possit.

318 928 400 991 Ex
473 930 610 1014 ipso
680 926 1006 992 Theocriti
1077 928 1354 991 carmine
1425 932 1671 991 constat
1740 927 2105 991 encomium
2175 924 2581 1012 Philadelphi

249 1036 512 1118 scriptum
570 1054 708 1099 6886
771 1040 1110 1119 postquam
1175 1032 1429 1117 repulsa
1475 1033 1742 1097 Arsinoe
1788 1032 2162 1118 Lysimachi
2206 1030 2337 1095 filia
2374 1031 2584 1099 Ptole-

249 1160 428 1205 maeus
484 1140 670 1204 duxit
733 1160 1014 1204 sororem
1071 1138 1382 1203 Arsinoen
1415 1137 1482 1219 ¹).
1543 1137 1783 1223 Nupsit
1830 1144 2043 1202 autem
2096 1138 2362 1203 Arsinoe
2408 1159 2584 1203 soror

249 1246 392 1311 118111
433 1245 848 1330 Philadelpho
896 1265 1061 1309 anno
1079 1293 1094 1321 ,
1143 1245 1210 1309 id
1250 1248 1424 1310 enim
1461 1244 1649 1308 hodie
1687 1243 1815 1309 fere
1839 1250 2123 1309 constare
2147 1244 2421 1322 videtur,
2450 1241 2582 1309 273

250 1352 330 1429 (cf.
353 1350 752 1417 Wiedemann
775 1350 950 1415 Mus,
978 1350 1100 1415 Rh.
1133 1348 1327 1417 1883.
1356 1373 1417 1436 p.
1447 1349 1576 1415 384
1604 1372 1739 1435 sqq.
1770 1349 2008 1416 Philol.
2039 1348 2167 1427 ’88,
2193 1372 2255 1436 p.
2284 1349 2371 1416 83
2398 1356 2581 1437 sqq.).

249 1458 344 1537 Qui
393 1461 594 1544 igitur
636 1457 961 1543 hymnum
1005 1456 1340 1521 Deliacum
1387 1455 1709 1521 Theocriti
1756 1455 2124 1521 Ptolemaeo
2169 1460 2586 1541 posteriorem

249 1566 486 1643 ducunt,
533 1562 695 1628 illud
744 1584 994 1629 carmen
1043 1566 1222 1628 annis
1249 1560 1608 1629 272—265
1637 1563 1958 1639 tribuunt;
1988 1569 2153 1627 etex
2176 1565 2268 1627 eis
2294 1562 2585 1629 versibus

247 1666 398 1739 (Gall.
455 1668 560 1735 IV.
629 1666 1003 1736 167—170.
1072 1668 1333 1735 Theocr.
1396 1668 1602 1733 XVII.
1658 1666 1950 1749 77—92)
2018 1669 2251 1754 quibus
2317 1676 2600 1756 uterque‘

245 1786 426 1861 poeta,
475 1774 909 1843 Callimachus
956 1776 1216 1841 brevius
1267 1782 1332 1841 at
1379 1776 1586 1840 fusius
1636 1774 2080 1853 Theocritus,
2062 1780 2320 1861 lmperii
2340 1780 2589 1865 magni-

249 1883 500 1947 tudinem
521 1881 825 1960 illustrat,
843 1890 1130 1968 tempora
1153 1885 1508 1947 accuratius
1533 1882 2049 1947 circumscribere
2072 1892 2399 1948 conantur.
2427 1883 2590 1964 Quo-

245 2010 366 2051 rum
401 1995 806 2075 argumenta,
858 2010 1007 2053 cum
1051 1988 1361 2074 permulti
1408 1991 1745 2073 scriptores
1789 1988 1865 2053 de
1909 1989 2029 2053 hac
2053 2009 2118 2053 re
2145 1989 2583 2069 disseruerint,

245 2114 384 2159 nunc
415 2115 536 2160 non
575 2094 960 2159 enumerabo
977 2114 994 2171 ;
1035 2094 1114 2158 ad
1154 2093 1626 2161 Callimachum
1665 2097 1839 2159 enim
1881 2094 2049 2179 quod
2075 2098 2306 2160 attinet
2328 2096 2584 2173 frustra,

247 2202 452 2285 opinor,
497 2204 841 2287 quicquam
882 2199 1046 2265 lucis
1093 2203 1444 2285 speraveris
1491 2222 1568 2265 ex
1614 2201 1786 2265 hisce
1833 2201 2158 2265 versibus:

1567 2302 1611 2386 ᾧ
1662 2306 1777 2369 ὑπὸ
1827 2308 2043 2385 μίτρην

479 2410 678 2489 ἵξεται
729 2414 838 2479 οὐκ
884 2411 1152 2477 ἀέκουσα
1201 2412 1516 2484 Μακηδόνι
1567 2414 1974 2491 κοιρανέεσθαι

485 2517 806 2599 ἀμφοτέρῃ
857 2519 1158 2597 μεσόγεια
1209 2520 1310 2582 καὶ
1361 2513 1429 2583 αἳ
1478 2522 1830 2594 πελάγεσσι
1879 2520 2201 2598 κάθηνται,

485 2626 704 2706 μέχρις
755 2621 901 2689 ὅπου
945 2625 1182 2705 περάτη
1231 2650 1300 2691 τε
1352 2626 1454 2691 καὶ
1505 2626 1767 2691 ὁππόθεν
1814 2625 1991 2699 ὠκέες
2040 2623 2213 2692 ἵπποι

486 2732 722 2796 Ἠέλιον
770 2729 1079 2812 φορέουσιν
1128 2768 1212 2779 -

311 2882 354 2945 l)
381 2883 540 2933 Obiter
573 2898 742 2933 moneo
777 2898 945 2949 perum
981 2881 1273 2949 probabilem
1308 2899 1473 2932 eorum
1511 2883 1667 2933 videri
1700 2884 2001 2948 opinionem,
2045 2884 2127 2948 qui
2162 2888 2334 2949 putent
2368 2886 2590 2936 Theocri-

255 2968 340 3013 tum
385 2982 514 3015 161611
563 2968 630 3016 48
683 2964 970 3027 ..dee-dmm!
1018 2962 1071 3014 δί
1116 2967 1349 3028 γυναικὸς
1396 2962 1478 3014 ἔπ’
1527 2964 1781 3027 ἀλλοτρίῳ
1829 2965 1931 3023 νόος
1964 2964 2089 3014 alal·
2128 2962 2293 3027 ῥηΐδιοι
2331 2964 2386 3015 33
2419 2968 2590 3030 γοναί,

255 3044 378 3093 τέκνα
407 3044 448 3094 δ’
479 3045 534 3095 οὗ
567 3050 867 3096 ternosue-a
901 3046 1088 3109 oeoerpf’
1124 3048 1356 3096 Arsinoen
1394 3048 1659 3111 Lysimachi
1698 3048 1845 3097 filiam
1881 3048 2127 3109 designare
2163 3049 2381 3101 voluieee.
2426 3050 2592 3099 Fuerit

251 3140 342 3175 6666
377 3130 527 3179 odiosa
562 3131 736 3179 marito
773 3130 1000 3179 memorie
1037 3130 1221 3187 1116116,
1259 3146 1378 3194 quae
1411 3146 1520 3179 enm
1556 3130 1827 3179 interficere
1860 3136 2031 3179 conata
2066 3136 2185 3179 esset
2220 3132 2341 3195 (vid.
2383 3134 2591 3197 Droyeen

251 3206 355 3257 111⁸.
375 3210 504 3277 2⁶5),
539 3222 701 3261 temen
738 3227 831 3260 non
866 3211 1136 3276 putaverim
1171 3212 1476 3261 Theocritum
1515 3212 1683 3275 16316
1716 3211 1889 3261 liberos
1915 3228 1970 3261 ex
2000 3228 2055 3260 66
2088 3212 2253 3275 regine
2288 3216 2425 3263 natos
2458 3230 2592 3265 voce-

251 3292 388 3341 turam
417 3294 556 3343 1111666
587 3291 742 3341 τέκνα
773 3290 830 3343 οὗ
866 3295 1166 3341 ποτεοιιιότα
1200 3293 1367 3354 πατρί.
1407 3294 1573 3358 Neque
1610 3294 1759 3358 166316
1796 3293 1951 3358 placet
1978 3295 2103 3357 quod
2143 3296 2351 3358 Droyeen
2388 3296 2441 3344 1.1
2494 3298 2591 3346 :346

249 3376 504 3437 suspicetur:
539 3376 844 3440 cogitandum
880 3390 978 3425 6666
1011 3376 1070 3423 de
1103 3379 1309 3440 Apama,
1347 3376 1519 3439 Magne
1554 3392 1698 3425 uxore
1751 3376 1879 3441 Quid
1915 3376 2042 3424 enim
2075 3376 2261 3425 adtinet
2294 3377 2345 3425 in
2381 3379 2593 3428 encomio

251 3453 477 3507 Ptolemaei
521 3458 678 3507 dicere
721 3458 780 3507 de
827 3459 998 3521 Magne
1045 3458 1207 3507 liberie
1252 3459 1445 3523 eiusque
1481 3474 1627 3508 uxore
1660 3459 1825 3507 infida!
1872 3459 2048 3508 Verum
2082 3474 2239 3508 6611116
2272 3463 2344 3509 eet
2376 3462 2433 3509 de
2467 3461 2595 3509 felici

251 3538 522 3589 matrimonio
551 3542 644 3590 τοῦ
675 3542 894 3601 Σωτῆρος
927 3556 1033 3589 6616
1071 3540 1179 3588 diva
1217 3542 1464 3600 Berenice,
1501 3542 1661 3606 itaque
1697 3542 1807 3590 huic
1844 3542 1932 3607 ipei
1972 3542 2239 3599 Berenicae,
2271 3557 2390 3606 quae
2419 3544 2593 3593 marito

249 3632 318 3667 6116
354 3622 617 3684 gratissima
661 3622 776 3679 fnit,
814 3628 954 3686 poeta
988 3622 1131 3670 6116111
1169 3623 1418 3671 mulierem
1453 3623 1679 3687 opponit,
1715 3623 1889 3671 marito
1924 3624 2081 3671 minue
2115 3628 2326 3686 31616111ς
2362 3638 2503 3687 quem
2539 3641 2595 3673 66

249 3698 294 3745 de
331 3717 458 3751 66666
496 3702 746 3765 ἄστοργον
791 3702 1014 3769 appellet.
1061 3704 1308 3753 Iudicatur
1355 3720 1467 3768 6136
1503 3703 1637 3769 prior
1670 3705 1875 3769 Lagidae
1912 3721 2045 3763 uxor,
2082 3704 2314 3768 Eurydice
2352 3706 2595 3773 Antipatri

249 3780 348 3841 nin,
374 3800 510 3849 qnam
539 3786 626 3834 ille
659 3790 908 3851 poetqunm
948 3786 1204 3834 Berenicen
1232 3786 1370 3835 duxit
1399 3785 1586 3851 aliquot
1606 3792 1765 3837 tamen
1782 3803 1930 3836 66666
1947 3803 2105 3836 eccum
2124 3786 2316 3845 hahuit,
2335 3791 2595 3839 attendam

247 3862 400 3915 dimisit
435 3866 675 3925 Miletum,
713 3866 790 3915 ubi
825 3882 880 3915 66
913 3867 1056 3916 filiam
1097 3868 1338 3917 Demetrio
1369 3872 1675 3933 (quamquem
1706 3874 1819 3918 tnnc
1854 3870 2055 3933 Legidae
2086 3869 2235 3917 hostie
2263 3874 2389 3931 crat)
2418 3870 2469 3919 in
2499 3887 2597 3921 me·

245 3946 494 3999 trinonium
523 3950 656 3999 dedit
689 3949 772 4009 (cf.
813 3949 939 3997 mut.
979 3952 1107 3998 Dem.
1142 3966 1181 3999 6.
1219 3950 1284 3998 46
1318 3954 1366 3999 et
1401 3952 1507 4013 32).
1547 3950 1705 3999 Huius
1737 3952 1991 4013 Eurydices
2025 3950 2198 3999 liberos
2230 3953 2402 4000 merito
2424 3968 2594 4017 parum

245 4026 398 4079 61611166
433 4033 558 4097 petri
593 4030 712 4079 dicit
745 4036 908 4095 poete,
942 4031 1018 4079 cui
1052 4046 1241 4096 sperare
1277 4032 1415 4081 licuit
1447 4032 1548 4081 fore
1588 4037 1641 4080 ut
1674 4032 1774 4095 regi
1814 4032 2131 4097 Philadelpho
2168 4034 2399 4096 placeret,
2434 4035 2474 4083 ai
2508 4036 2596 4085 tali

243 4110 470 4174 opprobrio
501 4116 718 4161 notaeaet
753 4114 1052 4172 Cer-annum,
1083 4118 1132 4161 et
1165 4114 1304 4162 illum
1342 4114 1543 4177 Lagidee
1575 4114 1729 4163 fllium
1765 4114 1845 4178 qni
1886 4115 2031 4179 Cypri
2067 4114 2248 4163 1666166
2283 4115 2339 4163 ed
2375 4116 2597 4167 defectio·

245 4206 334 4243 6661
373 4194 569 4244 incitare
611 4199 812 4243 conatus
857 4198 989 4243 esset.
1038 4194 1222 4259 Quibus
1267 4196 1496 4245 fratribus
1547 4196 1916 4260 Philadelphum
1961 4211 2201 4261 opponens
2236 4197 2424 4260 6316316
2460 4199 2597 4248 lande

243 4274 474 4341 principem
502 4278 644 4327 effert
673 4293 782 4327 66111
812 4277 882 4326 ite
915 4278 1081 4325 11663
1116 4279 1172 4326 de
1206 4294 1261 4326 66
1295 4278 1432 4327 dicit:
1463 4278 1516 4327 ,δ
1534 4274 1587 4325 δὲ
1608 4277 1761 4339 πατρῖ
1779 4275 1947 4335 ἐοικὼς
1964 4280 2085 4335 παῖς
2103 4276 2370 4341 ἀγαπητὸς
2386 4278 2597 4342 '‘yrun''

243 4356 315 4417 (d.
345 4358 464 4409 call.
495 4360 584 4411 lv.
625 4360 748 4412 170:
783 4356 840 4407 ιδ
873 4355 920 4405 δ’
947 4354 1140 4407 ε’ίσοται
1169 4356 1283 4415 ἤθεα
1317 4356 1574 4422 πατρόςᾞ.

2245 4460 2276 4507 ὖ
