3192 5009
568 237 700 304 334
1651 259 1876 308 ruere.

470 465 477 474 ·
569 424 779 511 genda
850 429 1000 490 sunt
1068 425 1154 491 τὰ
1226 421 1303 490 ὦν
1372 422 1549 492 ἕνεκα
1613 428 1918 506 χρήματα
1982 425 2438 507 σπουδάζεται,
2501 429 2720 493 minus
2781 433 2934 492 recte

570 531 813 597 Mnem.
879 531 1027 610 XII,
1092 531 1224 598 319
1287 533 1648 599 statuebam
1710 533 2048 600 Platonem
2106 534 2212 600 1110
2272 555 2612 622 usurpasse
2669 533 2936 608 δαπάνην

568 659 683 724 1110
729 641 839 712 τὴν
886 643 993 704 τοῦ
1037 639 1325 704 δαπανῶν
1372 639 1723 718 ἐπιθυμίαν,
1774 643 1908 706 sive
1953 642 2023 705 τὸ
2073 640 2533 720 φιλοδαπανον,
2595 639 2672 705 01.
2720 640 2934 706 Aesch.

570 743 741 812 Ctes.
806 748 842 830 ς
882 743 1035 810 218.
1111 745 1366 811 Tertius
1440 752 1660 811 autem
1724 751 1822 811 est
1883 746 2234 812 admodum
2279 745 2713 818 memorabilis
2757 746 2938 810 11111118

565 851 865 917 vocabuli
927 873 1083 917 usus
1102 901 1119 930 ,
1184 873 1310 937 quo
1374 874 1502 917 non
1559 855 1733 938 ipsos
1796 858 2052 918 sumtus
2113 853 2465 939 significat,
2527 851 2639 918 sed
2683 854 2939 938 pecunia

568 960 753 1024 0111118
817 979 935 1043 0110
980 963 1237 1024 sumtus
1284 958 1483 1046 fiunt,
1530 957 1714 1024 velut
1761 959 1930 1044 apud
1979 957 2180 1024 Thuc.
2223 957 2257 1022 Ι
2304 956 2390 1024 99
2438 965 2564 1032 τοῖς
2616 959 2730 1035 μὲν
2775 959 2942 1032 Ἀθη-

566 1066 751 1135 ναίοις
794 1061 1012 1140 ηὔξετο
1050 1066 1120 1129 τὸ
1162 1063 1443 1128 ναυτικὸν
1468 1065 1593 1128 ἀπὸ
1620 1072 1730 1139 τῆς
1772 1063 1806 1128 δ
1831 1065 2188 1143 oen-dunc,
2233 1054 2300 1136 ἣν
2323 1067 2536 1130 ἐκεῖνοι
2559 1061 2936 1144 ξυμφέροιεν,

567 1174 633 1234 et
680 1167 849 1253 apud
893 1168 1187 1253 Xenoph.
1229 1167 1381 1256 Gyr.
1429 1168 1463 1233 I
1503 1168 1563 1247 6,
1594 1167 1633 1234 9
1686 1171 1756 1245 ἣν
1780 1207 1864 1218 -
1892 1170 2148 1250 ἐπιλίπῃ
2189 1169 2375 1235 αὐτὸν
2417 1170 2453 1243 ἧ
2491 1168 2760 1243 δᾰποὶνη.
2806 1168 2939 1234 Νο11

568 1275 754 1341 aliter
790 1274 977 1340 Plato
1014 1275 1179 1340 infra
1226 1297 1289 1360 p.
1332 1274 1464 1339 550
1488 1274 1547 1341 D
1586 1277 1691 1356 (cf.
1717 1276 1923 1363 Legg.
1947 1275 2037 1341 IV
2057 1298 2120 1362 11.
2151 1273 2282 1341 ¹718
2306 1276 2394 1356 A)
2435 1275 2506 1341 τὸ
2546 1283 2818 1353 ταμιεῖον
2859 1311 2936 1323 -

572 1384 756 1446 ἐκεῖνο
797 1382 1037 1462 ἑκάστῳ
1075 1383 1331 1462 χρυσίου
1371 1381 1784 1460 πληρούμενον
1824 1381 2138 1447 ἀπόλλυσι
2165 1383 2276 1457 τὴν
2299 1381 2589 1457 τοιαύτην
2614 1381 2937 1447 πολιτείαν.

572 1494 803 1567 πρῶτον
867 1488 981 1564 μὲν
1043 1489 1169 1567 γὰρ
1233 1488 1608 1561 δαπανοὶς
1667 1489 1871 1561 αὐτοῖς
1922 1487 2324 1570 ἐξευρίσκουσι
2373 1488 2502 1552 κτὲ.
2551 1487 2717 1553 Loco
2761 1508 2941 1572 quem

575 1616 741 1658 1111110
802 1599 1155 1659 tractamus
1216 1600 1463 1661 vertere
1525 1615 1904 1679 possumus:
1956 1596 2226 1676 pecunia
2287 1617 2415 1658 cum
2474 1618 2682 1675 παραυ
2725 1601 2938 1670 sumtu,

572 1704 618 1765 1.
646 1722 701 1766 0.
751 1721 902 1765 011111
946 1720 1185 1787 magna
1233 1721 1429 1786 quam
1472 1701 1736 1786 praebet
1781 1707 2036 1766 sumtus
2081 1699 2352 1766 faciendi
2396 1705 2730 1785 potestate.

666 1805 740 1869 P.
791 1803 923 1870 486
947 1805 1025 1870 D.
1076 1804 1261 1872 Ἀλλ’
1310 1808 1375 1871 οὐ
1423 1807 1542 1882 μὲν
1590 1807 1664 1871 τό
1711 1831 1788 1885 γε
1838 1814 1949 1881 τῆς
1999 1804 2278 1881 ἀμούσου
2327 1828 2401 1870 τε
2446 1804 2551 1869 καὶ
2601 1805 2945 1886 α’σχῆμο-

576 1935 699 1983 νος
771 1911 1015 1991 Φύσεως
1085 1909 1319 1976 ἄλλοσέ
1388 1936 1487 1978 ποι
1565 1911 1642 1977 ἂν
1704 1919 1948 1993 φαῖμεν
2015 1909 2214 1975 ἕλκειν
2263 1911 2349 1983 εἷς
2397 1910 2720 1991 οἱμετρίαν.
2781 1906 2941 1976 Cave

576 2023 835 2103 propter
891 2037 1263 2104 praegressa
1323 2018 1708 2096 ἐπιλήσμονα
1779 2018 1899 2097 ἄρα
1949 2020 2166 2098 ψυχὴν
2215 2017 2274 2080 ε’ν
2321 2025 2463 2089 ταῖς
2513 2018 2728 2087 ἱκανῶς
2775 2024 2944 2096 φιλο·

581 2124 792 2203 σόφοις
874 2124 965 2200 μή
1037 2147 1188 2188 ποτε
1262 2124 1585 2203 ἐγκρίνοιεν
1657 2126 1987 2189 existimes
2055 2123 2396 2189 Platonem
2462 2123 2570 2189 hic
2636 2123 2944 2208 scripsisse

578 2231 736 2307 ἁμν
758 2230 1085 2307 ἧμονος,
1126 2250 1277 2294 nam
1318 2230 1395 2296 110
1433 2230 1750 2296 industria
1785 2227 2210 2315 philosophus
2249 2229 2602 2308 ἀσχήμονος
2639 2229 2944 2313 scripsisse

578 2335 785 2400 videri
830 2340 1074 2420 potest,
1126 2340 1463 2421 propterea
1506 2336 1679 2421 quod
1719 2339 1753 2410 ἡ
1795 2345 1906 2410 τῆς
1949 2335 2224 2412 ἀμούσου
2263 2335 2510 2412 φύσεως
2551 2334 2941 2415 ἀσχημοσύνη

580 2441 735 2522 (fere
757 2465 837 2492 =
862 2443 1192 2520 ἀρρυθμία)
1256 2445 1608 2507 necessario
1672 2441 1850 2507 ducit
1911 2441 1990 2506 ad
2053 2441 2380 2518 ἀμουσίαν.
2446 2440 2840 2525 Quamquam
2897 2439 2946 2501 si

578 2548 728 2614 boni
774 2548 1019 2613 codices
1067 2549 1413 2623 αμνήμονος
1464 2548 1868 2625 exhiberent,
1915 2547 2034 2612 hoc
2077 2547 2485 2632 praeferrem.

671 2655 746 2718 P.
798 2650 928 2716 491
954 2655 1032 2718 Α.
1098 2653 1353 2725 Ταύτης
1420 2652 1532 2731 δή,
1604 2646 1671 2726 ἦν
1719 2653 1768 2718 δ’
1821 2653 1978 2731 ἐγώ,
2029 2661 2139 2726 τῆς
2189 2653 2434 2730 Φύσεως
2485 2651 2582 2716 δεῖ
2625 2651 2944 2717 θεάσασθαι

579 2761 696 2831 τὰς
758 2755 1023 2840 Φθοροὲς,
1085 2762 1159 2830 ὦς
1225 2760 1544 2825 διόλλυται
1611 2760 1669 2823 ἐν
1730 2766 2021 2837 πολλοῖς,
2087 2759 2337 2837 σμικρὸν
2399 2756 2465 2822 δέ
2511 2781 2570 2823 τι
2624 2758 2942 2839 ἐκφεύγει,

581 2864 679 2936 οὓς
746 2864 817 2938 δὴ
878 2866 979 2928 καὶ
1045 2867 1111 2929 οὐ
1178 2865 1497 2943 πονηρούς,
1548 2867 1900 2946 &zadoram
1951 2865 2014 2929 δὲ
2063 2869 2361 2929 καλοῦσι·
2411 2865 2518 2928 καὶ
2569 2864 2738 2940 μετὰ
2781 2866 2944 2926 τοῦτο

583 2967 665 3036 αὖ
727 2971 844 3041 τοὶς
909 2971 1298 3046 μιμουμένας
1361 2972 1600 3043 ταύτην
1649 2971 1753 3034 καὶ
1804 2971 1887 3042 εἷς
1937 2970 2007 3034 τὸ
2055 2971 2448 3046 ἐπιτήδευμα
2497 2968 2945 3046 καθισταμένας

584 3079 815 3154 αὐτῆς,
880 3073 999 3141 οἶαι
1046 3074 1219 3142 οὖσαι
1268 3078 1487 3154 φύσεις
1536 3078 1762 3156 ψυχῶν
1809 3078 1893 3147 εἷς
1943 3075 2150 3154 ἄναξ
2163 3099 2275 3140 ιον
2323 3075 2430 3139 καὶ
2478 3075 2686 3156 μεῖζον
2733 3075 2946 3140 ἑαυτῶν

583 3183 1031 3265 ἀφικνούμεναι
1096 3182 1518 3261 ἐπιτήδευμα,
1567 3192 1872 3264 πολλαχῇ
1916 3185 2451 3259 πλημμελοῦσαι,
2499 3190 2802 3260 πανταχῇ
2849 3178 2945 3242 καὶ

585 3291 685 3354 ἐπὶ
748 3290 996 3359 πάντας
1057 3289 1239 3365 δόξαν
1300 3286 1433 3354 οἵαν
1496 3289 1708 3367 λέγεις
1774 3288 2120 3370 Φιλοσοφία
2169 3292 2518 3368 προσῆψαν.
2567 3284 2950 3353 Gravissimo

583 3398 689 3461 hic
749 3393 928 3460 locus
990 3395 1218 3460 mendo
1278 3395 1557 3473 laborat,
1622 3398 1924 3481 quoniam
1984 3393 2367 3479 perabsurde
2427 3396 2764 3480 negotium
2780 3439 2796 3470 ,
2855 3391 2953 3454 0111

586 3502 819 3587 aliquis
865 3522 981 3586 par
1026 3523 1153 3567 non
1200 3505 1317 3579 sit,
1368 3503 1473 3566 hic
1520 3509 1786 3567 vocatur
1835 3500 2104 3578 ἀνάξιον,
2153 3499 2466 3580 indiqnum
2485 3547 2504 3577 ,
2554 3521 2704 3564 cum
2746 3499 2952 3584 potius

584 3613 722 3693 ipse
784 3607 977 3673 1101110
1039 3606 1156 3671 tali
1216 3629 1283 3672 re
1348 3607 1653 3694 indignus
1673 3657 1688 3685 ,
1757 3606 2001 3683 ἀνάξιος
2024 3655 2041 3684 ,
2092 3604 2397 3671 dicendus
2444 3604 2709 3683 fuisset,
2754 3606 2842 3668 ita
2883 3605 2952 3666 ut

582 3715 766 3780 Plato
814 3714 1084 3779 scribere
1122 3717 1404 3799 potuerit
1442 3709 1562 3778 οἷαι
1604 3709 1780 3779 οὖσαι
1821 3715 2045 3790 Φύσεις
2072 3719 2298 3794 ψυχῶν
2338 3711 2470 3776 καὶ
2511 3714 2604 3783 ὧς
2645 3709 2951 3785 ἀνάξιοι

584 3823 649 3886 εἰ
672 3847 699 3893 ς
757 3821 964 3902 μεῖζον
1016 3822 1246 3884 ἑαυτῶν
1295 3822 1746 3900 ἀφικνούμεναι
1798 3821 2186 3896 ἐπιτήδευμα
2233 3820 2360 3883 κτὲ.
2434 3817 2568 3883 Nec
2615 3825 2828 3883 tamen
2871 3817 2952 3879 sic

583 3931 905 4014 scripsisse
968 3927 1245 4004 videtur,
1313 3930 1463 4011 quia
1523 3930 1717 3992 unius
1778 3925 2073 3992 vocabuli
2123 3927 2480 3990 mutatione
2526 3924 2708 3989 locus
2753 3923 2954 3990 salvus

584 4038 740 4111 erit,
807 4039 863 4099 si
910 4036 1280 4099 scribimus:
1330 4029 1451 4097 οἷαι
1503 4030 1678 4098 οὖσαι
1727 4033 1949 4111 Φύσεις
1997 4036 2219 4110 ψυχῶν
2267 4033 2350 4103 εἷς
2401 4031 2812 4096 ἀνοίκειον
2855 4027 2950 4092 καὶ

584 4143 792 4222 μεῖζον
855 4143 1083 4205 ἑαυτῶν
1132 4140 1577 4217 ἀφικνούμεναι
1628 4139 2015 4213 ἐπιτήδευμα
2067 4175 2152 4188 -
2200 4138 2382 4215 δόξαν
2431 4135 2561 4202 οἵαν
2607 4136 2814 4214 λέγεις
2861 4143 2954 4210 φι·

588 4251 855 4330 λοσοφία
924 4251 1267 4327 προσῆψαν.
1344 4243 1441 4313 Cf.
1510 4269 1572 4332 p.
1643 4246 1769 4311 501
1797 4246 1855 4311 D
1923 4245 2133 4311 ’Λλλοὶ
2197 4246 2286 4322 μὴ
2349 4244 2456 4316 τὴν
2520 4243 2711 4324 φύσιν
2770 4245 2960 4308 αὐτῶν

496 4436 507 4442 -
594 4355 907 4419 οἰκείαν
971 4349 1121 4416 εἶναι
1185 4357 1291 4416 τοῦ
1350 4351 1621 4432 ἀρίστου,
1691 4347 1756 4424 ἣν
1823 4355 1998 4428 ἡμεῖς
2049 4351 2366 4425 διήλθομεν
2414 4353 2523 4430 (sc.
2571 4343 2800 4425 ἕξουσιν
2845 4351 2958 4424 ἀμ·
