3192 5009
1004 302 1087 348 nn
1131 302 1283 349 man
1330 300 1784 353 omonimum.
2453 280 2585 347 263
2663 335 2671 344 .

234 465 516 530 stionibus
532 512 551 541 ,
598 463 773 528 haud
818 466 1053 530 iniuria
1100 466 1519 551 optimatibus
1565 468 1737 532 visas
1776 485 1910 530 esse
1947 464 2204 530 tendere
2221 512 2238 543 ,
2283 469 2358 528 ut
2396 484 2590 549 supra

234 572 349 635 dixi
363 620 379 647 ,
436 572 516 633 ad
572 572 992 634 destruendam
1053 573 1491 653 rempubbicam.
1556 571 1857 636 Exitium
1917 570 2154 635 liberae
2201 570 2590 657 reipublicae

236 678 615 763 repetendum
660 682 761 741 est
806 678 885 741 ab
924 678 1041 742 hac
1082 676 1229 765 lege
1268 676 1524 756 Clodia,
1565 698 1728 763 quae
1770 676 2007 756 effecit,
2051 698 2202 741 cum
2242 679 2592 742 creationes

238 804 445 849 annuas
518 786 925 869 permitteret
992 782 1251 849 libidini
1319 782 1665 849 cuiuslibet
1683 832 1700 860 ‚
1773 789 1850 847 ut
1918 782 2276 867 respublica
2343 804 2458 868 per
2525 802 2592 847 se

238 898 375 954 stare
430 910 557 953 non
620 888 901 973 amplius
949 898 1165 975 posset
1184 938 1201 969 ,
1252 896 1317 955 et
1361 890 1684 976 indigeret
1733 889 1972 954 auxilio
2019 892 2356 974 potestatis
2402 889 2594 954 dicta-

240 997 439 1073 toriae,
486 994 655 1080 qnod
700 998 989 1079 primum
1036 996 1385 1081 Pompeius
1431 995 1657 1061 deinde
1704 992 1935 1062 Caesar
1981 999 2042 1060 61
2085 996 2416 1082 praebuit,
2468 1018 2592 1081 quo

238 1104 351 1185 ipso
406 1101 685 1166 remedio
746 1101 913 1165 nihil
972 1106 1184 1189 magis
1230 1103 1611 1187 pestiferum
1658 1104 1720 1166 ei
1766 1122 1900 1167 esse
1944 1108 2214 1186 poterat.
2279 1100 2426 1165 Nos.
2457 1101 2520 1165 h.
2547 1100 2592 1165 1.

242 1210 587 1272 summatim
660 1212 915 1271 tantum
987 1207 1063 1272 de
1134 1211 1227 1273 eis
1285 1208 1475 1273 rebus
1536 1229 1726 1295 agere
1790 1228 2134 1293 possumus
2151 1228 2168 1285 ;
2235 1210 2594 1272 narratione

242 1312 543 1397 prolixiore
614 1312 1103 1397 supersedemus
1124 1361 1139 1390 ,
1228 1334 1353 1399 qua
1438 1314 1571 1379 sola
1639 1313 1821 1399 plene
1894 1313 2318 1379 demonstrari
2390 1316 2596 1398 possit

242 1418 395 1502 quale
442 1418 636 1483 fuerit
684 1420 805 1484 hoc
851 1420 1205 1484 Anarchiae
1252 1427 1613 1484 monstrum
1661 1440 1698 1484 a
1744 1416 1969 1485 Clodio
2017 1421 2084 1483 in
2133 1418 2596 1505 rempublicam

246 1527 600 1589 immissum.
675 1562 761 1573 -
834 1526 912 1589 A.
980 1524 1067 1589 58
1140 1527 1338 1590 etiam
1401 1526 1622 1590 ordine
1682 1531 1748 1591 et
1810 1531 2099 1611 tempore
2161 1526 2382 1591 habita
2445 1530 2598 1589 sunt

244 1633 465 1695 comitia
510 1650 721 1695 annua
768 1633 1001 1695 omnia.
1055 1628 1179 1695 Sed
1224 1634 1358 1695 iam
1398 1651 1455 1695 a.
1500 1629 1585 1697 57
1627 1652 1772 1715 pars
1812 1631 2124 1716 quaedam
2163 1633 2596 1707 comitiorum,

249 1736 505 1801 aedilicia
564 1735 722 1813 6611.,
786 1735 1109 1821 prohibita
1174 1742 1271 1801 est
1326 1758 1365 1801 a
1409 1736 1660 1803 duobus
1710 1738 1984 1801 tribunis
2031 1735 2120 1821 pl.
2173 1735 2595 1812 turbulentis,

248 1841 459 1907 Milone
502 1848 569 1907 et
618 1840 827 1907 Sestio
844 1890 860 1920 ‚
912 1844 1023 1927 qui
1069 1842 1145 1907 de
1184 1842 1357 1907 caelo
1389 1850 1699 1929 perpetuo
1741 1843 2079 1908 servabant
2117 1864 2268 1907 cum
2294 1840 2598 1909 Clodium

248 1938 547 2012 inimicum
610 1970 799 2013 suum
866 1946 1139 2013 aedilem
1202 1948 1339 2013 fieri
1387 1948 1634 2013 nollent
1662 1946 1731 2029 ¹).
1792 1950 1870 2013 A.
1921 1948 2006 2013 56
2054 1970 2206 2013 vero
2255 1948 2453 2011 omnia
2501 1969 2600 2012 co-

248 2057 405 2119 mitia
448 2076 481 2119 6
528 2060 663 2119 1010
710 2074 873 2118 6660
922 2054 1262 2119 exturbata
1306 2062 1458 2119 sunt
1475 2103 1491 2131 ,
1540 2062 1606 2119 61
1652 2057 1986 2139 proximus
2023 2074 2224 2118 annus
2263 2057 2464 2118 initus
2503 2059 2601 2119 est

249 2181 373 2223 cum
426 2163 824 2247 interregno;
890 2158 1049 2239 scil„
1114 2160 1190 2225 de
1238 2159 1413 2225 66610
1460 2161 1754 2226 servabat
1801 2156 1873 2226 O.
1925 2161 2189 2224 Porcius
2238 2156 2398 2226 Cato
2447 2160 2595 2223 trib.

254 2263 346 2349 pl„
400 2269 503 2350 (161
563 2268 814 2351 primus
876 2266 995 2330 hoc
1040 2266 1230 2330 modo
1278 2268 1492 2331 omnia
1536 2268 1798 2331 comitia
1844 2267 2174 2351 prohibere
2223 2286 2416 2330 ausus
2463 2272 2560 2329 661
2581 2312 2596 2341 ,

252 2373 423 2455 specie
480 2371 744 2456 quidem
805 2392 921 2436 sua
968 2362 1230 2437 consilia
1276 2378 1649 2457 persecutus
1667 2420 1683 2448 ,
1730 2371 1840 2436 sed
1887 2391 2108 2436 revera
2155 2391 2192 2436 a
2239 2372 2601 2435 triumviris

253 2476 589 2542 subornatus
616 2475 692 2557 ³).
741 2478 818 2541 A.
872 2476 979 2554 55,
1029 2499 1178 2542 cum
1225 2477 1513 2543 consules
1561 2484 1771 2543 essent
1819 2474 2084 2543 Crassus
2127 2482 2193 2543 et
2229 2477 2598 2561 Pompeius,

254 2584 496 2663 primum
564 2580 1001 2657 suffectiones,
1070 2604 1197 2648 non
1268 2585 1403 2647 sine
1474 2582 1662 2648 caede
1727 2582 1988 2667 quidem
2054 2590 2118 2648 61
2185 2588 2496 2669 sang-uine
2527 2584 2598 2663 ³),

254 2685 467 2751 habitae
512 2692 665 2751 sunt
684 2735 701 2763 ,
752 2686 975 2751 deinde
1023 2692 1169 2752 ante
1216 2687 1410 2753 finem
1450 2691 1602 2752 anni
1640 2708 1840 2753 novae
1881 2692 2228 2754 creationes
2245 2710 2262 2767 3
2309 2690 2385 2754 de
2427 2689 2600 2754 caelo

256 2812 461 2857 servare
521 2812 713 2857 nemo
776 2812 969 2857 ausus
1032 2799 1129 2857 est
1145 2814 1163 2871 ;
1234 2794 1343 2859 sed
1390 2814 1447 2857 a.
1499 2793 1584 2857 54
1635 2792 2007 2879 exemplum
2055 2792 2312 2861 Catonis
2357 2797 2602 2860 imitati

256 2904 375 2961 sunt
413 2898 651 2984 aliquot
700 2900 943 2965 tribuni
988 2898 1193 2983 plebis
1215 2947 1230 2976 ‚
1280 2922 1557 2985 quorum
1607 2921 1776 2964 unus
1823 2901 1948 2965 fuit
1996 2900 2067 2980 Q.
2121 2900 2380 2966 Mucius
2425 2901 2604 2967 Scae-

256 3002 398 3081 vola,
436 3008 543 3090 (161
584 3004 682 3068 M.
719 3004 996 3070 Aemilio
1035 3004 1271 3071 Scauro
1310 3005 1721 3071 consulatum
1757 3010 2001 3093 petenti
2024 3007 2504 3094 gratificabatur
2528 3007 2601 3087 4),

258 3115 307 3171 61
354 3110 453 3176 6111
471 3161 487 3189 ,
548 3112 866 3176 Memmio
928 3112 1261 3178 candidato
1322 3113 1754 3200 gratificantes
1773 3161 1788 3190 ,
1857 3116 2065 3199 parati
2113 3121 2291 3178 erant
2339 3118 2602 3180 comitia

260 3212 465 3281 differre
507 3220 575 3282 in
626 3218 979 3283 adventum
1024 3216 1312 3285 Caesaris
1330 3268 1347 3297 ,
1394 3240 1587 3305 quem
1626 3220 1901 3284 Romam
1940 3220 2146 3285 redire
2184 3222 2498 3306 putabant
2526 3224 2600 3302 ⁵).

260 3317 443 3405 Itaque
494 3344 696 3388 annus
760 3323 845 3388 53
908 3326 1109 3389 initus
1156 3332 1254 3389 est
1300 3328 1435 3389 6166
1482 3326 1973 3412 magistratibus
2021 3328 2308 3411 patriciis
2325 3375 2342 3404 ,
2393 3334 2457 3393 et
2505 3350 2604 3393 res

262 3426 461 3492 iterum
518 3429 597 3493 ad
658 3432 1105 3515 interregnum
1167 3431 1377 3495 rediit.
1450 3431 1543 3495 Eo
1608 3452 1768 3497 anno
1788 3480 1805 3508 ,
1855 3438 2198 3516 postquam
2246 3433 2606 3521 respublica

263 3550 351 3595 sex
405 3555 641 3601 menses
714 3534 993 3620 amplius
1054 3538 1257 3621 specie
1322 3537 1399 3602 ab
1459 3538 1892 3624 interregibus
1940 3536 2384 3603 administrata
2432 3544 2568 3603 erat
2585 3587 2600 3615 ,

264 3656 447 3703 revera
486 3642 835 3705 Anarchiae
882 3642 1117 3706 tradita
1160 3646 1477 3720 iacuerat,
1526 3664 1679 3707 cum
1725 3642 1920 3707 multi
1966 3645 2318 3729 interreges
2365 3647 2602 3727 partim

265 3761 355 3824 per
392 3749 673 3832 auspicia·
705 3768 867 3833 quae
915 3769 1039 3813 non
1084 3750 1594 3835 impetrabantur
1619 3750 1694 3829 ⁰),
1735 3752 1975 3834 partim
2016 3752 2213 3813 etiam
2253 3769 2290 3813 a
2329 3751 2605 3814 tribunis

328 3990 365 4053 Ι)
394 3992 481 4043 cie.
516 3998 613 4045 Att.
650 3998 695 4045 4.
721 3997 905 4060 3.86(1.
942 4024 1005 4033 -
1042 3997 1097 4062 Β)
1134 3997 1237 4046 Liv.
1275 3997 1385 4062 epit.
1428 3998 1541 4057 105,
1582 3996 1674 4045 Dio
1709 3996 1788 4045 39.
1810 3996 1888 4049 27.
1911 3998 1956 4055 8,
1995 3997 2082 4045 cfr.
2115 3996 2217 4047 Cic.
2251 3998 2343 4062 Qu.
2367 3998 2425 4048 fr.
2447 3998 2601 4049 2.6.6

268 4068 375 4121 Orell
412 4076 535 4137 (8.4.
556 4078 599 4126 6.
656 4078 841 4141 Klotz).
894 4080 947 4127 C.
998 4080 1227 4129 Catonem
1283 4095 1378 4128 non
1432 4078 1794 4136 intercedendo.
1848 4079 1928 4127 sed
1980 4078 2307 4128 obnuntiando
2357 4080 2606 4146 impedisse

268 4155 451 4217 comitis,
480 4165 639 4225 ponte·
672 4162 935 4211 ostendam.
969 4190 1032 4199 —
1072 4164 1126 4227 3)
1170 4162 1268 4211 Vsl.
1312 4164 1440 4210 Max.
1476 4163 1674 4217 4.6.4,·
1713 4162 1804 4209 Dio
1839 4162 1918 4211 39.
1941 4162 2095 4219 32.2;
2137 4162 2266 4211 Plut.
2311 4162 2476 4229 Pomp.
2516 4168 2602 4224 ⁶3;

272 4234 370 4299 App.
402 4240 536 4293 art.
580 4270 645 4279 —
690 4242 751 4307 4)
786 4243 886 4292 Cic.
922 4246 1026 4293 ΔΒ.
1061 4244 1263 4295 4.17.4
1302 4245 1449 4300 Βο01;
1490 4244 1547 4308 Q.
1590 4244 1648 4292 fr.
1690 4245 1738 4292 3.
1761 4244 1806 4291 3.
1825 4243 1872 4289 2.
1926 4270 1989 4279 —
2045 4244 2099 4308 5)
2137 4244 2232 4292 Cic.
2271 4244 2374 4294 Att.
2407 4247 2607 4296 416.ss

276 4314 377 4367 Boot
420 4322 471 4384 (4
508 4323 631 4374 17.2
675 4324 858 4383 Omlb:
912 4330 1111 4390 ..putant
1162 4326 1262 4375 fore
1309 4326 1515 4389 aliquem
1552 4326 1636 4388 qui
1671 4325 1868 4373 comitis
1901 4324 1950 4373 in
1988 4326 2244 4377 adventum
2279 4328 2495 4377 Caesaris
2529 4330 2606 4378 (10-

274 4400 427 4461 usd-t,
461 4406 633 4456 Catone
667 4408 948 4472 praesertim
983 4406 1231 4457 absoluton
1265 4436 1331 4445 —
1366 4409 1421 4471 6)
1464 4408 1550 4456 Dio
1584 4408 1842 4465 40.17.2;
1877 4408 1959 4455 40.
1981 4410 2043 4455 45
2081 4411 2131 4457 Β.
