3192 5009
974 257 1059 314 1111
1102 257 1724 315 181888818011111118
1768 257 2067 312 8011111118.
2574 239 2705 309 449

341 435 409 496 ct
449 431 515 496 id
560 433 777 517 ipsum
824 438 967 497 tum
1011 435 1105 498 ita
1148 451 1215 497 88
1257 431 1489 498 habere
1537 431 1895 496 existimari
1911 479 1927 508 ,
1977 433 2043 496 si
2077 435 2459 515 potestatem
2506 428 2712 494 decer-

343 536 531 602 nendi
574 539 665 604 eis
710 559 836 604 non
881 538 1139 604 dederat
1184 559 1314 603 rex.
1384 537 1518 603 Lex
1564 539 1808 602 curiata
1855 541 2071 601 autem
2089 584 2106 612 ‚
2155 538 2212 600 si
2246 539 2500 621 accepta
2537 540 2673 600 erat
2691 583 2708 612 ,

340 644 431 706 ita
492 645 745 710 tenebat
803 647 976 710 cives
994 693 1009 722 ,
1075 651 1151 709 ut
1209 665 1315 710 808
1368 645 1508 730 regi
1553 642 1768 728 palam
1813 663 1940 708 non
1984 662 2202 728 parere
2247 646 2360 706 aut
2403 640 2570 706 clam
2618 661 2704 705 re·

340 768 625 836 pugnare
670 751 796 837 fas
856 773 974 815 non
1035 758 1200 815 eeset.
1270 747 1394 814 Sed
1455 752 1607 835 quia
1666 752 1836 814 cives
1855 797 1872 826 ,
1935 750 1989 812 si
2051 754 2305 834 accepta
2365 768 2490 812 non
2535 752 2670 813 erat
2689 795 2706 823 ,

339 858 479 941 regi
536 857 911 942 obsequium
972 857 1281 944 denegare
1334 876 1533 942 aeque
1578 855 2072 942 prohibebantur
2092 904 2108 931 ‚
2159 857 2298 919 vim
2340 854 2534 919 huius
2581 851 2709 918 suf-

338 962 528 1050 fragii
565 965 752 1049 facto
798 962 1046 1029 nullam
1089 963 1285 1028 fuisse
1332 967 1631 1049 apparet,
1680 967 1745 1027 et
1790 967 2050 1026 eatenus
2096 962 2302 1026 inanis
2348 959 2472 1024 fuit
2519 960 2707 1024 caeri-

331 1071 545 1134 monia
606 1069 1099 1135 confirmationis
1129 1067 1195 1149 ¹).
1266 1068 1505 1133 Verum
1567 1070 1800 1133 reiecta
1856 1065 2001 1152 1888
2020 1116 2036 1143 ,
2101 1065 2208 1132 vel
2267 1068 2525 1132 omnino
2578 1085 2705 1130 non

330 1181 584 1260 peracta
644 1175 1118 1242 confirmatione
1137 1225 1153 1254 ,
1204 1175 1476 1241 dubium
1521 1194 1647 1239 non
1693 1180 1790 1239 est
1836 1177 1992 1258 quin
2037 1193 2259 1260 regem
2305 1172 2592 1238 abdicare
2641 1191 2706 1235 se

332 1301 530 1367 regno
594 1285 973 1368 oportuerit,
1031 1285 1324 1368 quamvis
1373 1279 1704 1346 videamus
1751 1282 2174 1366 magistratus
2218 1278 2455 1344 liberae
2500 1279 2708 1362 reipu-

327 1386 530 1454 blicae
588 1410 714 1453 non
774 1392 998 1474 utique
1058 1409 1122 1454 se
1184 1376 1574 1475 magistratu
1639 1386 1960 1451 abdicasse
2025 1388 2081 1450 si
2126 1384 2345 1471 legem
2393 1386 2704 1449 curiatam

328 1515 455 1558 non
515 1495 837 1561 haberent.
910 1494 1411 1579 Nonnumquam
1473 1495 1645 1558 enim
1699 1493 1819 1557 1100
1867 1492 2109 1557 factum
2153 1512 2288 1556 esse
2331 1489 2588 1556 videtur
2633 1495 2708 1552 ut

329 1600 619 1666 consules
637 1650 653 1679 ,
704 1622 854 1666 cum
897 1600 1031 1688 legi
1076 1604 1355 1666 curiatae
1400 1601 1627 1665 Patres
1674 1600 1983 1664 Auctores
2031 1598 2183 1662 facti
2227 1617 2350 1662 non
2390 1601 2600 1662 essent
2641 1601 2706 1660 et

328 1706 409 1771 ob
456 1727 601 1771 eam
648 1727 905 1772 causam
944 1707 1187 1771 tribuni
1226 1727 1368 1772 eam
1407 1703 1486 1770 ad
1525 1707 1733 1769 curias
1772 1704 1924 1770 ferri
1962 1725 2088 1768 non
2128 1708 2499 1789 paterentur
2535 1706 2708 1786 (post

324 1811 543 1898 legem
587 1813 938 1878 Publiliam
985 1815 1133 1878 anni
1174 1811 1325 1890 339,
1374 1811 1515 1876 Liv.
1566 1810 1628 1875 8.
1662 1809 1766 1876 12.
1799 1807 1903 1888 15,
1953 1829 2112 1895 quae
2161 1811 2358 1873 etiam
2402 1807 2482 1872 ad
2526 1806 2703 1893 leges

327 1921 604 1983 curiatas
682 1921 1063 2004 pertinuisse
1130 1919 1446 1997 videtur),
1518 1922 1734 1982 tamen
1802 1918 2259 2002 magistratum
2326 1917 2702 1991 retinerent3

327 2024 500 2110 quod
546 2027 602 2090 si
647 2045 874 2090 verum
922 2031 1019 2089 est
1045 2021 1099 2105 ⁹)
1118 2073 1134 2102 ,
1174 2025 1244 2088 hi
1282 2023 1572 2089 consules
1592 2071 1610 2101 ‚
1652 2043 1790 2088 rem
1825 2021 2175 2108 militarem
2215 2023 2530 2108 attingere
2568 2041 2706 2106 pro-

324 2131 522 2195 hibiti
549 2128 599 2210 ³)
617 2179 633 2208 ,
682 2130 928 2216 reliquo
975 2151 1239 2195 munere
1286 2151 1400 2194 suo
1448 2129 1770 2216 perfuncti
1816 2150 1951 2194 esse
1999 2135 2064 2194 et
2110 2128 2372 2192 comitia
2409 2126 2706 2192 habuisse

324 2237 649 2302 videntur.
712 2238 811 2302 Ab
851 2256 907 2300 a.
952 2236 1037 2301 56
1078 2235 1365 2300 consules
1406 2238 1745 2321 quotannis
1775 2234 1990 2321 legem
2031 2237 2345 2300 curiatam
2383 2235 2505 2300 sibi
2544 2234 2705 2298 ferre

323 2344 634 2429 prohibiti
682 2348 833 2407 sunt
848 2392 865 2420 ,
916 2349 981 2408 et
1028 2343 1105 2408 ob
1153 2363 1296 2408 eam
1342 2363 1600 2407 causam
1649 2361 1851 2427 neque
1897 2339 2062 2407 bella
2108 2361 2309 2425 neque
2347 2342 2705 2425 provincias

324 2451 598 2534 imperio
645 2448 963 2515 consulari
1008 2448 1451 2513 administrare
1496 2454 1844 2534 potuerunt
1870 2447 1970 2528 ⁴).·
2015 2447 2090 2510 A.
2145 2445 2229 2510 63
2277 2444 2512 2510 Rullus
2549 2444 2705 2509 tulit

323 2563 403 2620 ut
460 2555 805 2622 decemviri
860 2576 1016 2641 quos
1080 2557 1279 2620 creari
1336 2556 1619 2633 iuberet,
1684 2558 1739 2619 si
1801 2553 1904 2619 lex
1967 2555 2210 2618 curiata
2272 2556 2362 2618 eis
2403 2550 2535 2616 lata
2580 2571 2704 2616 non

323 2669 493 2727 esset
510 2710 526 2739 ,
586 2663 779 2726 eodem
825 2660 959 2724 iure
1005 2667 1195 2725 essent
1240 2683 1350 2746 quo
1395 2660 1500 2747 qui
1546 2661 1768 2743 optima
1816 2659 1941 2740 leye
1965 2661 2040 2738 ⁵).
2116 2656 2239 2723 Sed
2283 2658 2436 2722 haec
2485 2659 2700 2722 omnia

322 2770 641 2853 pertinere
696 2768 996 2833 videntur
1057 2767 1136 2831 ad
1196 2766 1321 2832 duo
1382 2766 1617 2832 ultima
1677 2764 1925 2831 saecula
1984 2763 2217 2830 liberae
2281 2762 2665 2848 reipublicae
2683 2809 2701 2840 ,

322 2895 475 2940 cum
536 2877 669 2938 iam
731 2894 959 2958 parum
1019 2871 1263 2938 valeret
1323 2875 1691 2938 Auctoritas
1737 2873 2008 2936 Patrum
2056 2875 2120 2936 et
2167 2877 2494 2935 attenuata
2539 2876 2705 2933 esset

322 2984 425 3046 vis
468 2981 633 3067 legis
678 2983 975 3046 curiatae.
1048 2979 1124 3045 In
1163 2979 1590 3044 sacerdotibus
1631 2987 1798 3044 certe
1837 2977 2002 3043 nihil
2042 2977 2356 3043 eiusmodi
2393 2997 2704 3063 umquam

322 3087 568 3151 factum
630 3095 757 3165 est3
824 3087 893 3151 hi
957 3090 1181 3171 utique
1251 3085 1677 3151 sacerdotium
1746 3085 1916 3170 quod
1984 3105 2172 3170 aegre
2243 3089 2706 3171 usurpaverant

324 3195 754 3280 deposuerunt
814 3196 869 3257 si
929 3192 1322 3259 confirmatio
1384 3191 1732 3258 deficiebat.
1805 3191 2027 3277 Neque
2057 3261 2065 3272 ,
2090 3191 2361 3257 dubium
2408 3197 2502 3256 est
2551 3193 2705 3275 quin

326 3385 447 3395 ᾳ...-

396 3489 447 3554 1)
480 3489 565 3538 cfr.
606 3490 873 3538 Mommsen
910 3489 1112 3538 Stator.
1150 3487 1179 3534 8
1212 3501 1319 3552 pag.
1354 3487 1479 3536 8181
1526 3485 1614 3536 uda
1651 3484 1807 3535 1811088
1840 3484 1924 3534 der
1961 3489 2052 3534 Act
2089 3522 2100 3535 .
2122 3523 2162 3534 ..
2201 3483 2466 3551 {ibethaupt
2500 3497 2594 3534 nur
2629 3477 2706 3534 be·

320 3571 603 3620 atarkcndcr
647 3575 737 3620 Art
784 3572 873 3630 ist,
910 3587 961 3620 8ο
995 3571 1058 3620 ist
1090 3586 1143 3619 81·
1194 3569 1425 3619 reohtlioh
1472 3568 1608 3618 nicht
1653 3568 1790 3618 mehr
1838 3568 1907 3617 818
1955 3568 2059 3617 81118
2103 3566 2393 3617 8011881ιίίὲ1
2443 3567 2537 3616 und
2571 3567 2704 3616 nicht

322 3653 577 3717 cigentlich
612 3653 717 3702 8188
758 3652 1170 3716 Vereinbarung”;
1218 3657 1267 3700 et
1298 3651 1412 3700 ibid.
1456 3653 1479 3701 1
1518 3667 1622 3717 pag.
1662 3650 1790 3700 611:
1831 3650 1930 3700 nala
1965 3649 2277 3714 cigentlichar
2312 3647 2700 3706 Volknbeschluss

320 3737 432 3785 dart
476 3752 529 3784 er
578 3735 713 3785 nicht
765 3736 1014 3799 aufgcfasst
1070 3735 1286 3791 werden,
1332 3734 1505 3783 sonder
1550 3732 1785 3782 vielmehr
1833 3733 1904 3781 818
1949 3732 2055 3780 8188
2090 3731 2478 3796 Vcrpflicbtnng,
2517 3731 2594 3780 die
2623 3731 2700 3780 dic

322 3819 663 3884 Biirgerscbaft
706 3820 813 3867 dem
858 3817 1330 3881 verfassnngsmiissig
1364 3817 1439 3867 188
1471 3815 1618 3866 Ambt
1654 3816 1908 3880 gelangten
1947 3815 2206 3864 Bcambten
2241 3815 2376 3864 nicht
2412 3813 2699 3878 verweigorn

320 3900 497 3952 kann”.
551 3902 679 3950 Mihi
728 3905 885 3950 tamen
922 3899 1235 3949 dubitandum
1272 3915 1367 3949 808
1402 3915 1499 3948 8888
1534 3898 1742 3958 videtur,
1777 3899 1892 3963 quin
1927 3913 1982 3946 88
2017 3898 2162 3947 fuerit
2198 3897 2325 3946 iusta
2356 3896 2431 3945 lcx
2466 3911 2607 3960 qnam
2642 3897 2700 3945 de

320 3997 405 4034 8110
439 3983 642 4050 imperio
678 3997 812 4048 reges
846 3983 1091 4046 rugabant.
1127 4011 1193 4019 —
1236 3983 1287 4042 2)
1322 3982 1419 4030 Cic.
1459 3982 1549 4045 188.
1584 3997 1687 4045 agr.
1725 3981 1870 4030 212.
1895 3981 1989 4029 30:
2031 3977 2329 4030 »consulibus
2363 3977 2514 4042 188818
2549 3977 2701 4028 011118-

320 4070 419 4117 tam
466 4046 726 4116 ferentibus
773 4081 800 4114 8
842 4064 1051 4115 tribuni·
1096 4063 1249 4130 plebia
1291 4079 1429 4129 saepe
1462 4068 1533 4114 cat
1568 4063 1940 4122 intercesanm”;
1979 4063 2074 4112 vid.
2110 4063 2350 4111 Mnemon.
2383 4061 2558 4110 XVIII
2593 4076 2699 4127 pag.

321 4150 419 4200 280
466 4151 571 4199 adn.
608 4151 654 4199 8.
706 4149 796 4197 Sed
845 4163 953 4196 01118
1000 4147 1167 4197 Cicero
1215 4163 1309 4196 808
1354 4148 1505 4207 dicat,
1552 4147 1629 4196 1118
1677 4144 1946 4196 consulibus
1989 4145 2296 4194 intercessum
2342 4159 2440 4194 8888
2473 4159 2581 4194 cum
2612 4144 2704 4204 siba

316 4233 467 4299 188881
502 4236 749 4295 rogarent,
786 4231 893 4280 fieri
928 4235 1082 4295 potest
1116 4234 1168 4279 ut
1202 4231 1435 4294 significet
1468 4230 1725 4295 aliquando
1761 4227 1982 4278 accidisse
2009 4231 2064 4277 ut
2092 4226 2308 4276 00888108
2335 4226 2515 4275 frustra
2545 4225 2698 4289 1888111

320 4317 445 4365 ferre
477 4320 767 4365 conarentur
799 4312 1156 4378 magistratibus
1187 4312 1465 4377 quibusdam
1500 4311 1910 4362 extraordinariis.
1947 4337 2012 4348 —
2049 4311 2103 4374 8)
2141 4311 2377 4360 Mnemos.
2397 4309 2572 4358 XVIII
2591 4325 2697 4374 pag.

323 4397 421 4447 224
453 4399 558 4447 adn.
596 4399 643 4446 8.
679 4423 742 4432 —-
774 4398 829 4456 4)
870 4395 1103 4444 Mnemon.
1142 4395 1314 4444 XVIII
1348 4411 1452 4460 pag.
1489 4397 1587 4444 230
1607 4411 1706 4459 sqq.
1749 4419 1816 4432 -
1851 4396 1905 4458 5)
1941 4394 2036 4442 Cic.
2076 4393 2165 4457 188.
2204 4407 2306 4457 agr.
2344 4391 2595 4442 2.11.29.
