3192 5009
1156 328 1239 377 ns
1282 328 1432 375 mm:
1476 325 1758 374 nomo.
2517 305 2644 373 181

264 498 537 564 arbitrio
584 519 697 584 pro
748 498 914 562 socio
956 492 1279 582 petiisset!
1326 493 1549 579 Neque
1593 494 1684 557 sic
1731 496 1946 557 tamen
1993 493 2156 557 vitio
2191 493 2423 571 vertit,
2465 494 2648 578 quasi

262 626 401 671 non
468 603 755 669 licuisset
822 602 901 668 ab
973 602 1235 667 arbitrio
1302 602 1571 665 transire
1643 598 1722 664 ad
1791 598 2106 663 iudicium
2123 646 2140 677 ‚
2206 598 2370 664 nihil
2429 601 2648 687 arguit

260 716 521 798 praeter
564 708 1063 775 immodestiam.
1120 707 1313 771 Ceteri
1357 730 1535 792 quum
1580 708 1666 771 ad
1710 705 1966 770 iudicem
2008 728 2245 770 caueam
2282 706 2648 792 labefactari

266 817 777 893 animadvertunt,
824 817 910 879 ad
951 814 1239 878 arbitrum
1284 812 1648 899 confuqinmt
1662 861 1680 890 ‚
1727 812 1828 875 hic
1872 812 1944 875 ab
1990 812 2216 877 arbitro
2261 814 2347 876 ad
2389 813 2645 877 iudicem

265 923 477 989 venire
522 930 608 987 cst
652 944 833 987 aucus
872 927 1011 1008 (pro
1050 919 1121 1001 Q.
1162 920 1387 986 Roscio
1426 941 1478 984 c.
1522 920 1563 983 4
1606 921 1642 1005 ς
1671 917 1801 1000 13).
1851 917 2312 999 Quamobrem,
2353 922 2646 986 siminus

258 1030 463 1097 licere
510 1030 696 1096 debet
742 1030 835 1106 ei,
885 1030 991 1093 cui
1039 1029 1249 1092 maius
1287 1028 1690 1112 permittitur
1701 1046 1717 1104 3
1758 1027 1970 1091 maius
2009 1031 2107 1091 est
2146 1032 2364 1093 autem
2403 1026 2482 1093 ab
2519 1048 2648 1092 una

262 1136 551 1204 formula
620 1138 889 1201 transire
957 1152 1141 1219 posse
1210 1132 1291 1199 ad
1362 1131 1632 1198 alteram
1648 1181 1666 1210 ‚
1729 1152 1924 1219 quam
1990 1133 2067 1198 ab
2130 1135 2316 1199 initio
2375 1132 2646 1199 alteram

261 1244 543 1333 eligere;
608 1248 775 1308 certe
836 1243 1065 1307 actoris
1126 1246 1223 1305 est
1280 1244 1560 1304 statuere
1576 1287 1593 1317 ,
1651 1244 1798 1303 utra
1841 1237 2029 1304 malit
2075 1241 2350 1325 experiri
2368 1288 2384 1317 ‚
2431 1240 2501 1305 id
2549 1246 2648 1306 est

258 1350 375 1417 vel
435 1371 548 1437 pro
594 1350 759 1415 socio
804 1348 1121 1413 iudicium
1166 1345 1273 1411 vel
1318 1352 1559 1412 certam
1607 1344 1845 1411 dictare
1890 1344 2239 1411 formulam
2285 1352 2475 1431 prout
2521 1346 2648 1412 sibi

258 1460 481 1545 magis
550 1455 844 1541 expedire
902 1454 1361 1519 aestimaverit.
1424 1450 1648 1537 Neque
1711 1456 1966 1516 tantum
2030 1448 2249 1519 Cicero
2310 1452 2505 1517 huius
2552 1454 2644 1518 rei

258 1566 451 1630 testis
519 1570 649 1639 est,
722 1567 820 1627 est
888 1565 1214 1647 praeterea
1274 1557 1517 1623 Paulus
1576 1560 1648 1623 in
1709 1556 1754 1622 1.
1805 1556 1892 1623 28
1941 1558 2044 1644 §4
2091 1557 2171 1623 D.
2224 1557 2328 1623 12.
2355 1558 2398 1623 2
2448 1559 2531 1640 (ci
2577 1559 2644 1623 ob

260 1672 555 1735 actionem
591 1667 863 1732 mandati
882 1715 899 1746 ‚
938 1666 1305 1749 ncyom'orum
1333 1670 1633 1747 pectorum
1653 1714 1669 1742 ,
1709 1664 2012 1729 societatis
2053 1670 2386 1750 ceterasque
2420 1665 2646 1729 similes

256 1776 681 1841 iusiurandum
722 1780 987 1837 exactum
1023 1774 1124 1850 sit,
1167 1771 1385 1837 deinde
1421 1793 1493 1835 ea·
1530 1770 1742 1835 iisdem
1780 1770 1976 1834 causis
2015 1776 2234 1835 certum
2270 1771 2643 1851 condicatur)

254 1886 425 1949 item
462 1880 775 1967 Ulpianus
809 1878 854 1945 l.
877 1878 915 1943 5
956 1878 1036 1945 D.
1064 1876 1171 1942 44.
1197 1877 1240 1942 2
1277 1877 1359 1958 (εἰ
1395 1876 1529 1963 quis
1564 1876 1841 1941 mandati
1875 1884 2120 1941 acturus
2158 1900 2286 1941 cum
2334 1876 2393 1941 ei
2437 1879 2646 1941 adver-

254 1988 464 2053 sarius
501 1986 951 2067 (vadimonium)
980 1983 1371 2069 promisisset,
1400 1988 1658 2067 propter
1695 1984 1937 2047 eandem
1973 2006 2094 2047 rem
2115 1991 2259 2065 aqut
2279 1983 2644 2066 mqobiormn

249 2102 555 2178 qectorum
600 2093 697 2157 vel
735 2092 1033 2172 condicat)
1072 2096 1137 2156 et
1175 2112 1395 2155 rursus
1430 2092 1499 2155 in
1537 2090 1899 2177 fragmento
1940 2089 2017 2156 de
2058 2093 2215 2157 certi
2251 2090 2642 2157 condictione

258 2202 333 2281 (l.
387 2198 427 2265 9
491 2221 585 2285 pr.
635 2198 714 2263 D.
770 2198 874 2263 12.
906 2196 979 2261 1:
1043 2196 1183 2261 licet
1232 2244 1427 2261 .....
1476 2196 1644 2261 nobis
1705 2218 1776 2261 ea·
1837 2196 1998 2259 omni
2058 2204 2364 2261 contractu
2424 2204 2639 2261 certum

260 2306 617 2385 condicere).
674 2303 897 2390 Itaque
944 2306 1209 2369 testium
1253 2303 1445 2368 verba
1492 2305 1911 2369 excutiamus.
1958 2302 2218 2369 Primus
2261 2306 2349 2369 sit
2397 2302 2639 2372 Cicer0.

258 2417 328 2482 Is
376 2413 635 2499 quidem
684 2410 960 2477 ostendit
996 2431 1182 2496 saepe
1220 2410 1583 2475 factitatum
1603 2458 1620 2487 ,
1660 2413 1736 2475 ut
1774 2416 1943 2477 certa
1982 2410 2259 2477 formula
2295 2416 2638 2498 peteretur,

258 2519 433 2607 quod
497 2540 576 2584 ex
634 2517 919 2584 mandati
965 2537 1153 2582 causa
1202 2516 1491 2581 debitum
1538 2522 1706 2582 esset
1749 2515 1854 2582 vel
1901 2520 2239 2583 societatis.
2309 2516 2434 2583 Sed
2479 2539 2639 2583 num

258 2631 403 2693 iure
471 2621 877 2691 factitatum?
946 2622 1216 2689 Strenue
1288 2629 1578 2710 negatur.
1653 2619 1908 2689 Certam
1971 2625 2308 2709 pecuniam
2367 2625 2460 2690 ita
2505 2626 2639 2710 peti

255 2754 443 2821 posse
490 2734 582 2797 ait
600 2780 617 2809 ,
682 2733 737 2795 si
782 2736 890 2794 aut
946 2732 1093 2793 data
1110 2778 1126 2807 ‚
1176 2737 1285 2793 aut
1332 2751 1588 2813 expensa
1633 2730 1797 2809 lata,
1845 2736 1952 2793 aut
1994 2729 2291 2813 cbipulata
2335 2730 2418 2793 sit
2463 2736 2542 2812 (c.
2596 2729 2635 2795 5

256 2839 458 2927 514).
533 2837 758 2923 Itaque
830 2842 1169 2922 postquam
1229 2835 1692 2901 demonstravit
1749 2857 1953 2922 neque
2014 2836 2257 2903 dedisse
2319 2836 2637 2903 Fannium

254 2967 465 3033 neque
526 2964 877 3030 expensum
929 2941 1155 3008 tulisse
1203 2942 1359 3007 duas
1406 2942 1529 3007 sibi
1576 2946 1788 3029 partes
1835 2964 2057 3009 causae
2105 2943 2415 3010 confectas
2463 2966 2598 3011 esse
2617 2995 2634 3025 ,

256 3055 351 3118 ait
413 3058 493 3131 (c.
544 3051 585 3114 4
649 3048 846 3135 513).
910 3046 1049 3113 Iam
1111 3068 1262 3113 vero
1280 3098 1296 3126 ,
1345 3070 1549 3135 quum
1594 3048 1769 3114 haud
1812 3052 2024 3135 magis
2070 3049 2455 3136 stipulatum
2503 3072 2638 3117 esse

256 3162 538 3234 constet,
600 3156 793 3221 finem
856 3156 912 3219 si
976 3154 1168 3220 faciat
1215 3154 1463 3221 dicendi
1482 3204 1498 3233 ‚
1547 3155 2008 3222 absolvendum
2055 3155 2290 3223 clamat
2333 3156 2636 3225 Roscium

255 3272 339 3345 (c.
389 3261 428 3327 5
478 3265 515 3349 ξ
544 3261 676 3342 14).
726 3260 963 3343 Quidni
1009 3263 1217 3348 igitur
1256 3260 1621 3348 peroravit?
1663 3261 1832 3328 Nam
1869 3262 2090 3329 nullus
2129 3264 2386 3330 videtur
2424 3286 2638 3352 super-

255 3390 391 3437 esse
428 3368 626 3434 locus.
667 3368 755 3433 At
794 3370 1085 3453 sequitur
1121 3372 1314 3431 oratio
1358 3368 1702 3433 voluntaria
1719 3418 1735 3447 ,
1781 3391 1977 3455 quam
2000 3376 2296 3457 potuerat
2317 3374 2633 3452 omittere,

254 3479 310 3541 si
355 3474 423 3540 id
470 3479 726 3539 tantum
766 3473 888 3538 sibi
924 3476 1355 3559 proposuisset
1372 3522 1389 3552 ,
1432 3480 1507 3539 ut
1544 3496 1624 3540 ex
1663 3460 1977 3541 formulae
2013 3476 2256 3563 laqueis
2297 3481 2636 3545 extricaret

254 3580 575 3649 clientem.
637 3578 737 3645 Ex
801 3579 1149 3645 abundanti
1211 3580 1607 3646 demonstrat
1623 3629 1640 3659 ,
1703 3580 1870 3646 nihil
1928 3602 2062 3647 esse
2123 3583 2292 3668 quod
2353 3582 2634 3651 Fannius

256 3708 656 3775 quacumque
715 3685 990 3752 formula
1034 3706 1071 3751 a
1114 3684 1343 3752 Roscio
1392 3693 1606 3773 petere
1652 3690 1888 3774 possit,
1939 3695 2014 3753 ut
2057 3710 2183 3754 non
2231 3694 2488 3755 tantum
2533 3713 2634 3758 res

260 3794 371 3861 sed
416 3796 612 3859 etiam
656 3793 820 3858 bona
864 3795 1255 3859 existimatio
1291 3792 1542 3859 clientis
1580 3794 1761 3860 salva
1799 3796 1886 3859 sit
1925 3800 2005 3875 (c.
2049 3794 2088 3859 5
2130 3794 2326 3881 §15).
2375 3795 2634 3864 Scilicet

256 3899 586 3965 metuebat
602 3947 619 3978 ‚
706 3904 781 3963 ut
846 3898 1040 3963 iudex
1110 3897 1421 3964 formulae
1490 3902 1947 3985 proprietatem
2015 3904 2108 3967 ita
2179 3907 2460 3980 curaret,
2534 3907 2635 3969 uti

260 4024 478 4071 curare
517 4005 613 4069 fas
651 4010 837 4071 esset.
878 4003 1037 4069 Fore
1078 4004 1337 4070 videbat
1355 4053 1371 4082 ‚
1411 4011 1488 4070 ut
1524 4004 1826 4084 Fannius,
1854 4008 2151 4092 quamvis
2173 4006 2342 4073 male
2367 4014 2628 4093 peteret,

258 4116 475 4178 tamen
536 4114 820 4197 superior
878 4111 1115 4176 iudicio
1162 4110 1456 4176 evaderet
1473 4159 1490 4189 ,
1539 4111 1888 4179 dummodo
1932 4113 2131 4178 iudici
2179 4116 2629 4199 persuasisset,

259 4219 595 4303 pecuniam
640 4217 763 4282 sibi
809 4215 1023 4282 deberi
1040 4264 1057 4295 ,
1107 4216 1299 4282 verba
1346 4222 1597 4304 captare
1637 4217 1957 4284 Roscium.
2008 4217 2176 4284 Hinc
2214 4218 2330 4284 lux
2367 4218 2634 4309 affulget

258 4322 447 4389 Pauli
492 4330 557 4389 et
600 4322 861 4409 Ulpiani
904 4325 1287 4389 testimoniis
1333 4322 1401 4404 (1.
1451 4323 1539 4389 28
1588 4326 1692 4411 §4
1741 4324 1820 4389 D.
1873 4324 1976 4390 12.
2004 4324 2081 4405 2;
2128 4325 2172 4391 1.
2218 4324 2256 4391 5
2297 4326 2374 4392 D.
2405 4328 2511 4406 44,
2540 4327 2629 4410 2).

260 4428 630 4497 Committit
689 4431 793 4495 ius
855 4427 1138 4495 solemne
1156 4478 1173 4506 ‚
1240 4431 1351 4517 qui
1398 4438 1568 4497 certa
1616 4430 1894 4497 formula
1941 4437 2152 4519 petat,
2200 4432 2364 4519 quod
2415 4440 2630 4521 petere
