3192 5009
464 251 595 323 392
1398 271 1891 324 Amsrornmns.

461 441 739 507 defendit
784 440 1043 506 dicendo
1062 491 1079 520 ,
1126 442 1288 507 hanc
1334 463 1468 508 esse
1515 445 1838 528 parietum
1875 441 2147 507 alicuius
2186 439 2552 526 perfossoris
2591 437 2830 506 calum—

457 551 631 614 niam
649 598 666 627 ,
738 550 850 635 qui
913 550 984 612 in
1046 548 1235 615 domo
1296 549 1573 635 quodam
1633 552 1838 636 ipsius
1903 548 2304 636 providentia
2350 549 2564 614 omnia
2609 547 2829 614 clausa

458 657 807 742 reperiens,
856 654 1023 720 nihil
1069 655 1265 721 fiirari
1311 658 1627 744 potuisset
1643 678 1660 735 ;

474 753 477 758 ¹
728 761 817 840 μή
870 784 1003 839 νυν,
1050 763 1296 847 inquit,
1347 764 1590 839 μελέτω
1639 786 1728 828 σοι
1777 763 1983 840 μηδέν,
2032 764 2110 834 ώς
2161 761 2268 826 ἐὰν
2317 761 2464 842 γένῃ

728 869 873 948 ἀνὴρ
920 867 1215 946 πρόθυμος
1267 869 1508 940 αὐτὸς
1558 871 1618 941 ἐς
1668 869 1752 934 τοὶ
1800 869 2162 949 πράγματα

726 973 1025 1051 βλέποντ’
1074 972 1374 1050 ἀποδείξω
1425 974 1483 1038 σ’
1531 974 1806 1056 ὀξύτερον
1852 979 1958 1041 τοῦ
2010 973 2327 1052 Λυγκέως.

453 1079 813 1145 Pronomen
870 1079 1055 1154 αὐτός
1119 1083 1186 1146 vi
1246 1086 1415 1147 caret
1476 1087 1540 1147 et
1601 1084 1712 1148 vix
1765 1103 1995 1148 sanum
2041 1087 2169 1159 est,
2220 1099 2346 1166 qua
2389 1080 2455 1143 in
2504 1098 2572 1143 re
2619 1096 2824 1144 assen-

451 1188 719 1251 tientem
763 1186 964 1252 habeo
1002 1185 1437 1273 Blaydesium.
1475 1187 1658 1252 Nihil
1694 1210 1844 1254 vero
1885 1186 2062 1253 aliud
2100 1188 2296 1253 latere
2334 1184 2592 1250 videtur
2629 1203 2823 1269 quam

455 1314 500 1355 οι
516 1287 551 1356 ὖ
571 1293 599 1355 0
618 1315 637 1356 ι
655 1317 684 1365 ς
705 1341 724 1371 ,
788 1294 979 1357 denuo
1040 1297 1142 1373 <ut
1204 1294 1513 1374 antehac),
1578 1314 1738 1380 quae
1802 1294 2082 1360 confusio
2145 1313 2339 1378 quam
2400 1293 2488 1356 sit
2532 1289 2824 1375 frequens

452 1399 641 1484 pauci
682 1400 1000 1486 ignorant.

540 1599 718 1668 Plut.
768 1599 899 1668 537
922 1623 1055 1688 sqq.

538 1711 790 1790 Φθειρῶν
814 1707 1135 1790 δ’ώριθμὸν
1177 1709 1313 1774 καὶ
1356 1708 1733 1775 κωνώπων
1773 1711 1908 1774 καὶ
1951 1715 2278 1791 ψυλλῶν
2318 1707 2449 1773 οὐδὲ
2476 1705 2645 1785 λέγω
2673 1729 2765 1772 σοι

542 1816 658 1882 ὑπὸ
702 1821 810 1882 τοῦ
857 1817 1155 1896 πλήθους,
1203 1809 1273 1882 αἳ
1316 1817 1680 1897 βομβοῦσαι
1729 1818 1859 1899 περὶ
1911 1819 2019 1892 τὴν
2065 1817 2351 1897 κεφαλὴν
2399 1817 2639 1881 ἀνιῶσιν

540 1923 963 2002 ἐπεγείρουσαι
1010 1924 1113 1988 καὶ
1162 1924 1508 2005 Φρώζουσωι
1534 1947 1548 1962 ·
1603 1928 1996 2002 „Remitten-
2046 1922 2195 1988 ἀλλ’
2246 1922 2680 1987 ἐπανίστω.

449 2027 700 2094 Ψύλλαι
750 2029 1111 2108 βομβοῦσαι
1161 2032 1292 2111 περὶ
1342 2033 1450 2107 τὴν
1497 2033 1782 2111 κεφαλὴν
1829 2037 1964 2095 tam
2001 2031 2259 2117 egregie
2299 2028 2605 2095 absurdae
2643 2031 2817 2104 sunt,

447 2141 523 2200 ut
566 2135 672 2200 hic
715 2133 893 2201 locus
940 2156 1129 2201 sanus
1174 2157 1309 2202 esse
1354 2143 1644 2223 nequeat.
1707 2135 1876 2204 Cum
1920 2157 2068 2202 vero
2115 2137 2482 2222 saepissime
2530 2134 2818 2199 observa-

447 2245 591 2306 tum
650 2243 737 2305 sit
797 2239 1073 2308 Graecos
1134 2242 1210 2308 de
1272 2242 1686 2323 animalibus,
1750 2246 1950 2309 etiam
2009 2242 2122 2307 ubi
2183 2241 2364 2308 nulla
2417 2261 2604 2308 sexus
2648 2241 2814 2303 ratio

443 2343 773 2425 habeatur,
835 2369 1021 2434 saepe
1080 2347 1373 2414 adhibere
1432 2371 1638 2437 genus
1691 2351 2073 2415 femininum
2091 2397 2107 2427 ,
2170 2353 2380 2416 nescio
2428 2369 2508 2414 an
2554 2366 2680 2411 non
2729 2347 2815 2410 sit

442 2455 679 2518 nimiae
724 2453 1021 2520 audaciae
1066 2457 1373 2540 suspicari
1418 2460 1768 2543 genuinam
1815 2461 2036 2542 poetae
2085 2477 2352 2522 manum
2400 2474 2570 2521 esse:

531 2559 784 2641 Φθειρῶν
830 2559 882 2624 δ’
928 2559 1179 2640 ἀριθμὸν
1238 2563 1373 2626 καὶ
1436 2565 1765 2642 ψυλλῶν
1828 2563 1962 2629 καὶ
2022 2563 2400 2630 κωνώπων
2463 2561 2594 2627 οὐδὲ
2642 2559 2811 2635 λέγω

2265 2681 2274 2690 ’
2517 2669 2636 2750 [σοι
2681 2666 2815 2730 κτὲ.

440 2791 715 2857 eumque
774 2773 1115 2838 verborum
1166 2773 1452 2838 ordinem
1499 2797 1649 2841 cum
1694 2779 1885 2864 gravi
1931 2781 2282 2845 sententiae
2329 2777 2557 2843 damno
2603 2776 2813 2838 muta—

438 2884 583 2944 tum
629 2899 763 2944 esse
810 2880 888 2944 ab
934 2879 1147 2965 aliquo
1194 2883 1307 2966 qui
1353 2885 1568 2961 κώνωψ
1617 2883 1769 2949 alibi
1815 2885 2154 2951 masculini
2198 2887 2450 2974 generis
2496 2902 2631 2947 esse
2677 2899 2809 2943 me-

437 2986 748 3050 minisset.
802 3023 885 3032 —
933 2985 1007 3050 In
1069 2987 1375 3052 ἐπανίστω
1442 3011 1555 3074 pro
1616 2991 1842 3055 οὶνίστω
1903 2993 2110 3059 haesit
2173 2991 2450 3078 Blaydes
2496 2989 2810 3055 coniciens

437 3091 550 3169 azy·
620 3092 865 3156 ἀνίστω.
937 3093 1153 3158 Possis
1222 3097 1418 3159 etiam
1487 3095 1714 3163 collato
1784 3097 1900 3184 Eq.
1955 3097 2083 3165 784
2154 3101 2432 3166 conicere
2499 3093 2806 3160 ἐπανίστω

434 3201 660 3262 natum
703 3219 840 3263 esse
887 3219 965 3263 ex
1013 3198 1340 3280 ἐπαναίρου
1387 3207 1453 3266 et
1498 3207 1922 3290 superscripto
1968 3205 2355 3293 glossemate
2405 3205 2652 3271 ἀνίστω.

523 3397 697 3463 Plut.
738 3397 869 3464 858
894 3421 984 3485 sq.
1036 3399 1107 3465 In
1146 3404 1573 3488 sycophantae
1592 3455 1610 3484 ,
1651 3411 1761 3492 qui
1802 3411 2016 3474 omnia
2055 3431 2170 3474 sua
2191 3407 2568 3495 perdiderat,
2595 3404 2806 3469 verbis

704 3503 806 3569 διὰ
852 3505 955 3570 τὸν
1002 3509 1127 3574 θεὸν
1175 3514 1403 3589 τοῦτον,
1454 3511 1556 3576 τὸν
1606 3513 1884 3590 ἐσόμενον
1933 3515 2170 3598 τυφλὸν

702 3611 897 3676 πάλιν
943 3608 1146 3691 αὖθις,
1194 3616 1376 3696 ἥνπερ
1424 3620 1511 3695 μὴ
1561 3621 2030 3686 ’πιλίπωσιν
2078 3623 2142 3686 αἱ
2191 3621 2352 3686 δίκαι)

431 3719 646 3783 verius
708 3719 873 3782 mihi
938 3720 1196 3786 videtur
1256 3725 1578 3790 ’πιλίπωσί
1621 3729 1714 3804 μ’,
1762 3729 1871 3793 sed
1916 3728 2063 3814 plus
2109 3729 2348 3794 offendo
2395 3730 2463 3791 in
2511 3725 2805 3810 sequenti

429 3823 595 3890 Iusti
641 3828 956 3890 oratione:
1400 3829 1409 3840 ’

699 3932 819 4010 ἐγὼ
869 3933 1089 4011 σχεδὸν
1135 3934 1205 3999 τὸ
1247 3941 1525 4015 πρᾶγμα.
1573 3940 1938 4017 γιγνώσκειν
1986 3939 2153 4005 δοκῶ.

697 4039 1243 4121 προσέρχεται
1293 4041 1447 4122 γώρ
1496 4067 1622 4118 τις
1669 4053 1929 4118 κακῶς
1978 4046 2344 4128 πράττων
2391 4046 2616 4125 ἀνήρ·

698 4141 853 4208 ἔοικε
898 4143 953 4210 δ’
1002 4141 1155 4210 εἶναι
1200 4151 1306 4210 τοῦ
1356 4153 1606 4229 πονηροῦ
1653 4151 2012 4230 κόμματος,

424 4248 493 4310 in
558 4268 684 4332 qua
747 4249 1093 4316 admodum
1153 4251 1419 4340 languet
1478 4276 1701 4322 versus
1763 4259 2108 4337 secundus,
2172 4261 2320 4344 quia
2381 4255 2797 4342 respondetur

426 4349 681 4419 Carioni
730 4353 998 4422 dicenti:
