3192 5009
1379 359 1625 410 mnus.
2551 335 2681 404 409

407 524 522 605 IX,
573 525 660 592 30
727 527 810 600 είς
871 527 1064 592 τοίνυν
1127 527 1212 593 τα
1273 527 1406 608 ίερα
1467 529 1496 594 ὃ
1560 528 1769 608 πατὴρ
1832 527 1859 593 ὅ
1924 525 2069 604 ἐμὸς
2130 527 2232 592 τὸν
2297 521 2684 605 Ἀστύφιλον

304 633 514 698 παῖδα
587 627 702 710 ἥγε
773 633 912 711 μεθ’
983 635 1200 699 ἑαυτοῦ
1271 632 1470 715 ὥσπερ
1537 634 1645 700 καὶ
1718 635 1829 711 ἐμὲ
1900 641 2229 715 πανταχῆ.
2306 631 2516 698 Immo
2580 630 2682 695 τὸν

308 738 699 818 Ἀστύφιλον
747 739 950 805 παῖδα
1001 739 1262 818 (dura).

405 843 520 923 IX,
564 843 650 910 32
690 845 924 912 excidit
939 895 956 924 ,
999 852 1076 912 ut
1111 849 1480 932 saepissime
1517 848 1637 912 hoc
1672 849 1741 912 iu
1762 846 1944 912 libris
1970 845 2519 931 deprehendimus,
2547 863 2686 929 par-

309 950 514 1016 ticula
567 952 700 1029 μὲν,
764 973 959 1038 quam
1001 955 1206 1018 insere
1251 955 1319 1018 in
1366 954 1576 1019 verbis
1622 953 1752 1018 ἐπεὶ
1803 953 2038 1024 τούτοις
2077 977 2157 1029 γε
2195 952 2328 1018 οὐδὲ
2368 952 2686 1029 προσποιὴ-

307 1058 538 1122 σασθαι
603 1059 791 1124 καλὸν
852 1053 917 1133 ἦν
978 1065 1092 1124 τῶν
1153 1059 1574 1140 ’Λστυφίλου,
1641 1056 1851 1132 οἵτινες
1918 1055 2070 1124 οὕτω
2136 1058 2347 1142 (μὲν)
2398 1057 2682 1122 διέκειντο

309 1163 458 1241 πρὸς
504 1163 709 1242 αὐτὸν,
757 1165 842 1230 τοὶ
890 1165 951 1230 δὲ
1000 1167 1155 1230 δστᾶ
1203 1167 1309 1230 ούκ
1355 1165 1599 1244 ἔθαψαν
1648 1167 1779 1231 κτὲ.

404 1269 520 1348 ΧΙ,
567 1271 610 1336 2
659 1271 764 1336 ἐὰν
812 1271 875 1337 δὲ
921 1273 1024 1336 καὶ
1074 1276 1242 1338 τοῦτ’
1293 1273 1566 1354 ἐκλείπῃ.
1618 1273 1737 1338 Est
1784 1272 2027 1359 aliquid
2064 1275 2234 1338 inter
2272 1272 2578 1337 ἐκλείπειν
2619 1275 2684 1337 et

309 1375 639 1455 ἐλλείπειν,
687 1378 855 1464 quod
901 1379 1332 1464 reponendum
1371 1379 1434 1444 h.
1458 1378 1528 1458 L,
1577 1378 1891 1446 clamante
1938 1381 2268 1445 sententia.

1223 1531 1757 1614 (continuatim).

980 1922 1065 1969 An
1112 1922 1467 1972 Pnuunon.
1517 1923 1751 1982 mom.
1788 1903 1933 1972 ,347
1962 1923 2017 1972 o.

400 2087 480 2150 Οἱ
535 2085 597 2151 δὲ
644 2093 923 2152 πλεῖστοι
974 2087 1258 2163 λέγουσιν
1304 2087 1557 2154 Εὖκλέα
1607 2084 1918 2164 δραμόντα
1969 2088 2077 2152 σὺν
2124 2095 2249 2158 τοῖς
2298 2086 2507 2158 ὅπλοις
2557 2089 2677 2168 θερ-

303 2178 420 2254 μὸν
471 2178 595 2242 ἀπὸ
642 2187 751 2250 τῆς
793 2177 1014 2259 μάχης
1053 2179 1156 2242 καὶ
1198 2187 1338 2250 ταῖς
1382 2181 1582 2259 θύραις
1636 2177 1986 2253 ἐμπεσόντα
2012 2182 2129 2243 τῶν
2154 2180 2397 2258 πρώτων
2428 2184 2678 2244 τοσοῦτο

304 2266 486 2342 μόνον
547 2269 738 2333 εἰπεῖν
805 2271 1102 2348 ,,χαίρετε
1165 2271 1270 2335 καί
1333 2270 1699 2349 χαίρομεν,”
1768 2265 1881 2334 εἶτ’
1944 2271 2114 2342 εὐθὺς
2164 2271 2512 2335 ἐκπνεῦσαι.
2584 2269 2679 2335 De

307 2361 535 2424 nuntio
612 2361 829 2446 agitur
846 2410 861 2438 ‚
944 2363 1054 2446 qui
1129 2360 1506 2426 Marathone
1583 2361 1865 2426 Athenas
1943 2364 2306 2447 properavit
2325 2411 2341 2439 ,
2412 2368 2486 2425 ut
2546 2364 2679 2426 suis

309 2449 720 2536 popularibus
764 2450 1150 2536 praeclaram
1197 2455 1536 2518 victoriam
1583 2455 1927 2518 nuntiaret.
1976 2454 2257 2518 Putasne
2304 2451 2495 2517 illum
2542 2458 2681 2517 tam

308 2540 508 2607 stulte
554 2540 849 2607 locutum
897 2563 1030 2608 esse
1077 2542 1336 2623 χαίρετε
1383 2543 1486 2608 καὶ
1535 2540 1880 2622 χαίρομενί
1928 2541 2199 2608 Offendit
2241 2564 2422 2608 aures
2456 2541 2679 2610 Oobeli

311 2629 604 2713 (Collect.
667 2635 834 2712 crit.)
893 2636 1020 2698 ista
1081 2635 1376 2699 dictionis
1436 2633 1797 2709 insulsitas,
1870 2655 2065 2721 quam
2136 2633 2357 2702 tollere
2417 2640 2679 2699 conatus

310 2729 406 2789 est
473 2724 892 2789 coniiciendo:
955 2724 1211 2805 χαίρετε
1275 2731 1547 2800 νικῶμεν.
1610 2725 1897 2790 Eandem
1960 2746 2097 2791 rem
2157 2731 2406 2791 mutato
2469 2727 2680 2789 nuntii

306 2817 564 2879 nomine
624 2821 835 2880 narrat
895 2814 1215 2880 Lucianus
1261 2838 1382 2898 pro
1445 2815 1624 2898 lapsu
1685 2815 1753 2879 in
1810 2817 2132 2880 salutando
2196 2815 2298 2902 §3
2346 2822 2571 2895 πρῶτος
2623 2815 2677 2879 δ’

310 2905 464 2969 αὐτὸ
513 2906 883 2978 Φιλιππίδης
932 2907 958 2970 ὅ
1008 2905 1495 2984 ἡμεροδρομήσας
1544 2905 1807 2983 λέγεται
1856 2910 1980 2971 ἀπὸ
2030 2909 2397 2986 Μαραθῶνος
2440 2905 2680 2985 ἀγγέλ-

309 3010 429 3059 λων
489 2998 598 3070 τὴν
641 2995 824 3069 ,νίκην
881 2997 1071 3062 εἶπεῖν
1119 2997 1263 3078 πρὸς
1311 2998 1450 3068 τοὺς
1498 2995 1805 3077 ἄρχοντας
1856 2999 2224 3075 καθημένους
2273 2999 2377 3062 καὶ
2426 3006 2680 3078 πεφρον-

309 3085 560 3159 τικότας
611 3087 758 3167 ὑπὲρ
804 3091 910 3152 τοῦ
950 3087 1161 3160 τέλους
1202 3095 1312 3161 τῆς
1351 3089 1574 3168 μα’χης
1618 3137 1651 3166 „
1661 3088 1953 3168 χαίρετε,
1995 3089 2313 3167 νικῶμεν,”
2355 3089 2458 3154 καὶ
2501 3093 2679 3170 τοῦτο

309 3178 488 3242 εἰπὼν
534 3179 969 3243 συναποθανεῖν
1018 3189 1094 3258 τῇ
1143 3179 1431 3262 ἀγγελίᾳ
1477 3178 1581 3243 καὶ
1631 3182 1714 3256 τῶ
1761 3179 2003 3261 χαίρειν
2038 3184 2505 3247 συνεκπνεῦσαι.
2555 3178 2681 3259 Qui

308 3269 484 3335 locus
553 3268 832 3334 defendit
900 3266 1126 3335 Cobeti
1192 3273 1641 3336 coniecturam.
1716 3268 1811 3336 Of.
1884 3273 2080 3336 etiam
2152 3270 2481 3338 Plutarch.
2555 3274 2673 3336 vit.

310 3359 592 3425 Demetr.
635 3359 818 3424 XVII
857 3368 1075 3439 χαῖρε,
1115 3360 1386 3434 βασιλεῦ
1432 3361 1785 3439 Ἀντίγονε,
1828 3368 2079 3438 νικῶμεν
2128 3361 2403 3439 βασιλέα
2451 3371 2680 3427 Πτολε-

307 3459 490 3528 μαῖον
539 3455 657 3516 etc.
726 3451 1012 3516 Maxime
1057 3454 1263 3538 igitur
1307 3451 1630 3538 probabile
1677 3459 1773 3518 est
1820 3456 2123 3517 nuntium
2168 3452 2361 3518 illum
2407 3453 2675 3518 dixisse:

307 3543 570 3623 χαίρετε
617 3544 890 3619 νικῶμεν.
939 3541 1063 3608 Sed
1109 3543 1277 3628 apud
1323 3541 1747 3608 Plutarchum
1786 3565 1910 3628 quo
1949 3544 2137 3609 modo
2176 3551 2427 3617 νικῶμεν
2464 3547 2533 3607 in
2573 3542 2675 3605 καὶ

310 3631 613 3714 χαίρομεν
662 3635 900 3698 mutari
933 3630 1187 3718 potuit?
1227 3633 1435 3698 Immo
1474 3632 1649 3698 aliud
1688 3655 1839 3698 eum
1875 3637 2199 3720 scripsisse
2236 3639 2529 3720 apparet;
2571 3634 2682 3699 sed

311 3723 626 3809 quomodo
675 3724 1067 3790 restituenda
1113 3729 1210 3790 est
1257 3727 1393 3790 eius
1418 3722 1715 3808 ‚manus‘f
1776 3726 2229 3811 Aristophanes
2277 3726 2457 3791 uobis
2501 3728 2679 3790 viam

309 3815 706 3880 monstrabit.
772 3814 1080 3900 Legimus
1124 3818 1193 3879 in
1238 3814 1470 3900 Equitt.
1520 3835 1614 3879 vs.
1662 3815 1789 3880 251
1820 3837 1911 3902 sq.

578 3905 753 3971 αλλὰ
802 3913 950 3970 παῖε
999 3905 1104 3970 καὶ
1154 3905 1325 3992 ὃίῳκε
1377 3904 1480 3969 καὶ
1533 3905 1808 3985 τάραττε
1861 3908 1961 3972 καὶ
2014 3906 2176 3974 κύκα

580 3995 682 4059 καὶ
733 3995 1100 4074 βδελύττου,
1151 3996 1283 4060 καὶ
1336 3997 1491 4073 γὰρ
1544 3999 1814 4074 ἡμεῖς,
1864 3999 2289 4073 κάπικείμενος
2338 3998 2485 4076 βόα.

305 4087 451 4152 Nisi
497 4089 702 4173 igitur
747 4087 946 4170 fallor,
999 4087 1380 4152 Plutarchus
1428 4088 1653 4152 nuntio
1698 4089 1927 4153 tribuit
1972 4089 2199 4154 verba:
2249 4091 2529 4168 χαίρετε,
2572 4090 2675 4153 καὶ

308 4177 434 4258 γὰρ
478 4180 675 4254 ἡμεῖς.
724 4177 928 4264 Supra
971 4179 1165 4244 verba
1210 4181 1337 4256 γὰρ
1388 4181 1564 4254 ἡμεῖς
1612 4179 2019 4264 magistellus
2064 4183 2365 4260 χαίρομεν
2404 4182 2676 4265 scripsit,

307 4269 481 4354 quod
527 4269 729 4334 scriba
774 4290 888 4354 pro
934 4272 1212 4356 genuina
1259 4269 1528 4334 lectione
1577 4269 1935 4334 substituit.

1778 4387 1857 4456 G.
1906 4389 1999 4455 M.
2050 4381 2538 4457 Sffloaaffnus.

1281 4541 1709 4561 ——-¹———Q
