3192 5009
1226 255 1643 304 PnAasAch.
1863 304 1870 310 ,
2478 233 2604 300 381

337 419 425 483 Ad
469 417 597 482 554
646 427 711 484 et
761 416 890 482 555
932 419 1217 485 Haskins
1258 427 1522 486 annotat
1561 443 1781 487 versus
1821 441 1930 494 eos
1967 421 2204 487 Weisio
2243 425 2502 486 auctore
2539 421 2608 483 in

262 524 457 590 multis
513 524 836 590 codicibus
898 546 1049 590 mss.
1114 533 1449 613 tamquam
1512 531 1762 614 spurios
1826 532 2112 616 signatos
2157 548 2294 593 esse
2340 525 2610 611 aliisque

262 630 441 694 verbis
476 630 650 695 idem
689 633 1044 717 exprimere
1086 631 1255 716 quod
1293 634 1584 699 versibus
1627 634 2158 720 subsequentibus
2198 631 2452 697 dicitur.
2493 629 2612 694 Est

263 743 448 802 autem
509 733 768 803 Cottius
815 741 926 823 qui
974 759 1080 803 eos
1128 742 1377 824 spurios
1422 743 1866 826 pronuntiavit
1913 749 1979 806 et
2024 741 2303 824 suspecti
2351 739 2612 802 fuerunt

263 841 693 928 Oudendorpio.
756 841 1074 928 Equidem
1135 843 1579 911 Burmannum
1646 867 1874 933 sequor
1937 849 2047 932 qui
2093 843 2416 910 contendit
2463 862 2612 927 qua-

262 955 387 1012 tuor
422 948 537 1012 hos
581 969 803 1014 versus
843 968 881 1013 a
919 950 1175 1014 Lucano
1214 951 1528 1035 profectos
1567 972 1704 1016 esse
1744 971 1928 1037 posse
1947 1001 1962 1028 ,
2007 954 2100 1016 ita
2138 957 2214 1014 ut
2252 952 2444 1035 primi
2484 947 2610 1012 duo

262 1058 509 1141 privatas
555 1061 621 1120 et
668 1055 1046 1121 domesticas
1092 1059 1381 1122 miserias
1400 1106 1415 1134 ,
1467 1057 1697 1142 reliqui
1745 1057 1870 1122 duo
1917 1056 2205 1144 publicas
2248 1057 2609 1141 respiciant.

336 1244 641 1310 Thessalis
704 1243 1017 1330 quidquid
1076 1250 1173 1309 est
1233 1245 1531 1310 horrendi
1593 1247 1764 1332 apud
1826 1248 2062 1312 inferos
2118 1249 2374 1310 invocat
2419 1249 2496 1308 ut
2540 1246 2610 1308 in

260 1365 389 1415 vota
429 1372 497 1416 ac
543 1372 757 1436 preces
801 1350 966 1415 adsit
1048 1363 1055 1370 “

336 1455 487 1523 71οε
582 1459 636 1523 si
676 1459 849 1542 quis,
891 1477 1041 1522 cum
1079 1461 1308 1522 vestris
1347 1464 1539 1543 caput
1578 1465 1849 1545 extaque
1887 1457 2207 1536 lancibus,
2251 1457 2488 1534 infans,

592 1565 940 1649 imposuit,
987 1565 1279 1627 victurus
1324 1569 1494 1629 erat:
1543 1571 1761 1649 parete
1809 1567 2116 1649 precanti.

258 1669 419 1734 Unde
478 1691 603 1733 cum
658 1670 959 1756 petiverit
1004 1667 1287 1732 Haskins
1332 1690 1457 1734 non
1505 1669 1634 1734 dat.
1702 1668 1964 1736 Codices
2010 1691 2162 1734 mss.
2212 1669 2514 1754 praebent
2561 1668 2617 1730 εἰ

81 1833 83 1868 Ι
254 1777 401 1862 quis,
448 1776 583 1861 qui,
634 1775 691 1837 si
740 1775 1047 1860 quisquam
1094 1781 1156 1838 et
1200 1775 1256 1836 si
1304 1775 1588 1858 quisquis.
1654 1775 1772 1840 Est
1814 1775 2075 1840 editoris
2115 1774 2476 1839 adnotatio:
2527 1775 2628 1850 „if

81 1877 84 1972 Ι
254 1905 367 1969 any
422 1882 623 1948 infant
670 1880 882 1945 would
927 1881 1091 1945 have
1139 1879 1313 1944 lived
1361 1886 1428 1944 at
1476 1881 1584 1946 the
1634 1885 1791 1946 time
1839 1883 2024 1946 when
2076 1881 2240 1946 etc.’'
2289 1900 2450 1966 quae
2499 1882 2619 1943 mi·

81 1973 83 2004 f
255 1991 411 2053 nime
450 1987 674 2074 placet.
725 1985 1102 2071 Legendum
1152 2005 1405 2050 censeo:
1453 1986 1508 2048 si
1556 1986 1660 2071 qui
1708 2011 1864 2050 nunc
1909 1987 2143 2051 vestris
2192 2007 2244 2050 e.
2275 2007 2332 2070 q.
2361 2006 2410 2050 s.

330 2175 415 2241 Ut
459 2177 849 2261 Pompeium
896 2179 1150 2238 noctem
1169 2221 1186 2250 ,
1236 2197 1394 2262 quae
1444 2174 1881 2240 Pharsalicam
1925 2194 2214 2260 pugnam
2262 2173 2616 2258 praecedit,

252 2282 421 2348 laetis
464 2283 799 2346 insomniis
846 2279 1189 2367 degentem
1234 2281 1385 2346 fecit
1430 2287 1619 2367 poeta
1639 2329 1654 2356 ,
1707 2278 2056 2344 exclamat:

253 2387 376 2452 VII.
425 2386 543 2452 28:
594 2386 763 2452 unde
808 2406 991 2471 pares
1040 2407 1297 2452 somnos
1344 2387 1567 2473 populi
1613 2391 1991 2471 noctemque
2040 2383 2334 2451 beatam?

254 2493 315 2558 In
375 2514 494 2580 quo
557 2513 747 2557 versu
810 2479 1095 2557 Haskins
1154 2492 1317 2558 nihil
1381 2493 1712 2558 offendisse
1761 2491 2018 2557 videtur
2036 2541 2051 2568 ,
2117 2512 2270 2556 nam
2318 2491 2397 2556 ad
2431 2513 2620 2573 pares
2705 2520 2718 2534 ·

253 2601 485 2664 scribit:
538 2621 757 2681 „pares
794 2601 851 2662 is
898 2599 1007 2662 the
1052 2604 1308 2683 present
1355 2598 1760 2684 subjunctive
1810 2597 1883 2662 of
1908 2597 2184 2679 parare’'
2236 2602 2303 2662 et
2349 2596 2428 2661 ad
2476 2618 2622 2659 som

254 2729 347 2769 noe
395 2705 613 2788 populi
632 2725 645 2767 ε
717 2703 929 2788 „sleep
979 2704 1135 2769 such
1183 2725 1251 2769 as
1301 2705 1411 2769 the
1460 2702 1687 2790 people
1735 2703 1967 2790 enjoy''
2019 2724 2222 2789 nsque
2269 2702 2622 2788 quidquam

255 2812 394 2878 dicit
453 2811 528 2877 de
587 2811 823 2876 crebris
880 2812 1168 2875 virorum
1216 2811 1549 2876 doctorum
1599 2806 2013 2886 coniecturis}
2073 2829 2347 2894 quorum
2393 2808 2620 2874 multis

256 2919 431 2984 verba
469 2917 783 3001 descripta
822 2937 1036 2982 merae
1074 2917 1371 2982 tenebrae
1410 2923 1578 2982 sunt.
1621 2915 1842 3002 Neque
1880 2915 2068 2980 video
2108 2914 2424 3002 quomodo
2462 2915 2622 2980 Has-

258 3025 437 3090 kinsii
475 3025 819 3089 verborum
856 3025 1380 3109 interpretatione
1419 3029 1677 3107 accepta
1716 3043 1908 3088 sanus
1949 3043 2170 3087 sensus
2209 3021 2353 3088 elici
2393 3025 2618 3108 possit.

338 3129 671 3216 Optimum
717 3129 883 3193 mihi
928 3129 1183 3194 videtur
1198 3179 1215 3206 ,
1267 3130 1343 3194 ad
1390 3149 1653 3194 versum
1701 3136 2109 3214 sequentem:

601 3257 638 3300 o
686 3233 874 3311 felix,
925 3237 979 3298 si
1028 3241 1092 3300 te
1140 3233 1244 3300 vel
1291 3238 1379 3300 sic
1430 3241 1543 3300 tua
1589 3221 1794 3299 Roma
1841 3234 2106 3299 videret.

258 3345 636 3428 respicienti,
680 3361 715 3405 e
755 3359 992 3426 magna
1030 3344 1541 3406 coniecturarum
1580 3343 1764 3426 copia
1802 3360 1915 3425 pro
1945 3338 2170 3420 popuh‘
2209 3338 2481 3404 scribere
2512 3361 2624 3421 po-

250 3449 387 3530 pvlo
406 3497 423 3526 ,
470 3453 657 3533 atque
708 3466 857 3510 cum
905 3445 1132 3510 multis
1181 3445 1323 3510 aliis
1360 3469 1548 3528 pares
1592 3467 1718 3510 non
1765 3445 1944 3510 verbi
1992 3443 2102 3508 sed
2147 3444 2448 3511 adiectivi
2483 3443 2622 3510 loco

260 3553 490 3619 habere.
555 3551 733 3618 'runo
796 3551 951 3617 haec
1015 3557 1111 3616 est
1170 3553 1517 3617 verborum
1580 3553 1926 3616 sententia:
1993 3549 2321 3629 Quomodo
2385 3548 2626 3615 similia

260 3657 411 3724 laeta
453 3662 699 3725 somnia
746 3662 811 3722 et
857 3679 981 3722 nox
1030 3663 1166 3723 tam
1213 3659 1397 3723 beata
1446 3657 1681 3743 populo
1728 3657 2014 3722 Romano
2063 3659 2270 3742 parari
2317 3654 2555 3742 possit?

342 3763 433 3832 cf.
496 3763 613 3829 Ov.
678 3763 833 3828 Her.
902 3761 1047 3827 XII.
1099 3762 1219 3826 44:
1286 3765 1393 3829 sed
1456 3765 1621 3830 mihi
1670 3770 1802 3828 tam
1852 3762 2070 3827 faciles
2113 3763 2280 3827 unde
2326 3783 2627 3848 meosque

266 3869 439 3936 deos?

345 4059 504 4123 214:
597 4057 783 4124 miles
830 4064 907 4122 ut
955 4058 1217 4123 adverso
1266 4045 1507 4123 Phoebi
1558 4058 1840 4122 radiatus
1889 4058 1969 4122 ab
2016 4060 2149 4121 ictu

77 4205 80 4254 ‚
603 4163 981 4229 descendens
1028 4171 1199 4229 totos
1248 4163 1529 4249 perfudit
1578 4163 1826 4228 lumine
1874 4161 2067 4242 colles

606 4290 735 4333 non
780 4277 1019 4334 temere
1067 4273 1399 4334 immissus
1447 4272 1725 4354 campis:
1776 4270 1956 4332 stetit
2001 4267 2218 4332 ordine
2267 4273 2438 4332 certo

608 4375 829 4441 infelix
878 4379 1060 4441 acies.
