3192 5009
1228 355 1725 407 mammos.
2537 337 2665 405 281

391 545 452 608 p.
503 520 654 588 270.
689 523 790 588 15.
862 524 990 607 ipse
1049 524 1302 611 denique
1350 525 1589 609 primus
1649 526 1717 590 in
1784 526 2007 590 Christi
2051 525 2337 609 baptismo
2384 525 2671 589 reseravit

293 631 531 694 adibam
575 631 845 695 caelestis
889 631 1060 712 requi
1076 680 1092 709 ,
1141 654 1252 716 quo
1298 633 1611 696 solvuntur
1658 632 1919 714 alliyata
1960 639 2119 696 retero
2165 633 2389 696 delicta
2435 639 2492 696 et
2530 631 2673 694 alli-

283 744 518 818 ρωπίαν
586 760 737 823 quae
803 759 922 800 non
972 739 1229 824 fuerint
1293 739 1509 802 soluta.
1581 738 1699 803 Est
1761 739 2021 824 quidem
2038 787 2055 817 ,
2120 743 2282 804 teste
2341 738 2671 803 Matthaeo

293 843 392 922 (3.
423 842 504 908 16
567 851 624 907 et
686 866 811 907 ecce
871 845 1070 926 aperti
1130 851 1270 908 sunt
1330 845 1386 908 ei
1449 845 1646 925 coebi),
1690 848 1759 909 in
1807 843 2049 912 Christi
2094 845 2411 930 baptismo
2459 845 2671 910 aditus

292 950 462 1015 coeli
506 955 854 1015 reseratus:
903 949 1012 1016 sed
1056 970 1130 1016 ea
1189 971 1287 1016 res
1347 951 1511 1014 nihil
1570 951 1649 1014 ad
1711 941 1979 1016 Petrum
1998 999 2016 1029 ,
2080 953 2270 1036 utqui
2330 957 2484 1016 tunc
2524 972 2673 1016 non-

293 1055 456 1120 dum
508 1055 841 1120 dominum
888 1061 1253 1134 sectaretur,
1302 1057 1380 1122 cf.
1426 1056 1660 1121 Matth.
1718 1056 1779 1120 4.
1812 1056 1915 1122 18.
1963 1057 2117 1122 Loci
2162 1056 2501 1142 explicatio
2546 1077 2673 1123 non

294 1162 568 1248 petenda
635 1162 713 1227 ab
781 1161 1196 1249 euangelistis
1255 1163 1364 1228 sed
1426 1185 1504 1228 ex
1563 1162 1833 1228 Actibus
1894 1162 2369 1248 Apostolorum.
2443 1162 2672 1228 Petrus

293 1275 419 1348 (vs.
474 1267 583 1347 12)
620 1267 854 1332 dicitur
898 1267 1144 1333 clavem
1161 1317 1177 1346 ,
1225 1289 1419 1354 quam
1465 1271 1524 1332 ei
1572 1266 1865 1335 Christus
1911 1271 2335 1334 commisisset
2378 1269 2670 1346 erubuisse,

289 1377 340 1438 i.
369 1395 422 1440 e.
462 1377 909 1461 inaugurasse,
954 1395 1102 1438 cum
1143 1375 1372 1439 Petrus
1409 1395 1523 1459 per
1559 1374 1693 1440 dies
1730 1374 2135 1440 Pentecostes
2174 1374 2390 1439 Iesum
2412 1377 2675 1439 resusci-

295 1487 509 1545 tatum
569 1479 818 1545 Iudaeis
879 1483 1221 1546 nuntiaret.
1285 1475 1528 1546 Eadem
1589 1479 1755 1545 clavi
1818 1502 1975 1545 usus
2024 1487 2152 1558 est,
2202 1501 2350 1545 cum
2396 1479 2673 1546 solveret

295 1585 567 1673 alligata
627 1594 794 1650 retro
856 1585 1086 1652 delicta
1123 1593 1188 1651 et
1227 1585 1524 1673 alligaret
1569 1607 1732 1672 quae
1777 1607 1900 1651 non
1947 1587 2217 1652 fuissent
2262 1586 2501 1665 soluta,
2544 1589 2588 1650 i.
2616 1608 2669 1652 e.

297 1696 577 1759 actiones
594 1742 609 1770 ,
651 1713 811 1778 quae
851 1699 1037 1758 antea
1073 1713 1186 1777 pro
1225 1691 1472 1758 illicitis
1511 1694 1783 1758 fuissent
1826 1692 2082 1758 habitae
2128 1695 2527 1778 permitteret
2543 1741 2560 1771 ‚
2596 1700 2672 1758 ut

297 1820 462 1884 quae
500 1805 652 1863 tunc
688 1820 813 1863 non
853 1802 1288 1876 concessisset,
1328 1802 1397 1862 in
1434 1804 1765 1884 posterum
1805 1799 1955 1864 ferri
1992 1819 2115 1864 non
2140 1819 2321 1884 posse
2342 1799 2669 1864 indicaret.

295 1905 506 1968 Saluta
527 1911 623 1968 est
647 1909 864 1969 autem
880 1926 1165 1981 concessa,
1174 1905 1488 1990 permissa.
1515 1904 1845 1969 Reseravit
1868 1911 2087 1970 autem
2112 1904 2361 1969 aditum
2384 1905 2672 1971 caelestis

297 2013 482 2096 reg-ni
520 2009 770 2087 Petrus,
811 2030 959 2074 cum
999 2031 1125 2075 non
1158 2010 1347 2075 modo
1379 2009 1643 2075 Iudaeos
1666 2011 1776 2076 sed
1801 2015 2014 2088 otene,
2041 2010 2148 2096 qui
2160 2010 2549 2093 praeputium
2570 2013 2673 2075 ha-

297 2117 510 2179 bebant
529 2116 891 2200 baptizavit.
935 2113 1147 2181 Solvit
1170 2123 1388 2181 autem
1412 2123 1579 2181 retro
1604 2116 1869 2204 alligata
1890 2116 2150 2194 delicta,
2176 2138 2325 2181 cum
2347 2120 2418 2180 in
2438 2119 2673 2182 mentis

302 2243 560 2287 excessu
607 2225 665 2286 ei
719 2222 1096 2287 ostendisset
1139 2221 1456 2287 Dominus
1502 2243 1706 2308 neque
1754 2223 2079 2286 eommunia
2125 2243 2327 2308 neque
2372 2223 2673 2287 immwnda

301 2328 562 2394 dicenda
579 2377 596 2406 ,
658 2349 818 2413 quae
877 2327 1272 2414 purificasset
1332 2328 1627 2394 dominus
1688 2350 1890 2414 neque
1951 2328 2257 2394 Iudaeum
2307 2329 2423 2395 deo
2468 2333 2674 2397 vetari

299 2436 576 2516 conianqi
645 2442 757 2499 aut
825 2435 1098 2498 accedere
1163 2435 1242 2500 ad
1308 2435 1754 2523 alienigenam.
1826 2435 2001 2501 Haec
2062 2439 2277 2500 omnia
2336 2457 2461 2502 non
2506 2437 2673 2502 facta

300 2547 450 2606 sunt
493 2545 564 2604 in
618 2540 843 2604 Christi
889 2540 996 2605 sed
1041 2543 1110 2604 in
1157 2543 1419 2605 Corneh'i
1459 2545 1844 2608 centurionis
1883 2543 2219 2628 baptismo.
2262 2544 2338 2608 cf.
2382 2547 2520 2610 Act.
2549 2544 2669 2631 Ap.

301 2669 353 2712 c.
408 2647 490 2711 10
537 2654 602 2712 et
656 2645 756 2711 11.
822 2646 943 2711 Pro
1005 2648 1230 2711 Christi
1288 2649 1572 2730 baptismo
1633 2648 2067 2735 reponendum
2111 2651 2350 2736 igitur:
2410 2652 2673 2714 Cornelii
2788 2667 2793 2670 ·

299 2753 605 2835 baptimo.
671 2753 750 2818 cf.
814 2774 975 2838 quae
1037 2753 1242 2818 adtuli
1302 2753 1531 2820 Studia
1592 2755 2051 2822 Ecclesiastica.
2103 2754 2152 2819 Ι.
2202 2778 2265 2841 p.
2316 2754 2423 2819 41.
2472 2756 2551 2821 ad
2599 2758 2674 2821 de

300 2861 461 2924 Idol.
511 2881 564 2925 c.
619 2858 723 2925 19.

1311 3019 1639 3029 ——..——-—-

387 3206 472 3254 DE
515 3187 782 3254 ΡΑΕΝΙΤ.
825 3209 878 3254 c.
923 3187 984 3253 6.
1026 3186 1098 3252 Ο.
1137 3188 1188 3253 Ι.
1232 3187 1382 3253 653.
1414 3187 1516 3253 11.
1561 3188 1619 3252 si
1656 3209 1791 3269 erqo
1830 3187 1936 3273 qui
1958 3188 2272 3252 venditant
2281 3189 2483 3272 primo
2507 3213 2687 3280 nuere--

295 3305 460 3382 mum
492 3317 605 3380 quo
637 3295 1030 3377 paciscuntur
1077 3295 1451 3372 examinant,
1501 3317 1576 3358 ne
1618 3294 1883 3377 scalptus
1930 3317 2073 3358 neve
2116 3317 2289 3358 rasae
2308 3343 2324 3372 ,
2378 3319 2453 3359 ne
2497 3297 2668 3360 adul-

297 3409 407 3478 ter,
465 3402 643 3465 ebiam
687 3400 984 3463 dominum
1027 3401 1316 3464 credimus
1349 3399 1765 3483 paenitentiae
1800 3400 2209 3482 probationem
2243 3400 2429 3482 prius
2472 3400 2632 3466 inire
2648 3451 2665 3480 ,

297 3515 526 3571 tantam
565 3507 730 3570 nobis
765 3509 1080 3570 mercedem
1099 3509 1390 3590 perenni-5
1409 3507 1639 3571 scilicet
1660 3507 1821 3570 vitae
1844 3529 2259 3570 concessurum.
2304 3505 2666 3595 Scaligerus

295 3615 467 3678 hunc
510 3611 725 3678 locum
769 3615 1099 3700 integrum
1144 3635 1268 3678 non
1314 3634 1447 3678 esse
1492 3615 1722 3691 sensit,
1764 3634 1966 3698 neque
2005 3611 2365 3698 simplicem
2402 3614 2669 3681 affirma-

293 3721 537 3786 tionem
573 3719 864 3782 eredimus
901 3722 1247 3785 sententiae
1285 3717 1390 3784 vel
1427 3727 1646 3804 aptam
1684 3741 1819 3785 esse
1859 3719 1960 3784 vel
1998 3719 2301 3784 sufficere.
2352 3719 2668 3786 Medicina

293 3845 450 3890 vero
519 3845 712 3909 quam
774 3824 1063 3890 adhibuit
1125 3823 1467 3890 violentior
1526 3831 1623 3889 est
1639 3874 1655 3902 ,
1721 3845 1915 3910 quam
1959 3829 2035 3888 ut
2079 3823 2352 3891 libenter
2398 3846 2667 3913 aeg-rum

293 3934 589 3995 nostrum
657 3933 716 3995 ei
785 3933 1285 3996 committamus,
1356 3929 1548 4016 Legit
1618 3933 1825 3995 enim:
1900 3931 2203 3994 credamus
2257 3932 2670 4013 poenitentiae

281 4035 643 4120 probatione
687 4044 824 4100 ante
856 4036 1040 4119 prius
1085 4036 1244 4100 inita
1263 4085 1279 4114 ‚
1330 4043 1555 4100 tantam
1601 4042 1719 4101 cet.
1770 4035 2085 4121 Equidem
2112 4041 2487 4121 ,putaverim
2525 4038 2669 4105 'Per-

295 4141 642 4207 tullianum
661 4191 676 4220 ,
738 4144 905 4228 quod
967 4143 1167 4209 facere
1229 4143 1389 4208 solet
1446 4152 1509 4208 et
1557 4142 1870 4220 adfectat,
1920 4143 2273 4208 subironice
2320 4165 2454 4210 esse
2501 4145 2669 4212 locu-

293 4256 474 4313 tum:
539 4251 594 4312 si
653 4248 1013 4313 venditores
1073 4271 1407 4326 nummos,
1474 4250 1706 4334 quibus
1766 4248 2019 4314 venalia
2082 4269 2198 4314 sua
2260 4257 2628 4334 permutent
2648 4303 2665 4338 ,

294 4353 638 4442 diligenter
704 4357 880 4440 prius
945 4358 1288 4441 inspiciant
1357 4363 1420 4421 et
1480 4357 1905 4442 experiantur,
1968 4355 2320 4421 verisimile
2382 4378 2508 4422 non
2570 4367 2669 4424 est

295 4462 628 4528 dominum
677 4463 1106 4548 peccatoribus
1155 4465 1357 4528 vitam
1406 4484 1745 4549 perennem
1792 4464 1837 4526 i.
1864 4483 1917 4527 e.
1966 4460 2217 4528 coelum
2254 4483 2389 4528 esse
2427 4485 2669 4532 conces—

2313 4584 2377 4633 1⁹
