3192 5009
966 265 1050 316 nn
1095 265 1717 315 msuommomus
1761 265 2062 316 nonius.
2571 239 2701 310 447

329 449 478 495 cum
522 429 626 496 lex
674 433 915 497 curiata
960 430 1200 498 eisdem
1247 433 1521 498 ferretur
1538 481 1554 510 ,
1603 431 1772 517 quod
1817 437 1986 498 certe
2033 431 2184 497 ferri
2229 451 2357 496 non
2395 435 2611 516 posset
2649 429 2707 494 si

325 535 540 623 legem
586 539 899 602 curiatam
945 544 1091 623 post
1135 559 1319 624 reges
1366 543 1621 604 exactos
1667 540 1954 624 primum
1996 539 2365 603 institutam
2404 555 2538 601 esse
2578 554 2706 600 cre—

327 640 622 709 deremus
639 692 656 721 ,
717 643 783 709 id
846 647 1116 710 minime
1177 643 1435 711 offendit
1495 665 1646 710 cum
1709 665 1852 710 eam
1913 665 1990 709 ex
2037 644 2500 730 antiquissimis
2546 647 2704 706 tem-

328 750 591 834 poribus
638 753 1011 817 remansisse
1058 753 1367 828 sciamus;
1418 751 1498 816 ad
1542 772 1774 837 regum
1821 757 2080 836 tempus
2123 749 2191 815 id
2227 770 2354 816 non
2391 749 2670 834 pertinet
2687 795 2704 825 ,

327 877 531 941 neque
578 862 723 922 tum
769 858 952 923 binae
1000 858 1260 924 fuerunt
1307 859 1740 924 Auctoritates
1786 856 2056 922 Patrum
2103 855 2180 922 de
2227 854 2466 922 eisdem
2485 903 2502 932 ,
2557 855 2708 940 quia

328 983 511 1050 reges
571 985 698 1028 non
756 985 793 1030 a
856 963 1092 1051 populo
1155 966 1529 1031 creabantur
1587 965 1746 1046 (vid.
1813 985 1984 1050 supr.
2048 985 2197 1052 pag.
2247 961 2380 1028 442
2427 961 2568 1028 adn.
2617 960 2702 1040 4).

328 1067 637 1134 Videmus
698 1073 935 1157 igitur,
997 1078 1125 1136 tres
1186 1071 1381 1136 fuisse
1442 1076 1653 1156 partes
1710 1071 2128 1136 caerimoniae
2171 1069 2350 1136 illius
2395 1088 2524 1154 qua
2566 1089 2708 1134 con-

327 1175 748 1241 firmabantur
784 1179 937 1242 novi
976 1199 1189 1266 reges,
1232 1176 1612 1266 suffragium
1646 1179 1995 1254 curiarum,
2037 1178 2320 1262 auspicia
2343 1195 2668 1264 augurum
2685 1223 2702 1252 ,

328 1283 697 1347 Auctoritas
756 1283 1060 1362 Patrum3
1128 1303 1289 1370 quae
1351 1305 1477 1349 non
1522 1283 1733 1348 solum
1779 1285 2086 1368 temporis
2133 1287 2199 1349 et
2240 1284 2404 1347 iuris
2448 1279 2706 1346 vinculo

327 1409 640 1455 connexae
686 1395 865 1454 erant
883 1439 899 1467 ,
948 1389 1057 1455 sed
1106 1393 1303 1456 etiam
1350 1392 1678 1456 communi
1721 1391 1976 1455 nomine
2021 1387 2508 1470 imvm-ationis
2545 1407 2706 1452 com-

328 1493 899 1581 prehendebantur.
950 1495 1074 1562 Sed
1112 1503 1259 1582 post
1294 1517 1477 1584 reges
1518 1504 1770 1563 exactos
1808 1517 2026 1562 omnes
2067 1498 2484 1583 magistratus
2513 1497 2709 1560 maio-

326 1622 427 1666 res
492 1607 558 1667 et
604 1603 881 1667 minores
925 1608 1267 1689 postquam
1315 1606 1511 1670 creati
1554 1610 1736 1670 erant
1780 1608 1845 1668 et
1889 1604 2164 1667 inierant
2208 1601 2567 1668 confirmari
2611 1600 2712 1666 de—

324 1707 560 1773 bebant
626 1706 881 1794 legibus
952 1711 1213 1773 curiatis
1278 1715 1391 1774 aut
1461 1712 1834 1776 centuriatis
1865 1707 1948 1794 ι);
2023 1729 2244 1774 omnes
2313 1707 2432 1773 bae
2493 1706 2672 1794 leges
2689 1755 2706 1786 ,

322 1813 604 1900 perlatae
666 1817 954 1900 primum
1015 1817 1202 1880 iustis
1268 1817 1546 1880 comitiis
1566 1865 1583 1892 ‚
1647 1821 1867 1900 postea
1936 1817 2216 1880 comitiis
2287 1812 2506 1880 calatis
2575 1814 2710 1878 sine

324 1918 563 2006 populo
625 1940 787 2006 quae
850 1919 1098 2006 quando
1160 1922 1227 1985 in
1294 1941 1503 1986 mores
1551 1920 1845 2007 publicos
1891 1927 2142 2006 recepta
2184 1921 2314 1984 sint
2355 1921 2674 1986 nescimus
2691 1966 2710 1997 ,

330 2033 505 2092 ratae
567 2033 747 2093 erant
808 2029 862 2091 si
925 2027 1148 2092 Patres
1196 2029 1287 2092 eis
1333 2028 1646 2093 Auctores
1692 2026 1944 2095 fiebant.
2017 2024 2324 2094 Consules
2369 2031 2588 2092 autem
2631 2024 2710 2090 ab

328 2135 517 2198 initio
565 2133 644 2198 ad
689 2154 829 2199 eam
876 2154 1015 2199 rem
1032 2183 1048 2210 ‚
1098 2140 1172 2199 ut
1213 2133 1292 2199 ad
1338 2133 1496 2200 alias
1542 2137 1819 2199 actiones
1837 2183 1854 2211 ‚
1905 2154 2182 2222 augures
2219 2131 2518 2198 adhibere
2554 2133 2711 2196 omi-

326 2244 550 2305 serunt
569 2288 583 2313 ,
632 2239 801 2324 quod
850 2245 1017 2305 certe
1066 2261 1189 2305 non
1235 2243 1373 2307 sine
1420 2261 1679 2306 assensu
1724 2245 1982 2307 senatus
2025 2243 2234 2326 primo
2279 2238 2417 2305 fieri
2462 2241 2709 2324 potuit,

325 2367 477 2412 cum
519 2349 818 2432 auspicia,
856 2367 1016 2432 quae
1056 2368 1093 2412 a
1131 2348 1623 2434 magistratibus
1665 2349 1825 2432 ipsis
1863 2353 2254 2433 caperentur,
2297 2346 2582 2412 sufficere
2619 2348 2711 2411 vi-

326 2453 629 2518 derentur
675 2452 976 2518 Patribus
996 2503 1011 2531 ‚
1063 2453 1230 2538 quod
1275 2453 1449 2520 idem
1497 2452 1722 2520 deinde
1741 2501 1756 2530 ,
1801 2473 1952 2518 cum
1991 2451 2188 2519 semel
2226 2452 2470 2518 factum
2507 2457 2674 2517 esset
2691 2500 2707 2530 ,

327 2581 455 2624 non
518 2558 705 2625 facile
768 2562 981 2646 potuit
1042 2564 1389 2626 retractari.
1472 2560 1626 2626 Inde
1696 2561 1939 2626 factum
2011 2566 2109 2626 est
2175 2567 2250 2624 ut
2318 2558 2710 2624 confirmatio

326 2667 832 2752 magistratuum
881 2665 1005 2731 dici
1052 2687 1177 2731 non
1224 2673 1435 2752 posset
1481 2669 1916 2754 inauguratio.
1967 2664 2094 2732 Sed
2140 2687 2220 2731 ex
2266 2667 2530 2750 antiqua
2571 2687 2710 2730 con·

326 2770 665 2837 suetudine
710 2772 1187 2860 inaugurandae
1232 2771 1397 2860 legis
1446 2775 1724 2838 curiatae
1743 2822 1760 2850 ‚
1811 2778 1949 2837 orta
1996 2793 2132 2838 esse
2166 2771 2423 2838 videtur
2460 2769 2574 2836 illa
2609 2774 2710 2836 vis

326 2875 699 2964 singularis,
751 2899 877 2964 qua
922 2899 1171 2964 semper
1218 2881 1500 2964 auspicia
1546 2897 1706 2965 quae
1753 2878 1830 2944 de
1875 2879 1992 2944 hac
2037 2877 2182 2964 lege
2223 2880 2467 2944 curiata
2512 2880 2711 2963 capie-

326 2986 564 3050 bantur
611 3004 648 3048 a
696 2985 1187 3072 magistratibus
1232 2985 1670 3051 excelluerunt
1715 2991 1860 3051 ante
1908 2986 2192 3071 auspicia
2236 3005 2394 3070 quae
2443 2983 2518 3048 de
2567 2982 2710 3048 aliis

327 3090 773 3178 rogationibus
834 3092 913 3157 ab
976 3092 1066 3156 eis
1130 3092 1571 3177 capiebantur3
1621 3113 1775 3157 nam
1819 3113 1966 3156 cum
2011 3093 2080 3155 in
2125 3091 2227 3155 his
2273 3093 2554 3175 auspicia
2597 3093 2710 3154 vix

330 3195 477 3283 plus
542 3195 865 3274 valerent,
914 3217 1107 3282 quam
1152 3205 1227 3263 ut
1273 3205 1605 3284 appareret
1647 3198 1821 3263 diem
1866 3200 2180 3262 vitiosum
2224 3217 2346 3262 non
2395 3217 2530 3262 esse
2577 3194 2712 3283 legi

328 3301 619 3367 ferendae
642 3351 657 3379 ,
708 3323 913 3387 neque
958 3305 1151 3367 unius
1199 3303 1325 3368 diei
1368 3307 1572 3389 spatio
1612 3303 1890 3390 amplius
1929 3322 2328 3390 perseverare
2366 3323 2549 3388 posse
2585 3323 2712 3368 cre-

330 3407 663 3486 derentur,
730 3407 939 3474 multo
1004 3408 1263 3496 longius
1330 3411 1690 3495 pertinebat
1751 3413 1850 3474 vis
1919 3410 2350 3495 auspiciorum
2419 3407 2496 3473 de
2565 3407 2710 3495 lege

331 3517 574 3580 curiata
620 3517 1112 3600 impetratorum
1134 3565 1149 3593 ‚
1200 3521 1265 3581 et
1312 3537 1390 3581 ex
1438 3518 1528 3580 eis
1575 3518 1772 3581 etiam
1819 3514 2176 3601 pendebant
2220 3515 2500 3601 auspicia
2548 3533 2708 3600 quae

330 3619 603 3686 militiae
667 3621 1005 3687 habiturus
1069 3627 1202 3687 erat
1254 3625 1311 3687 is
1358 3625 1461 3688 cui
1507 3621 1640 3688 lata
1685 3628 1819 3688 erat
1864 3624 2017 3687 haec
2062 3620 2199 3699 lex,
2248 3625 2560 3707 quatenus
2605 3623 2710 3686 ius

330 3731 390 3792 ei
439 3732 575 3792 erat
621 3725 893 3792 militiae
942 3727 1171 3814 agendi
1191 3776 1207 3805 ,
1263 3730 1355 3792 ita
1401 3739 1477 3793 ut
1522 3731 1579 3793 is
1628 3734 1772 3793 tum
1818 3726 2028 3793 solum
2073 3727 2388 3792 diceretur
2437 3727 2710 3804 „habere

336 3835 617 3918 auspicia
664 3831 933 3898 bellica”
986 3836 1040 3897 si
1088 3833 1347 3898 haberet
1392 3832 1607 3920 legem
1647 3837 1959 3898 curiatam
1986 3831 2062 3919 ¹).
2106 3870 2189 3881 —-
2228 3831 2514 3918 Denique
2550 3831 2710 3898 indi-

333 3939 605 4004 candum
668 3940 831 4004 mihi
890 3945 987 4006 est
1004 3989 1021 4018 ,
1091 3939 1245 4026 quid
1300 3938 1577 4006 valuisse
1639 3961 1928 4006 censeam
1981 3937 2546 4006 confirmationem.
2615 3937 2708 4004 Eo

402 4228 449 4288 1)
495 4227 595 4279 Cic.
640 4227 732 4292 leg.
769 4242 872 4292 agr.
904 4228 953 4276 2.
978 4228 1055 4276 ll.
1073 4226 1136 4279 27
1148 4248 1161 4284 ς
1202 4225 1327 4275 Gen.
1366 4227 1443 4275 18.
1466 4226 1623 4285 um:
1665 4225 1958 4276 ‚minoribus
1991 4226 2167 4278 creatis
2199 4226 2556 4292 magistratibus
2575 4267 2588 4288 ‚
2619 4228 2706 4279 tri·

334 4309 461 4359 buti·
505 4309 713 4360 comitiis
760 4309 1092 4373 magistratus,
1136 4309 1217 4357 sed
1261 4307 1415 4358 inatus
1458 4307 1597 4372 (tort.
1635 4307 1752 4374 lega
1787 4309 1870 4358 scd
1903 4312 2130 4374 potatu)
2164 4309 2348 4358 curiata
2381 4310 2524 4359 datur
2559 4308 2708 4375 lege'fl

334 4418 399 4430 —
432 4393 488 4460 2)
526 4391 631 4442 vid.
674 4393 905 4442 Mnemon.
944 4390 1113 4440 XVIII
1149 4407 1253 4457 pag.
1287 4391 1399 4450 249,
1437 4407 1539 4457 pag.
1570 4391 1668 4441 221
1689 4407 1776 4456 sq„
1809 4391 2092 4451 ass-2883
2137 4391 2254 4442 xlx
2288 4407 2396 4457 pag.
2424 4395 2506 4444 8⁵.
