3192 5009
1234 294 1569 343 mscnnm.
2459 273 2590 340 343

346 459 629 525 Ieiunium
664 457 913 526 Cereris
945 462 1324 525 institutum
1362 467 1459 524 est
1498 481 1553 524 a.
1594 457 1744 535 191,
1787 457 1864 522 cf.
1907 456 2050 522 Liv.
2079 457 2381 523 XXXVI.
2413 456 2589 534 3¹74,
2688 543 2696 548 ἡ

270 564 927 651 MarquardtrWissowa
970 588 1031 652 p.
1082 563 1233 631 364.
1282 566 1426 631 Non
1470 568 1782 630 maiorem
1827 565 1981 628 haec
2024 564 2448 643 πειθανάγκην
2490 566 2597 630 ha-

268 673 395 736 bent
432 692 611 757 quam
656 671 906 757 reliqua
951 675 1257 756 temporis
1303 671 1537 735 indicia
1556 721 1573 748 ,
1631 672 2008 757 abrogatam
2051 669 2268 757 legem
2319 669 2594 758 Oppiam

264 785 395 864 puta
432 784 491 842 et
530 776 947 843 Bacchanalia
983 783 1340 842 memorata
1358 826 1374 855 ‚
1425 777 1535 841 sed
1574 775 1850 841 fulciunt
1886 776 2040 842 haec
2078 779 2246 842 inter
2283 799 2368 842 se.
2412 777 2600 842 Prior

260 889 401 947 certe
440 883 513 947 de
555 880 801 949 Cereris
850 886 1045 948 sacris
1080 881 1260 947 locus
1303 881 1521 953 Plauti
1562 885 1766 966 ipsius
1787 931 1803 958 ,
1849 903 1976 947 non
2017 879 2244 947 Graeci
2283 883 2600 968 exempla-

258 991 357 1064 ris,
390 992 454 1052 in
486 1009 608 1073 quo
648 987 1148 1073 Thesmophoria
1186 989 1460 1065 fuerint,
1502 1007 1638 1051 esse
1679 986 1955 1051 videtur.
1999 987 2330 1073 Temporis
2365 989 2601 1052 indicia

256 1095 433 1180 igitur
472 1101 617 1158 sunt
670 1092 821 1170 195,
874 1092 1022 1170 191,
1068 1093 1195 1159 186
1236 1113 1291 1158 a.
1336 1092 1406 1160 O.
1464 1092 1704 1178 Sponte
1746 1098 1999 1170 autem,
2043 1093 2291 1158 dudum
2332 1093 2598 1179 exploso

261 1207 599 1285 argumento
639 1200 717 1265 de
756 1203 973 1286 coquis
1010 1201 1210 1264 servis
1250 1221 1327 1264 ex
1366 1199 1694 1264 Athenaeo
1719 1197 1891 1275 XIV,
1921 1198 2053 1264 658
2079 1198 2133 1263 Ε
2176 1198 2334 1264 olim
2361 1205 2599 1276 sumto,

263 1325 365 1389 quo
394 1306 523 1370 loco
556 1306 927 1370 Athenaeus
971 1326 1097 1369 non
1144 1303 1375 1370 liberos
1422 1309 1487 1368 et
1534 1324 1750 1368 servos
1799 1303 1910 1368 sed
1958 1325 2173 1369 servos
2223 1305 2602 1370 domesticos

264 1419 445 1476 contra
498 1411 839 1476 conductos
898 1412 965 1474 in
1026 1410 1161 1475 foro
1206 1411 1473 1496 opponit
1491 1458 1508 1487 ‚
1557 1412 1967 1494 consequitur
2014 1417 2088 1473 ut
2136 1410 2212 1474 de
2259 1410 2604 1496 Posidippo

266 1524 481 1584 auctore
540 1538 663 1581 non
726 1521 812 1580 sit
872 1515 1311 1601 cogitandum.
1374 1514 1620 1580 Fabula
1665 1523 1764 1579 est
1810 1514 2168 1580 Menandri.
2233 1514 2602 1581 Choricius:

268 1631 361 1688 τῶν
400 1621 715 1703 Μενάνδρῳ
763 1623 1181 1698 πεποιημένων
1234 1621 1562 1700 προσώπων
1605 1659 1690 1668 -
1733 1620 2060 1701 Σμικρίνης
2110 1627 2216 1700 (--
2238 1621 2491 1702 Euclio)
2519 1657 2604 1670 —

266 1730 289 1793 ὅ
326 1729 501 1800 δεδιὼς
547 1728 699 1804 μήτι
747 1733 865 1792 τῶν
900 1727 1061 1792 ἔνδον
1101 1727 1128 1791 ὃ
1169 1730 1402 1798 καπνὸς
1442 1726 1674 1806 οἴχοιτο
1712 1726 1912 1805 Φέρων
1956 1763 2042 1774 —-
2087 1726 2206 1803 „de
2246 1746 2360 1792 suo
2396 1725 2609 1813 lig-illo

271 1836 493 1910 „fumus
534 1838 590 1898 si
636 1833 791 1918 quid
830 1833 953 1897 fert
990 1831 1224 1897 foras'’.
1273 1831 1369 1897 De
1406 1831 1746 1902 Menandri
1789 1831 1959 1913 ὑδρίᾳ
2000 1852 2161 1897 anno
2209 1831 2379 1896 1881
2424 1853 2610 1916 expo-

270 1945 351 2005 sui
388 1944 447 2004 in
484 1938 683 2005 Versl.
734 1961 813 2004 en
856 1938 1110 2004 Meded.
1158 1937 1325 2003 Kon.
1376 1938 1582 2002 Akad.
1625 1938 1769 2002 Afd.
1819 1937 2104 2004 Letterk.
2148 1937 2228 2003 2e
2264 1939 2472 2004 Reeks
2513 1935 2610 2001 XI

270 2067 319 2131 p.
361 2044 498 2112 217.
544 2042 909 2111 Thesaurus
954 2047 1211 2110 nomine
1259 2044 1540 2129 quodam
1588 2043 1896 2109 feminino
1945 2044 2316 2130 designatus
2353 2045 2478 2109 fuit
2497 2093 2512 2120 ,
2557 2045 2612 2107 si

273 2153 515 2217 confusio
556 2151 671 2217 illa
717 2150 1018 2216 iocularis
1054 2153 1223 2215 inter
1260 2150 1463 2215 filiam
1500 2150 1861 2215 Phaedram
1902 2155 1968 2216 et
2005 2149 2224 2215 aulam
2261 2154 2329 2214 in
2370 2147 2612 2215 Graeco

275 2278 487 2342 quoque
528 2255 883 2343 exemplari
926 2256 1049 2320 fuit
1094 2255 1201 2336 (cf.
1248 2255 1337 2320 IV
1378 2255 1441 2333 9,
1470 2253 1600 2321 '72¹⁷
1627 2261 1810 2342 sqq.)‚
1861 2255 2032 2339 quod
2050 2305 2067 2334 ‚
2126 2259 2430 2340 quoniam
2474 2262 2610 2320 tam

276 2361 365 2426 diu
396 2362 499 2428 illa
534 2365 944 2428 continuatur
977 2359 1303 2446 probabile
1344 2366 1472 2439 est;
1528 2361 1604 2426 de
1644 2360 1838 2426 titulo
1881 2362 2196 2441 Θησαυρὸς
2237 2364 2444 2448 igitur
2485 2384 2611 2426 non

273 2475 351 2533 est
389 2469 811 2556 cogitandum.

338 2773 575 2862 Hageni
628 2772 920 2841 Gradum
966 2774 1045 2838 ad
1091 2773 1368 2840 Criticen
1416 2773 1589 2860 Lips.
1647 2771 1820 2840 1879
1868 2777 1978 2860 qui
2027 2797 2229 2860 nuper
2281 2784 2614 2854 „scrutum

269 2879 583 2962 pusillum'’
634 2883 705 2944 in
750 2879 1115 2964 Spectatore
1162 2880 1221 2943 N
1224 2878 1620 2944 ederlandico
1668 2879 1832 2944 dixit
1849 2927 1865 2956 ‚
1915 2879 2210 2945 libellum
2259 2884 2616 2968 exagitavit

269 3004 391 3050 saue
443 2988 711 3050 minime
774 2983 1135 3071 elegantem
1152 3033 1169 3062 ‚
1225 2984 1334 3049 sed
1381 2984 1733 3050 admodum
1781 2986 2096 3050 tironibus
2145 2985 2376 3051 utilem
2395 3035 2410 3064 ,
2462 3007 2612 3050 cum

268 3095 605 3175 praesertim
648 3089 815 3156 alius
860 3111 985 3154 non
1030 3095 1237 3154 exstet
1282 3109 1407 3175 quo
1448 3092 1553 3153 via
1603 3095 1667 3154 et
1713 3091 1957 3156 ratione
1997 3091 2074 3155 de
2113 3094 2332 3156 critica
2370 3091 2616 3176 palaeo-

267 3197 535 3282 graphica
596 3201 972 3282 exponatur.
1036 3194 1105 3260 Si
1169 3198 1313 3280 quis
1375 3194 1686 3280 exemplis
1705 3243 1720 3272 ‚
1785 3218 1910 3261 non
1959 3219 1992 3262 e
2038 3193 2614 3283 grammaticorum

270 3302 519 3369 sordibus
538 3352 555 3381 ,
618 3302 731 3367 sed
792 3323 871 3366 ex
931 3302 1111 3367 bonis
1176 3302 1591 3385 scriptoribus
1655 3301 1954 3388 allegatis
1978 3351 1994 3379 ,
2043 3303 2327 3368 similem
2372 3303 2614 3368 librum

272 3415 571 3494 componat
616 3410 959 3494 propositis
1008 3410 1243 3493 partim
1291 3407 1770 3492 quaestionibus
1787 3457 1804 3484 ‚
1867 3429 1992 3473 non
2039 3408 2270 3474 solutis
2320 3411 2617 3474 omnibus

273 3517 457 3598 (quem
514 3515 595 3579 ad
656 3513 924 3578 modum
994 3512 1369 3598 Madvigius
1439 3516 1505 3576 in
1572 3515 1846 3578 introitu
1907 3513 1986 3578 ad
2049 3514 2212 3579 Adv.
2263 3514 2421 3582 Orit.
2493 3537 2616 3582 nou

280 3622 403 3682 satis
443 3620 520 3684 ad
564 3618 917 3685 acuendam
958 3618 1344 3682 industriam
1390 3617 1868 3682 accommodate
1915 3618 2125 3699 fecit),
2182 3620 2340 3685 bene
2386 3625 2620 3686 mereri

284 3727 445 3804 possit
484 3725 558 3791 de
608 3723 843 3790 studiis
888 3726 1239 3789 iuniorum.
1299 3723 1469 3787 Nam
1518 3743 1648 3788 non
1697 3726 1912 3788 minus
1961 3727 2211 3790 critices
2258 3725 2620 3812 palaeogra-

290 3827 465 3908 phicae
506 3849 697 3916 quam
742 3833 1204 3917 grammaticae
1242 3837 1307 3894 et
1348 3832 1634 3895 cuiusvis
1673 3829 1872 3894 studii
1909 3833 2242 3896 severioris
2279 3832 2621 3897 methodus

298 3931 467 3998 ordine
507 3934 917 4000 demonstrari
956 3939 1187 4020 potest.
1236 3933 1359 3999 Sed
1400 3938 1698 4019 quamvis
1737 3935 1910 4000 arida
1948 3939 2032 4000 sit
2069 3933 2218 4000 libri
2256 3937 2620 4022 Hageniani

310 4041 543 4103 materies
559 4089 575 4116 ,
628 4060 703 4106 ea
757 4043 897 4127 ipsa
954 4047 1172 4105 tamen
1235 4043 1289 4104 si
1335 4061 1485 4104 cum
1534 4039 1763 4104 studiis
1811 4040 2108 4106 Loeweni
2152 4041 2623 4128 glossographi-

318 4140 379 4202 cis
411 4151 790 4228 componatur
832 4145 1093 4232 aliquod
1136 4144 1448 4210 lucellum
1495 4149 1824 4230 promittit
1843 4194 1859 4224 ,
1907 4151 1983 4210 ut
2027 4149 2406 4212 memoriam
2453 4155 2623 4213 vete-

324 4261 428 4306 mm
470 4251 785 4317 verborum
849 4271 1047 4338 paene
1108 4256 1604 4317 intermortuam
1622 4300 1638 4328 ,
1699 4257 1812 4315 aut
1855 4253 2130 4338 ineptias
2174 4258 2624 4339 grammatico-

328 4365 433 4412 rum
460 4373 899 4440 cognoscamuS.
942 4357 1217 4423 Difficile
1256 4357 1522 4422 subinde
1565 4363 1662 4421 est
1699 4361 2088 4422 constituere
2119 4358 2312 4423 hasne
2337 4359 2622 4425 anillam
