3192 5009
545 190 677 258 316
1575 210 1900 260 nonnus.

540 376 802 444 Euboea
847 374 1172 462 τηλοτάτω
1226 341 1323 442 est
1370 399 1404 452 η
1434 373 1565 442 322
1613 378 1830 463 itaque
1872 383 2062 464 poete.
2095 398 2204 443 eos
2243 379 2516 443 removit
2553 376 2949 463 septentrio-

535 503 687 549 nem
730 504 953 548 versus
999 504 1115 550 neo
1160 481 1509 576 Corcyram
1554 483 1863 550 incolunt.

629 702 890 810 LXXV.
957 702 1140 783 Quod
1183 702 1427 790 legitur
1474 703 1692 769 1141:

812 808 1014 889 αὐτὰρ
1060 809 1161 874 ἐπὶ
1212 808 1432 889 κρατὸς
1482 811 1727 885 λιμένος
1777 809 1893 889 ῥέει
1940 811 2190 888 ἀγλαὸν
2238 808 2426 891 ὕδωρ,

710 923 715 926 ’
811 915 989 995 κρήνη
1042 914 1186 979 ὑπὸ
1233 915 1472 989 σπέεος.

537 1020 785 1089 collatis
830 1021 989 1087 locis
1038 1021 1259 1107 quales
1304 1029 1456 1087 sunt
1502 1036 1543 1087 λ
1571 1019 1656 1088 37
1701 1023 1750 1087 οἱ
1789 1021 1842 1086 δ’
1867 1022 2119 1103 ἥγροντο
2153 1025 2364 1104 ψυχαὶ
2408 1025 2511 1089 ὑπ’
2552 1021 2619 1100 ἐξ
2663 1021 2942 1101 ἕρέβευς,

539 1152 590 1205 μ
620 1125 747 1194 10¹7
798 1126 1041 1208 ῥύεσθαι
1091 1128 1193 1191 ὑπ’
1243 1129 1311 1192 ἐκ
1359 1133 1587 1207 κακοῦ,
1630 1126 1808 1193 ι489
1847 1125 1924 1193 ἵν’
1967 1131 2075 1194 ὑπ’
2119 1131 2190 1194 ἐκ
2228 1128 2552 1206 κακότητα
2589 1130 2942 1210 φύγοιμεν,

541 1235 805 1300 ooniioio
850 1254 1075 1299 veram
1118 1219 1462 1299 lectionem
1508 1255 1646 1300 esse
1693 1236 1728 1299 ὑ
1746 1234 1816 1298 π’
1864 1234 1948 1299 ἔκ
1997 1236 2236 1309 σπέεος.
2286 1235 2523 1302 Itidem
2569 1233 2944 1301 conferendi

540 1346 693 1407 sunt
752 1361 879 1406 vss.
943 1338 984 1420 ζ
1002 1335 1088 1406 87
1132 1361 1303 1425 sqq.:
1367 1340 1527 1406 πολὺ
1592 1339 1646 1404 δ’
1696 1335 1844 1419 ὕδωρ
1890 1379 1977 1389 -.
2027 1343 2220 1408 καλὸν
2283 1342 2690 1422 ὑπεκπρόρεεν
2753 1340 2944 1418 μάλα

541 1471 655 1528 περ
702 1445 1015 1527 ῥυπόωντα
1057 1449 1348 1525 καθῆραι·
1396 1444 1506 1511 ἕνθ’
1553 1445 1630 1512 αἵ
1658 1448 1724 1524 γ’
1768 1447 2041 1524 ἡμιόνους
2083 1449 2197 1526 μὲν
2247 1449 2945 1525 ὑπεκπροέλυσαν

542 1553 821 1631 ἀπήνης,
890 1551 1001 1616 sed
1062 1550 1291 1616 malim
1354 1558 1521 1617 certe
1586 1553 2322 1634 ὑπεκπαρέλυσαν,
2391 1575 2544 1620 nam
2589 1553 2946 1634 παραλύειν

542 1661 697 1725 novi
713 1707 730 1736 ‚
780 1655 1062 1737 προλύειν
1109 1658 1275 1723 1111111
1324 1658 1585 1744 quidem
1634 1680 1706 1724 eo
1754 1680 1946 1724 sensu
1990 1660 2359 1726 inauditum
2406 1666 2523 1726 est.

641 1861 933 1928 LXXVI.
996 1857 1301 1928 Nondum
1348 1868 1704 1929 correctum
1750 1865 1876 1929 fuit
1923 1862 2139 1929 1348:

824 1966 1121 2048 Κύκλωψ,
1169 1974 1284 2046 τῆ,
1334 1968 1437 2032 πίε
1485 1964 1838 2047 οἶνον,·ἐπε1
1889 1969 2106 2051 φάγες
2155 1968 2468 2049 ἀνδρόμεα
2519 1969 2707 2049 κρέα,

828 2073 862 2139 ό
874 2082 928 2158 φ
946 2074 992 2152 ρ’
1041 2070 1275 2155 εἵδῃο
1302 2067 1419 2138 οἶόν
1466 2097 1526 2138 τι
1575 2074 1761 2139 ποτὸν
1808 2076 1945 2141 τόδε
1993 2079 2133 2150 νηῦς
2182 2075 2503 2141 ἐκεκεύθει.

553 2181 801 2250 Collato
851 2207 883 2256 η
911 2179 1043 2247 328
1092 2180 1568 2267 simplicissima
1615 2187 1711 2246 est
1759 2185 2094 2248 eorrectio:
2143 2205 2173 2247 ε
2193 2181 2318 2257 1δή
2338 2204 2377 2245 σ
2396 2206 2461 2246 ει
2483 2205 2534 2252 ς.

641 2383 966 2450 LXXVII.
1032 2385 1152 2450 Est
1196 2383 1259 2449 Ν
1260 2384 1476 2450 auokii
1524 2387 1888 2451 coniectura
1934 2384 2010 2451 ad
2061 2407 2116 2465 χ
2141 2382 2294 2462 385,
2347 2384 2459 2449 ubi
2502 2383 2808 2470 perfacile
2853 2384 2939 2446 in-

554 2489 878 2578 telligitur
938 2512 1051 2556 our
1111 2512 1224 2577 pro
1276 2499 1546 2556 κοῖλον
1595 2491 1656 2563 ἐς
1708 2489 2000 2568 αἰγιαλόν
2048 2488 2238 2556 malit
2282 2491 2573 2571 λευρὸν
2621 2491 2685 2564 ἐς
2737 2490 2940 2565 αἰγια-

545 2595 673 2662 λόν.
740 2597 1153 2664 Adieotivum
1214 2596 1417 2678 λευρὸς
1482 2595 1683 2663 semel
1744 2599 2003 2662 omnino
2051 2595 2222 2682 apud
2266 2596 2632 2662 Homerum
2678 2594 2932 2682 legitur,

548 2725 778 2790 nempe
850 2728 883 2777 η
916 2703 1065 2782 123,
1138 2704 1323 2783 λευρῷ
1392 2703 1470 2766 ἐνὶ
1536 2704 1747 2783 χώρῳ,
1817 2705 1928 2788 qui
1971 2701 2150 2767 loeus
2196 2723 2320 2768 non
2368 2702 2444 2768 de
2493 2701 2698 2768 nihilo
2747 2699 2932 2766 Vobis

544 2809 966 2896 interpolatus
1011 2809 1288 2886 videtur,
1339 2807 1505 2873 unde
1552 2811 1622 2872 in
1668 2807 1945 2872 editione
1993 2807 2221 2872 XXIX
2274 2806 2624 2874 versiculos
2683 2803 2932 2872 minori-

547 2917 667 2982 bus
718 2916 923 2982 lit-eris
970 2915 1315 2980 exerendos
1362 2916 1722 2980 curavistis,
1789 2911 2013 2999 Itaque
2060 2913 2332 2980 fortasse
2383 2917 2799 2980 temerarium
2843 2913 2930 2974 est

548 3020 673 3087 alio
733 3020 872 3087 loco
934 3020 1107 3086 idem
1152 3019 1541 3086 vocabulum
1587 3025 1813 3104 poetae
1859 3019 2119 3085 reddere
2167 3019 2335 3085 velle
2353 3042 2370 3098 ;
2424 3020 2534 3085 sed
2583 3017 2926 3085 videndum

548 3133 767 3194 tamen
813 3130 981 3192 satin
1020 3133 1189 3192 recte
1230 3126 1457 3191 edatur
1498 3150 1533 3188 κ
1560 3124 1647 3191 94
1688 3125 1934 3199 λευκὴ
1977 3124 2028 3189 δ’
2071 3123 2139 3200 ἦν
2179 3125 2349 3205 ἀμφὶ
2395 3126 2665 3204 γαλήνη.
2717 3123 2927 3194 Πολιῆν

552 3230 686 3300 ἅλα
729 3235 917 3310 novi,
959 3236 1100 3318 quis
1138 3254 1451 3318 umquam
1489 3234 1712 3306 λευκὴν
1751 3229 2141 3318 appellavit?
2179 3231 2466 3297 Eandem
2508 3232 2930 3301 confusionem

550 3339 709 3405 olim
751 3339 1051 3404 odoratus
1098 3360 1246 3404 sum
1290 3341 1359 3402 in
1408 3337 1738 3424 Euripidis
1787 3337 2053 3405 Helena.

643 3538 999 3630 LXXVIII.
1066 3565 1103 3606 κ
1134 3537 1261 3606 179
1284 3561 1297 3605 :

823 3647 892 3710 ἐκ
939 3645 1003 3711 δὲ
1050 3670 1086 3710 κ
1109 3669 1150 3708 α
1167 3660 1208 3711 λ
1225 3670 1258 3711 υ
1275 3652 1329 3725 ψ
1349 3642 1395 3710 οἱ
1410 3670 1461 3723 μ
1479 3672 1505 3712 ε
1528 3670 1559 3711 ν
1576 3669 1639 3712 οι
1693 3647 1868 3726 παρὰ
1917 3649 2024 3713 θῖν’
2072 3647 2222 3720 ἁλὸς
2275 3646 2630 3727 ἀτρυγέτοιο

826 3751 1116 3826 θηήσαντ’
1165 3751 1424 3832 ἔλαφον.

548 3859 959 3947 Intelligam:
1011 3859 1078 3923 ἐκ
1126 3857 1188 3924 δὲ
1234 3859 1878 3936 τανυσσάμενοι.

644 4063 946 4128 LXXIX.
994 4061 1393 4128 Describitur
1439 4061 1644 4128 lectus
1690 4062 1937 4160 Laertie
1986 4065 2267 4128 aestivus
2318 4076 2357 4125 λ
2387 4061 2551 4127 194;

826 4169 1086 4252 φύλλων
1133 4171 1636 4247 κεκλιμένων
1684 4171 2026 4250 χθαμαλαὶ
2075 4169 2445 4248 βεβλήαται
2495 4171 2686 4235 εὐναί.

554 4275 815 4364 Optimo
875 4279 1014 4342 iure
1077 4276 1269 4343 Vobis
1334 4275 1626 4363 displicet
1688 4279 2102 4366 participium
2149 4274 2538 4356 κεκλιμένων.
2611 4271 2906 4366 Equidem
