3192 5009
521 311 656 384 298
1247 333 1334 382 An
1379 331 1639 382 smum
1680 331 2143 382 monimum.

612 499 1010 567 Vocabulum
1053 499 1240 586 quale
1287 505 1385 566 est
1429 499 1685 564 victoria
1728 500 2033 567 excidisse
2080 521 2207 566 non
2250 499 2455 566 credo.
2506 499 2756 565 Milites
2775 549 2792 576 ‚
2846 501 2913 564 si

522 610 792 673 victoria
831 606 1240 684 laetarentur,
1288 627 1362 670 eo
1408 607 1730 690 proniores
1776 611 1983 672 essent
2028 606 2109 672 ad
2154 605 2423 672 Metello
2470 626 2659 691 opem
2696 605 2911 671 feren-

523 713 672 778 dam
709 734 860 778 cum
901 712 1138 800 gaudio
1175 713 1268 776 rei
1307 712 1464 776 bene
1504 719 1725 797 gestae
1762 711 1943 777 facile
1982 714 2273 778 homines
2310 712 2391 778 ad
2426 711 2673 777 labores
2696 713 2909 777 etiam

521 821 734 908 magis
771 818 998 885 arduos
1037 820 1439 904 arripiantur.
1479 815 1765 884 Verbum
1800 817 2059 903 aliquod
2095 818 2490 884 desideratur
2526 839 2653 904 quo
2678 816 2909 882 vivide

521 930 920 1013 exprimatur
963 923 1254 990 militum
1299 924 1484 990 ardor
1527 929 1719 1009 atque
1764 944 1944 990 amor
1986 945 2139 1010 erga
2174 923 2435 1001 ducem;
2485 926 2597 1009 qui
2616 971 2633 999 ,
2676 943 2911 1008 quem-

520 1035 621 1098 vis
681 1031 1016 1117 defetigati
1073 1032 1300 1095 itinere
1363 1035 1554 1115 atque
1602 1049 1790 1114 opere
1836 1035 2190 1094 castrorum
2238 1036 2302 1094 et
2346 1028 2589 1114 proelio
2606 1078 2623 1106 ,
2673 1035 2903 1094 tamen

521 1159 772 1224 semper
836 1139 1042 1222 parati
1111 1141 1260 1200 sunt
1319 1135 1400 1201 ad
1462 1134 1785 1222 agendum
1842 1136 1981 1200 ubi·
2012 1136 2145 1200 dux
2206 1155 2430 1201 eorum
2478 1138 2547 1200 in
2592 1133 2907 1220 periculis

519 1251 828 1310 versatur.
889 1241 1094 1323 Quare
1149 1240 1368 1306 locum
1427 1240 1763 1307 emendare
1824 1249 2083 1307 conatus
2144 1263 2293 1307 sum
2350 1240 2677 1307 scribendo
2718 1241 2906 1327 seui

500 1349 844 1436 fractique.

612 1551 682 1621 C.
733 1551 840 1618 63.
867 1551 910 1616 4
955 1553 1058 1616 Ita
1103 1553 1262 1615 inter
1305 1551 1459 1615 artis
1502 1553 1682 1614 bonas
1726 1551 2019 1632 inteqrum
2060 1551 2363 1632 inqem‘um
2399 1551 2561 1615 brevi
2600 1553 2897 1617 adolevit.

518 1680 655 1739 erqo
721 1658 824 1721 ubi
871 1657 1134 1739 primum
1191 1643 1555 1720 tribunam
1612 1655 1933 1720 militarem
1993 1681 2032 1719 a
2080 1657 2311 1740 populo
2344 1658 2507 1739 petit
2521 1705 2539 1735 ,
2578 1658 2901 1743 plerisque

521 1764 742 1830 facim
781 1763 914 1826 ciue
956 1762 1368 1850 ignorantibus
1385 1811 1402 1839 ‚
1435 1761 1649 1847 facile
1693 1769 1867 1826 notus
1898 1785 2017 1844 per
2064 1763 2248 1826 omnis
2294 1762 2484 1826 tribus
2519 1763 2897 1828 declaratur.

609 1867 901 1934 Schmalz
969 1864 1211 1948 (Gotha
1258 1865 1458 1948 1882)
1517 1869 1612 1931 ite
1672 1867 2011 1933 transferre
2068 1869 2280 1933 iubet:
2346 1867 2725 1947 „Trotzdem
2770 1871 2899 1936 ihn

518 1975 619 2041 die
663 1977 933 2040 meisten
977 1975 1153 2040 nicht
1195 1995 1322 2039 von
1365 1974 1717 2060 Angesicht
1762 1973 2043 2039 kannten
2057 2023 2074 2053 ,
2123 1995 2255 2039 war
2300 1996 2369 2041 er
2411 1974 2572 2040 doch
2616 1977 2900 2040 ziembich

517 2082 772 2146 bekannt
815 2080 949 2144 und
993 2079 1207 2145 wurde
1253 2079 1559 2145 deshalb''
1609 2085 1729 2144 etc.

604 2186 962 2252 Palmerius
999 2189 1264 2252 coniecit
1284 2187 1493 2272 factis
1530 2193 1705 2250 notus
1719 2234 1737 2264 ,
1778 2187 1947 2272 quod
1982 2186 2175 2252 multi
2198 2187 2469 2253 editores
2490 2199 2895 2276 receperunt.

514 2292 640 2359 Sed
697 2315 852 2379 rogo
915 2293 1144 2378 quibus
1205 2293 1388 2358 factis
1449 2291 1697 2356 Marius
1760 2292 2117 2359 adolescens
2162 2294 2370 2360 clarus
2416 2294 2553 2360 fieri
2598 2299 2899 2381 potuerit

513 2402 697 2466 cuius
764 2420 843 2464 ne
913 2400 1138 2464 faciem
1207 2399 1470 2484 quidem
1539 2397 1825 2484 plerique
1885 2403 2235 2466 novissent.
2305 2399 2685 2488 Legendum
2746 2423 2895 2469 esse

516 2509 738 2590 opinor
766 2507 958 2591 fama
1000 2512 1193 2569 notus.

603 2608 701 2677 Of.
766 2608 836 2678 O.
886 2609 992 2676 84.
1020 2610 1062 2675 2
1124 2631 1358 2695 paucos
1417 2611 1588 2676 fama
1648 2614 1977 2698 cognitos,
2042 2620 2106 2678 et
2151 2611 2333 2701 Virg.
2384 2615 2541 2679 Aen.
2599 2613 2655 2682 1.
2708 2614 2889 2682 383:

511 2718 684 2784 fame
725 2737 917 2802 super
960 2715 1215 2782 aethera
1257 2723 1466 2782 notus.

602 2935 673 3004 O.
724 2934 831 3000 90.
864 2933 897 2998 1
971 2935 1159 3015 iqitur
1221 2935 1428 2998 consul
1492 2937 1755 2999 omnibus
1815 2938 2143 3019 exploratis
2159 2988 2176 3016 ,
2240 2942 2413 3004 credo
2479 2942 2578 3006 dis
2622 2943 2847 3027 frehun
2862 2993 2883 3022 ‚

507 3065 648 3108 nam
695 3089 710 3106 .
739 3089 756 3106 .
783 3087 799 3105 .
829 3089 844 3104 .
891 3047 1050 3116 erat,
1099 3047 1291 3103 tamen
1322 3063 1445 3123 pro
1491 3042 1582 3106 rei
1626 3043 1799 3124 copia
1841 3043 1993 3107 satie
2026 3045 2421 3127 providenter
2468 3055 2735 3112 exornat.

598 3146 673 3211 In
719 3144 791 3213 G.
844 3144 950 3209 52.
978 3145 1017 3210 5
1061 3146 1334 3211 verbum
1378 3169 1663 3210 exornare
1699 3169 1847 3213 cum
1886 3150 2127 3216 obiecto
2163 3152 2398 3232 (aciem)
2437 3156 2721 3238 positum
2756 3161 2882 3234 est,

506 3256 792 3338 itemque
837 3248 975 3317 Cat.
1028 3249 1134 3316 36.
1168 3251 1201 3315 1
1251 3251 1688 3332 (vicinitatem),
1734 3275 1937 3339 neque
1984 3277 2256 3342 usquam
2306 3257 2597 3324 absolute
2635 3261 2885 3327 adhibi-

505 3367 651 3426 tum
698 3358 970 3424 videtur.
1034 3356 1479 3445 Frendenberg
1525 3365 1669 3443 post
1701 3362 2091 3442 providenter
2107 3390 2127 3426 .-
2172 3363 2291 3427 iter
2337 3365 2643 3432 excidisse
2688 3375 2883 3455 putet

505 3489 540 3533 e
610 3465 946 3530 literarum
1003 3463 1460 3528 similitudine:
1524 3485 1645 3550 ego
1705 3463 1843 3532 loco
1908 3469 2149 3534 mederi
2210 3470 2436 3536 malim
2484 3494 2597 3558 pro
2644 3479 2843 3539 tamen
2858 3503 2879 3538 .-

505 3595 711 3654 aymen
753 3568 1215 3635 substituendo.

596 3773 668 3840 O.
717 3769 824 3837 97.
853 3769 894 3834 3
943 3769 1034 3832 ita
1077 3771 1370 3834 amborum
1403 3772 1665 3836 exercitu
1704 3777 2010 3841 coniuncto
2050 3779 2321 3844 Marium
2356 3783 2475 3846 iam
2513 3783 2585 3847 in
2622 3783 2875 3850 hiberna

490 3879 964 3965 proficiscentem
1011 3876 1112 3938 via·
1156 3878 1396 3939 decuma
1430 3885 1615 3959 parce
1659 3881 1758 3945 die
1804 3883 2041 3968 reliqua
2085 3885 2385 3951 invadunt
2396 3938 2413 3966 ,
2462 3891 2589 3953 rati
2625 3897 2871 3971 noctem,

502 4009 655 4073 quae
719 3984 840 4046 iam
907 3983 1152 4058 aderat,
1223 3987 1279 4044 et
1341 3981 1514 4046 victis
1570 3983 1688 4048 sibi
1744 3989 2095 4054 munimento
2138 3994 2297 4077 sore
2356 4001 2415 4057 et
2473 3997 2531 4059 εἰ
2574 3997 2875 4064 michem

501 4092 670 4158 nullo
712 4087 1146 4171 impedimento.

591 4196 816 4262 Nonne
870 4191 1065 4259 verba
1123 4213 1274 4276 quae
1319 4190 1439 4254 iam
1484 4195 1695 4258 aderat
1741 4205 1884 4282 post
1928 4200 2033 4264 vix
2076 4204 2319 4269 decuma
2353 4215 2541 4290 parte
2583 4208 2685 4273 cue
2730 4211 2873 4274 reli-

499 4328 620 4391 qua
664 4302 742 4368 ab
785 4297 995 4365 aliena
1039 4315 1238 4360 manu
1282 4297 1558 4381 profecte
1604 4300 1942 4368 videntur?
