3192 5009
1341 367 1627 423 nonve.
2500 351 2632 422 413

245 547 414 607 tum
460 560 707 627 quoque
757 543 921 619 „visi
969 542 1256 624 auspices
1274 589 1290 617 ,
1334 540 1445 605 dos
1484 547 1549 605 et
1587 538 1861 626 genialis
1898 541 2140 606 torus.’'
2188 538 2249 606 N
2251 561 2320 606 ec
2357 541 2637 606 mirabor

247 651 311 713 si
361 647 483 714 ille
526 647 874 714 Herculem
923 649 1127 733 egerit
1171 646 1342 733 apud
1391 644 1765 732 Omphalen.

349 752 557 818 Plura
620 755 923 840 suspicari
986 773 1326 838 possumus
1387 773 1580 836 quam
1642 751 1888 839 liquido
1948 753 2397 819 demonstrare.
2471 753 2637 834 Quid

247 859 526 924 tandem
587 858 788 924 Silius
849 863 911 924 et
973 856 1320 923 Messalina
1379 861 1448 922 in
1506 878 1689 923 scena
1747 856 2087 946 peregere?
2134 859 2260 924 Hic
2308 860 2636 926 commode

247 965 710 1052 Xenophontis
764 967 1032 1031 memini
1051 1013 1067 1042 ,
1134 967 1247 1051 qui
1307 967 1376 1028 in
1437 967 1732 1031 convivio
1796 964 1875 1030 ad
1922 964 2163 1032 calcem
2206 969 2299 1032 ita
2348 969 2633 1052 scripsit:

249 1073 327 1136 ἐκ
383 1073 600 1136 τούτου
649 1079 878 1152 πρῶτον
924 1073 1037 1147 μὲν
1087 1072 1120 1144 ἦ
1171 1069 1455 1150 Ἀριάδνη
1506 1073 1582 1140 ὡς
1631 1072 1847 1147 νύμφη
1898 1072 2319 1149 κεκοσμημένη
2366 1073 2637 1149 παρῆλθε

250 1177 368 1242 καὶ
422 1177 887 1258 έκαθέζετοέπὶ
938 1182 1045 1241 τοῦ
1093 1176 1310 1257 θρόνου.
1361 1173 1541 1240 Οὕτω
1593 1177 1731 1262 (sed
1775 1175 1921 1264 lege
1971 1179 2187 1259 αὑτοῦ)
2234 1179 2298 1244 δὲ
2344 1178 2639 1257 φαινομέ-

251 1307 361 1348 νου
413 1289 520 1348 τοῦ
569 1284 889 1362 Διονύσου,
942 1285 1186 1358 ηὐλεῖτο
1239 1283 1268 1348 ὃ
1311 1291 1612 1363 Βακχεῖος
1652 1284 1891 1363 ῥυθμός.
1926 1286 2123 1349 Ἔνθα
2166 1285 2234 1358 δη
2276 1284 2638 1362 ἠγάσθησαν

250 1390 368 1454 τὸν
419 1389 1028 1470 δρχηςοδιδάσκαλον.
1079 1389 1273 1459 Εὐθὺς
1323 1389 1434 1464 μὲν
1473 1390 1599 1469 γὰρ
1641 1391 1675 1464 ἡ
1717 1389 2001 1467 Ἀριάδνη
2044 1389 2367 1456 ἀκούσασα
2406 1391 2641 1457 τοιοῦτό

254 1521 320 1561 τι
392 1496 690 1575 ἐποίησεν,
757 1497 832 1568 ὥς
895 1499 1021 1569 πᾶς
1087 1495 1164 1561 ἂν
1228 1493 1422 1574 ἔγνω,
1486 1491 1576 1560 ὅτι
1623 1496 1860 1570 άσμένη
1912 1494 2127 1571 ἤκουσε
2176 1498 2280 1562 καὶ
2333 1499 2639 1575 ὑπήντησε

254 1603 382 1680 μὲν
455 1603 557 1681 οὔ,
627 1602 750 1667 οὐδ’
812 1603 1034 1679 άνέςη,
1101 1601 1251 1677 δήλη
1316 1603 1368 1667 δ’
1418 1594 1485 1674 ἦν
1543 1599 1723 1679 μόλις
1790 1603 2116 1682 ἦρεμοῦσα.
2167 1605 2350 1670 Ἐπεί
2394 1627 2473 1683 γε
2520 1606 2644 1682 μην

257 1708 560 1774 κατεῖδεν
621 1710 814 1783 αὐτὴν
875 1709 902 1772 ὃ
952 1710 1276 1786 Διόνυσος,
1325 1707 1733 1789 έπιχορεύσας
1784 1706 1981 1789 ὥσπερ
2028 1709 2105 1775 ἂν
2150 1709 2209 1775 εἴ
2250 1734 2341 1783 τις
2393 1715 2645 1792 φιλικώ-

257 1839 477 1893 τατα,
521 1815 836 1896 ἐκαθέζετο
879 1815 976 1879 ἐπὶ
1018 1821 1135 1880 τῶν
1171 1813 1449 1892 γονάτων
1465 1811 1544 1896 (Ἰ)
1584 1814 1690 1878 καὶ
1734 1816 2086 1896 περιλαβὼν
2113 1817 2403 1898 ἐφίλησεν
2429 1817 2641 1894 αὑτήν.

260 1920 344 1986 ‘H
391 1921 448 1986 δ’
489 1921 807 2002 αἰδουμένη
844 1923 955 1998 μὲν
995 1919 1200 2001 ἐῴκει,
1243 1917 1401 1998 ὅμως
1442 1921 1504 1986 δὲ
1543 1922 1803 2001 φιλικῶς
1848 1922 2511 2002 άντιπεριελάμβανεν.
2562 1925 2642 1989 Οἱ

259 2029 326 2094 δὲ
383 2029 704 2104 συμπόται
751 2028 994 2108 δρῶντες
1045 2023 1188 2103 ἅμα
1233 2027 1347 2104 μὲν
1385 2025 1677 2106 ἐκρότουν,
1716 2024 1859 2103 ἅμα
1900 2027 1949 2093 δ’
1990 2028 2178 2107 ἐβόων
2226 2026 2470 2103 αὖθις.
2515 2031 2643 2103 Ὠς

261 2135 316 2200 δ’
392 2136 422 2200 ὀ
490 2135 773 2205 Διόνυσος
840 2131 1204 2209 ἄνις-άμενος
1264 2132 1637 2208 συνανέςησε
1698 2135 1832 2211 μεθ’
1882 2134 2099 2204 huz-05
2150 2137 2258 2208 τὴν
2305 2136 2643 2215 Ἀριάδνην,

265 2242 338 2305 ἐκ
410 2242 630 2307 τούτου
694 2241 763 2313 δὴ
827 2240 1167 2322 φιλούντων
1212 2263 1282 2303 τε
1331 2239 1432 2304 καὶ
1483 2239 1926 2322 άσπαζομένων
1971 2243 2281 2317 ἀλλήλους
2330 2244 2643 2325 σχήματα

268 2356 483 2429 παρῆν
544 2348 905 2413 θεάσασθαι.
975 2347 1052 2412 Οἱ
1115 2345 1165 2410 δ’
1215 2347 1459 2425 ὁρῶντες
1521 2343 1699 2417 ὄντως
1766 2346 1953 2412 καλὸν
2013 2348 2125 2423 μὲν
2191 2351 2293 2413 τὸν
2342 2350 2644 2427 Διόνυσον,

267 2453 505 2535 ὡραίαν
570 2451 633 2518 δὲ
695 2455 803 2527 την
869 2451 1207 2532 Ἀριάδνην,
1273 2453 1338 2517 ού
1384 2452 1782 2524 σκώπτοντας
1832 2452 1931 2530 δὲ,
1981 2454 2129 2517 ἀλλ’
2181 2455 2473 2529 α’ληθινῶς
2522 2463 2647 2528 τοῖς

269 2560 515 2635 ςόμασι
564 2563 938 2642 φιλοῦντας,
989 2557 1220 2628 πάντες
1251 2557 1747 2637 ,άνεπτερωμένοι
1797 2558 2056 2624 ἐθεῶντο.
2110 2559 2243 2630 Καὶ,
2276 2559 2401 2638 γὰρ
2441 2559 2651 2636 ἤκουον

271 2670 384 2730 τοῦ
436 2663 726 2730 Διονύσου
772 2666 884 2741 μὲν
935 2665 1343 2744 ἐπερωτῶντος
1395 2664 1590 2739 αὐτὴν
1637 2665 1690 2728 εἰ
1739 2669 1921 2743 φιλεῖ
1964 2665 2170 2743 αὐτόν,
2220 2672 2329 2738 τῆς
2377 2665 2426 2731 δ’
2464 2663 2649 2736 οὕτως

274 2772 717 2850 ἔπομνυούσης,
763 2769 878 2839 ὥτε
925 2774 1013 2848 μη
1061 2770 1238 2846 μόνον
1285 2771 1388 2834 τὸν
1438 2769 1719 2835 Διόνυσον
1770 2772 1944 2836 άλλιὶ
1994 2771 2098 2835 καὶ
2149 2770 2289 2843 τοὺς
2338 2771 2647 2852 παρόντας

273 2875 578 2949 ἅπαντας
618 2878 984 2956 συνομόσαι,
1027 2874 1062 2952 ἦ
1103 2880 1223 2952 μὴν
1259 2877 1360 2940 τὸν
1402 2877 1604 2942 παῖδα
1652 2876 1755 2941 καὶ
1805 2878 1914 2952 τὴν
1962 2878 2160 2944 παῖδα
2214 2878 2312 2941 ὑπ’
2359 2879 2650 2952 ἀλλήλων

277 2987 627 3064 φιλεῖσθαι.
675 2985 982 3066 Ἐῴκεσαν
1031 2985 1156 3064 γὰρ
1205 2985 1271 3049 οὐ
1318 2981 1771 3062 δεδιδαγμένοις
1820 2983 1904 3048 τὰ
1944 2984 2257 3065 σχήματα
2302 2985 2449 3050 ἄλλ’
2489 2987 2655 3064 ἐφει-

275 3090 482 3166 μένοις
533 3090 823 3172 πράττειν
870 3083 913 3156 ἃ
962 3091 1166 3154 πάλαι
1215 3089 1572 3165 ἐπεθύμουν.
1622 3089 1817 3162 Τέλος
1868 3091 1920 3156 δ’
1961 3092 2011 3155 οἱ
2060 3090 2375 3168 συμπόται
2428 3092 2652 3165 ἰδόντες

280 3197 825 3277 περιβεβληκότας
890 3199 949 3261 τ’
997 3197 1305 3270 άλλήλους
1372 3196 1475 3261 καὶ
1539 3198 1615 3268 ὡς
1680 3197 1762 3270 εἷς
1828 3198 1998 3270 εὐνὴν
2058 3197 2392 3282 ἀπιόντας,
2443 3200 2493 3263 ol
2541 3201 2654 3276 μὲν

181 3327 184 3332 ·
282 3303 533 3383 ἄγαμοι
582 3311 815 3380 γαμεῖν
861 3304 1244 3380 έπώμνυσαν,
1296 3302 1422 3368 κτὲ.

376 3410 535 3476 Erat
579 3409 786 3477 hercle
832 3416 1019 3495 turpe
1064 3415 1390 3475 matronae
1431 3409 1751 3474 Romanae
1790 3408 1917 3474 tale
1960 3409 2396 3495 spectaculum
2438 3410 2619 3476 edere
2636 3459 2653 3488 ,

285 3519 546 3583 absente
589 3520 728 3582 viro
773 3517 1182 3602 praesertim3
1233 3515 1341 3580 sed
1387 3536 1514 3580 non
1559 3536 1719 3600 opus
1764 3520 1899 3581 erat
1947 3521 2159 3582 tentos
2208 3519 2371 3582 ciere
2416 3515 2663 3582 tumul-

287 3627 429 3689 tus:
477 3644 698 3689 eorum
714 3672 732 3702 ‚
780 3643 940 3708 quae
985 3628 1274 3708 peccarat
1319 3624 1596 3706 pessima
1642 3621 1894 3700 mulier,
1946 3623 2064 3687 hoc
2110 3625 2459 3687 minimum
2502 3628 2655 3688 erat.

288 3727 416 3795 Sed
471 3735 607 3794 erat
667 3731 934 3795 uxorius
995 3731 1284 3813 princeps
1345 3726 1599 3814 qualem
1661 3726 1961 3794 describit
2024 3727 2366 3794 Suetonius
2428 3749 2481 3794 c.
2533 3726 2656 3793 29:

294 3835 536 3913 „Nulla
597 3836 750 3902 adeo
812 3837 1087 3920 suspicio
1107 3883 1123 3912 ,
1186 3832 1402 3899 nullus
1461 3840 1683 3900 auctor
1729 3841 1863 3900 tam
1904 3833 2067 3900 levis
2113 3837 2396 3913 exstitit,
2448 3855 2485 3898 a
2534 3854 2658 3918 quo

293 3963 421 4008 non
487 3942 790 4010 mediocri
861 3939 1157 4027 scrupulo
1224 3942 1457 4006 iniecto
1528 3940 1608 4005 ed
1678 3941 2028 4007 cavendum
2099 3939 2660 4027 ulciscendumque

296 4047 800 4136 compelleretur.
