3192 5009
1280 278 1501 325 PLA'ro.
2459 251 2589 318 333

255 441 435 523 (δοῦλά
475 442 701 508 malim
748 462 900 507 oum
946 441 1315 522 Benedicto)
1364 467 1433 508 τε
1484 442 1553 518 δὴ
1603 443 1706 507 καὶ
1747 444 1975 520 άγεννῆ
2015 442 2120 506 καὶ
2167 438 2316 518 ἄξια
2358 439 2588 516 λέγειν.

254 549 423 614 Locus
473 551 960 636 participiorum
1004 551 1474 614 coacervatione
1493 598 1509 627 ‚
1560 569 1687 634 qua
1731 550 1964 633 optimi
2007 549 2346 632 scriptores
2390 546 2595 611 Attici

253 655 620 733 delectantur,
685 655 867 721 nobis
913 654 1299 740 impeditior,
1352 657 1588 740 quippe
1633 657 1701 719 in
1747 675 1874 739 quo
1923 675 1961 719 a
2005 655 2236 731 θέμενοι
2283 659 2348 718 et
2393 675 2594 730 παρα-

252 761 419 834 δόντες
476 760 745 846 pendeat
809 761 1237 840 πορισάμενοι,
1299 762 1378 826 ab
1434 761 1555 826 hoc
1601 781 1754 826 vero
1799 762 2137 846 participio
2188 758 2592 840 δανειζόμενοι

250 872 303 932 et
344 865 772 945 ἐξαρνούμενοι,
823 867 1055 952 quibus
1103 867 1171 931 ἐκ
1219 870 1327 931 τοῦ
1376 866 1790 946 παραλλήλου
1834 869 2126 951 positum
2172 871 2270 930 est
2316 864 2587 943 πάντως,

248 977 283 1037 i.
306 995 353 1039 e.
409 973 503 1038 καὶ
567 972 813 1046 δικαίως
863 973 968 1036 καὶ
1017 973 1259 1044 άδίκως.
1306 971 1534 1038 Verto:
1585 995 1722 1055 opes
1756 973 1992 1054 partim
2039 973 2324 1035 mutando
2355 971 2594 1053 partim

249 1079 533 1161 infitiando
590 1078 855 1159 (debita)
904 1079 1142 1161 partim
1203 1101 1557 1164 quocumque
1600 1080 1768 1142 modo
1798 1084 2062 1160 paratae
2107 1078 2276 1160 apud
2317 1074 2594 1140 muheres

246 1207 517 1269 set-noeque
560 1187 916 1267 deponentes
961 1189 1109 1251 cett.
1160 1183 1473 1250 Tironum
1518 1205 1708 1250 causa
1752 1205 2004 1249 mone0.

320 1289 391 1354 P.
435 1286 558 1355 474
581 1289 656 1354 Ε.
708 1286 801 1354 ὅτι
842 1290 1168 1382 πάντες-οἱ
1211 1292 1271 1355 ἐν
1313 1288 1431 1373 ὥρᾳ
1471 1291 1573 1356 τὸν
1621 1289 2092 1368 Φιλόπαιδα
2138 1289 2272 1354 καὶ
2320 1288 2592 1370 ἐρωτικὸν

244 1397 516 1474 ἁμηγέπη
566 1395 857 1462 δάκνουσί
901 1420 987 1461 τε
1037 1396 1169 1461 καὶ
1220 1401 1554 1461 κινοῦσι.
1603 1395 1813 1463 Verba
1857 1395 2214 1475 φιλόπαιδα
2261 1395 2365 1459 καὶ
2415 1402 2481 1461 et
2525 1418 2597 1459 τε

246 1501 329 1565 καὶ
386 1507 601 1567 κινοῦσι
651 1504 871 1567 omisit
917 1503 981 1567 h.
1007 1501 1050 1567 l.
1102 1505 1305 1582 citans
1350 1502 1786 1568 PLUTARCHUS
1833 1503 1906 1565 de
1953 1501 2252 1565 audiendo
2299 1520 2437 1586 cap.
2489 1498 2592 1565 13.

246 1607 383 1673 Mor.
432 1631 490 1694 p·
541 1607 627 1672 44
651 1607 723 1673 F.

314 1717 383 1781 P.
430 1715 555 1782 484
580 1717 658 1782 A.
728 1715 807 1782 Οἱ
870 1715 982 1793 μὲν
1046 1716 1115 1789 δὴ
1186 1715 1559 1797 ΦιλόσοΦοι,
1611 1712 1680 1790 ἦν
1725 1714 1778 1779 δ’
1826 1715 1985 1793 ἐγώ,
2033 1711 2075 1778 ὦ
2123 1711 2441 1790 Γλαύκων,
2493 1710 2599 1776 καὶ

244 1824 285 1886 οἱ
337 1825 419 1898 μὴ
480 1822 580 1887 διὰ
631 1828 869 1902 μακροῦ
920 1821 1078 1894 τινὸς
1129 1819 1702 1897 διεξελθόντος
1753 1818 2001 1897 λόγου
2047 1819 2233 1898 μόγις
2286 1843 2414 1891 πως
2467 1821 2602 1884 άνε-

244 1927 499 2008 Φάνησαν
567 1925 679 1994 οἷοί
747 1930 895 1993 εἰσιν
969 1927 1263 2009 ἑκάτεροι.
1320 1932 1504 1998 Ἴσως
1568 1927 1733 2008 γάρ,
1795 1931 1958 2006 ἔφη,
2026 1927 2127 1992 διὰ
2193 1924 2469 2007 βραχέος
2533 1925 2600 1989 οὐ

244 2035 429 2117 ῥᾴδιον.
495 2037 589 2101 Οὐ
654 2036 1011 2118 φαίνεται,
1057 2030 1263 2099 εἶπον·
1322 2033 1454 2112 ἐμοὶ
1506 2039 1655 2113 γοῦν
1703 2031 1793 2098 ἔτι
1857 2034 1892 2098 δ
1908 2041 2085 2098 οκεῖ
2144 2032 2220 2098 ἂν
2267 2031 2600 2110 βελτιόνως

246 2149 527 2218 Φανῆναι,
592 2142 643 2205 εἰ
707 2140 842 2220 περὶ
893 2140 1109 2204 τούτου
1158 2139 1340 2216 μόνου
1391 2137 1508 2205 ἔδει
1558 2141 1797 2220 ῥηθῆναι
1849 2139 1978 2203 κτὲ.
2029 2135 2100 2206 G.
2148 2136 2220 2201 F.
2270 2136 2605 2203 Hermann

246 2250 335 2330 qui
374 2268 404 2312 e
453 2246 587 2312 cod.
639 2245 707 2310 H
752 2245 929 2311 dedit
974 2245 1376 2323 διεξελθόντες
1426 2251 1722 2311 annotat:
1778 2241 2172 2322 ,,Διεξελθεῒν
2221 2264 2346 2308 non
2391 2241 2601 2320 λόγος,

254 2353 381 2427 „sed
437 2354 623 2430 λόγον
686 2353 981 2417 homines
1032 2352 1334 2417 dicuntur
1349 2372 1365 2430 ;
1416 2373 1583 2416 nunc
1631 2356 1850 2416 autem
1897 2349 2081 2415 facile
2128 2349 2268 2414 fieri
2315 2354 2597 2435 poterat,

254 2465 347 2532 „ut
399 2461 700 2544 genetivo
745 2460 1128 2544 genetivum
1174 2459 1469 2523 trahente
1514 2457 1814 2521 librarius
1860 2456 2249 2543 elegantiam
2293 2456 2601 2540 imaginis

252 2563 621 2652 „negligeret
638 2613 655 2641 ,
720 2584 847 2649 qua
907 2585 974 2628 se
1036 2585 1114 2628 ex
1179 2585 1549 2629 sermonum
1612 2563 1993 2649 ambagibus
2043 2565 2224 2647 quasi
2271 2564 2604 2626 emersisse

252 2671 497 2754 „gaudet
512 2690 529 2747 ;
607 2670 687 2734 cf.
752 2669 959 2757 Legg.
1019 2667 1146 2747 III,
1196 2669 1271 2733 5:
1339 2676 1438 2734 νῦν
1504 2664 1602 2734 οὖν
1664 2669 1908 2734 τοσόνδε
1970 2673 2459 2745 πλεονεκτοῦμεν
2524 2676 2601 2749 τῇ

250 2775 467 2859 ,πλάνῃ
529 2781 635 2840 τοῦ
684 2776 877 2852 λόγου
924 2776 1026 2840 διὰ
1076 2781 1394 2840 πολιτειῶν
1442 2799 1616 2840 τινων
1665 2775 1767 2838 καὶ
1821 2781 2233 2851 κατοικισμῶν
2280 2773 2606 2851 διεξελθόν-

250 2883 433 2956 ,τες.”
497 2884 589 2947 At
649 2879 938 2947 Socrates
1000 2884 1265 2967 eiusque
1327 2881 1814 2947 interlocutores
1860 2881 1962 2945 διὰ
2011 2885 2250 2960 μακροῦ
2298 2878 2605 2954 διεξῆλθον

250 2987 439 3065 λόγου,
504 3009 633 3052 non
683 2987 1049 3072 philosophi
1068 3036 1085 3065 ‚
1136 2991 1249 3073 qui
1294 3009 1419 3052 non
1466 2987 1917 3073 disputationis
1965 2991 2253 3050 auctores
2300 2991 2450 3049 sunt
2496 2983 2605 3048 sed

250 3101 677 3178 argumentum
696 3142 712 3170 ,
764 3095 979 3178 itaque
1030 3093 1144 3158 illa
1190 3093 1379 3158 lectio
1428 3093 1588 3158 falsa
1632 3098 1750 3158 est.
1799 3092 2022 3178 Neque
2069 3094 2328 3156 omnino
2376 3111 2605 3156 verum

250 3218 361 3264 esse
422 3201 495 3266 de
564 3203 706 3284 ipsa
774 3201 1055 3265 oratione
1125 3199 1251 3263 dici
1314 3220 1438 3263 non
1502 3220 1688 3284 posse
1754 3196 2078 3274 διεξελθεῖν
2143 3197 2607 3262 demonstravit

251 3301 575 3371 Stallbanm
636 3305 777 3370 loco
837 3305 1119 3391 Sophist.
1184 3327 1247 3390 p.
1298 3301 1546 3370 2373:
1615 3307 1717 3370 τὸν
1782 3304 1846 3367 δὲ
1909 3304 2135 3380 λόγου,
2203 3300 2240 3384 ᾗ
2287 3303 2604 3382 βέλτιστα

254 3408 512 3490 διέξεισιν,
577 3417 816 3475 σκοπῶν
864 3411 1051 3481 αὐτός
1102 3434 1170 3474 τε
1218 3409 1293 3474 ἴθι
1342 3411 1509 3486 κάμὲ
1556 3413 1666 3482 τὴν
1715 3409 1843 3476 ὁδὸν
1892 3407 2038 3485 ἄγε.
2087 3406 2188 3474 Ita
2241 3414 2456 3474 tamen
2502 3430 2606 3472 ne-

252 3521 483 3582 cessario
544 3515 997 3602 corrigendum
1058 3521 1187 3581 est:
1256 3515 1356 3579 διὰ
1420 3521 1658 3595 μακροῦ
1722 3515 1880 3586 τινὸς
1936 3514 2340 3592 διεξελθόντος
2393 3519 2603 3592 (τοῦ)

254 3619 449 3699 λόγου,
496 3627 621 3688 nisi
666 3623 833 3688 forte
878 3621 1363 3707 praeferendum
1412 3621 1509 3686 διὰ
1553 3627 1792 3699 μακροῦ
1837 3623 1990 3692 τινὸς
2035 3618 2606 3694 διεξελθοῦσιν

255 3731 342 3804 (sc.
381 3730 544 3810 ἡμῖν)
592 3727 786 3807 λόγου
830 3735 907 3793 ut
954 3728 1209 3792 dativus
1257 3749 1600 3814 suspensus
1649 3729 1735 3792 sit
1773 3728 1850 3791 ab
1888 3725 2312 3806 ἀνεφάνησαν.
2362 3727 2607 3793 Deinde

256 3851 377 3897 vero
434 3834 511 3898 ad
573 3834 739 3899 δοκεῖ
793 3834 1209 3920 cogitandum
1270 3834 1339 3897 τὸ
1401 3835 1677 3913 πρᾶγμα
1698 3882 1713 3910 ,
1761 3831 1913 3897 licet
1960 3831 2134 3896 haud
2185 3831 2455 3896 diffitear
2501 3854 2606 3898 me

258 3937 423 4003 malle
482 3941 612 4015 ἐμοὶ
662 3945 813 4017 γοῦν
864 3937 953 4004 ἔτι
1004 3939 1355 4003 δοκοῦσιν
1401 3937 1477 4003 ἂν
1524 3936 1854 4015 βελτιόνως
1907 3945 2182 4018 φανῆναι
2235 3937 2387 4015 ›tv-5„
2437 3937 2606 4022 quod

258 4045 383 4124 quin
426 4044 606 4110 Plato
653 4047 977 4130 scripserit
1023 4047 1135 4111 vix
1181 4043 1424 4109 dubito.

330 4147 394 4215 P.
440 4149 566 4216 485
591 4151 666 4216 Ε.
714 4147 789 4214 ὧν
838 4151 962 4231 γάρ
1010 4145 1185 4214 ἕνεκα
1234 4151 1542 4229 χρήματα
1592 4149 1759 4226 μετοὶ
1811 4158 2046 4222 πολλῆς
2095 4147 2374 4221 δαπάνης
2425 4173 2608 4214 σπου-

261 4249 521 4342 δάζεται,
582 4251 757 4338 ἄλλω
820 4257 932 4321 τινὶ
999 4259 1247 4333 μᾶλλον
1304 4256 1338 4330 ἢ
1389 4257 1582 4337 τούτῳ
1632 4263 1812 4336 (vero
1861 4254 2271 4340 philosopho)
2321 4256 2605 4334 προσήκει

264 4358 603 4441 σπουδάζειν.
670 4363 835 4442 Quia
896 4363 964 4428 αἱ
1011 4368 1117 4427 τοῦ
1169 4361 1455 4440 σώματος
1512 4361 1716 4437 ἡδοναὶ
1767 4362 1870 4442 (cf.
1918 4367 2311 4448 praegressa)
2359 4359 2608 4427 intelle-
