3192 5009
1434 290 1680 342 mnus.
2608 276 2735 341 401

361 464 450 524 ut
507 457 685 524 vides
702 507 718 537 ,
782 478 931 524 eum
995 459 1200 524 ironia
1261 466 1627 545 usurpatur,
1691 471 1767 524 ut
1813 460 1941 526 fere
1989 480 2238 546 semper
2283 465 2551 547 cognata
2593 460 2781 525 huic·

363 564 612 630 locutio
671 565 846 645 ταχύ
907 564 972 643 γ’
1021 564 1096 630 ἄν
1145 614 1159 629 .
1191 614 1204 629 .
1235 614 1248 629 .
1279 615 1295 643 ,
1346 566 1422 632 de
1485 588 1611 653 qua
1668 566 1795 632 vid.
1856 565 2180 632 Maetzner
2224 566 2305 632 ad
2349 566 2631 653 Lyeurg.
2679 587 2741 652 p.

369 670 527 737 302.
573 672 800 737 Aeseh.
850 670 899 750 Ι,
953 670 1100 737 181.
1148 671 1476 738 Demosth.
1525 671 1705 752 XXI,
1756 669 1909 738 209.
1959 671 2164 750 XXV,
2208 670 2314 740 95.
2364 671 2589 750 LVIII,
2638 669 2742 737 15.

366 779 695 864 Aristoph.
758 777 927 844 Nub.
987 776 1151 844 647:
1216 780 1392 858 ταχύ
1456 779 1520 857 γ’
1568 779 1646 843 ἂν
1708 782 1823 860 (sic
1872 781 2088 860 scrib.)
2152 779 2353 845 δύναιο
2417 778 2745 857 μανθάνειν

368 885 507 962 περὶ
570 886 798 965 ῥυθμῶν
858 886 902 950 i.
943 904 996 948 e.
1060 883 1344 950 οὐδέποτε
1401 884 1639 959 δυνήσει
1687 885 2014 962 μανθάνειν
2062 909 2130 950 π’.
2180 888 2229 966 ῥ.
2302 885 2495 951 Recte
2542 888 2747 973 igitur

367 988 889 1056 Schneidewinus
933 993 1003 1056 in
1041 993 1460 1076 suspitionem
1500 994 1755 1058 vocavit
1793 993 2204 1078 negationem
2243 992 2308 1056 οὗ
2348 992 2516 1077 apud
2550 991 2743 1077 Soph.

367 1095 540 1161 Phil.
591 1094 744 1175 631,
794 1096 904 1162 ubi
950 1097 1354 1162 acerbissima
1401 1119 1550 1164 eum
1597 1100 1802 1164 ironia
1850 1097 2006 1164 dicit
2053 1097 2471 1164 Philoctetes:

821 1204 886 1269 οὔ
932 1205 1152 1269 θᾶσσον
1198 1202 1276 1269 ἂν
1323 1215 1433 1280 τῆς
1481 1213 1775 1270 πλεῖστον
1822 1205 2110 1286 ἐχθίστής
2160 1205 2293 1283 ἐμοὶ

823 1309 1064 1388 κλύοιμ’
1113 1311 1360 1394 ἐχίδνης
1409 1313 1539 1377 κτὲ.

370 1414 482 1480 sed
544 1415 710 1501 quod
771 1420 1097 1504 proposuit
1158 1413 1221 1499 (ἦ
1267 1441 1379 1505 pro
1426 1420 1519 1499 οὗ)
1580 1440 1703 1484 non
1767 1418 2007 1505 plaeet3
2072 1417 2300 1484 malim
2348 1420 2567 1484 θᾶσσον
2617 1420 2745 1500 γὰρ

373 1519 450 1587 ἂν
497 1522 624 1586 xri.
688 1521 1024 1590 Dubitanti
1073 1524 1250 1590 dabit
1298 1526 1418 1590 tibi
1466 1523 1745 1592 Cobetus
1790 1524 2083 1612 exempla
2128 1531 2193 1591 et
2236 1528 2597 1612 negationis
2644 1525 2747 1591 ad·

373 1627 627 1694 ditieiae
667 1634 732 1695 et
768 1632 1127 1696 omissionis
1167 1631 1512 1717 particulae
1551 1631 1679 1710 γάρ
1720 1631 1801 1696 ad
1838 1630 2152 1718 Hypsi-id.
2194 1654 2256 1718 p.
2293 1629 2380 1696 34
2406 1638 2473 1696 et
2496 1630 2583 1696 42
2608 1652 2742 1717 sqq.

373 1733 702 1800 Meklerus
763 1738 831 1799 in
893 1742 1148 1801 textum
1209 1742 1448 1824 recepit
1509 1737 1827 1804 Welckeri
1884 1743 2312 1805 coniecturam
2359 1734 2428 1803 οὖ
2444 1786 2460 1816 ,
2510 1759 2635 1824 qua
2680 1744 2745 1803 et

374 1861 595 1906 sensus
639 1849 705 1907 et
751 1863 908 1908 usus
954 1843 1273 1909 turbatur.

464 2057 538 2123 In
583 2061 862 2124 oratione
909 2059 984 2125 de
1031 2059 1268 2147 Pyrrhi
1313 2060 1664 2127 hereditate
1711 2058 1856 2146 §69
1904 2060 2219 2148 leg-imus:
2268 2066 2393 2132 πῶς
2443 2059 2517 2124 ἂν
2569 2059 2740 2137 ὑμεῖς

376 2166 760 2246 ἐπετρέψατε
802 2166 1258 2248 ἐπιδικάζεσθαι
1296 2169 1380 2248 τῷ
1420 2170 1527 2232 τοῦ
1567 2167 1797 2247 Πύρρου
1835 2169 1981 2247 θετῷ
2001 2165 2081 2248 (Ῡ)
2122 2171 2231 2233 τοῦ
2270 2166 2498 2245 Πύρρου
2523 2167 2743 2248 κλήρου

374 2268 520 2336 ἄνευ
585 2282 694 2346 τῆς
756 2272 1014 2350 γνησίας
1081 2273 1416 2352 θυγατρὸς,
1480 2275 1531 2338 εἰ
1595 2270 1663 2348 ἦν
1725 2274 1959 2354 ἐκείνῳ,
2026 2273 2291 2344 ἄλλως
2352 2298 2436 2339 τε
2484 2274 2552 2339 εἰ
2603 2273 2740 2338 καὶ

373 2378 838 2456 ἐμαρτυρήσατε
881 2380 959 2449 ὥς
1008 2377 1356 2459 ἐπέσκηψεν
1401 2381 1429 2444 ὁ
1475 2379 1843 2460 ἀδελφιδοῦς
1886 2376 2316 2459 ἐπιμελεῖσθαι
2368 2379 2585 2445 τούτου
2636 2385 2742 2445 τοῦ

381 2482 624 2548 παιδίου
641 2504 660 2562 ;
2350 2489 2353 2494 ’

462 2589 766 2656 Formula
804 2588 1012 2662 ἄλλως
1049 2615 1116 2654 τε
1156 2592 1260 2656 καὶ
1314 2595 1681 2677 saepissime
1730 2613 1880 2658 eum
1926 2594 2257 2678 participio
2305 2595 2740 2680 coniungitur.

373 2696 616 2761 Nomia.
665 2696 820 2762 Isae.
870 2696 984 2775 III,
1037 2693 1142 2764 70.
1193 2696 1523 2762 Demosth.
1573 2697 1831 2782 XLVII,
1885 2696 1992 2764 57.
2052 2698 2249 2762 Gemit.
2299 2697 2489 2764 Isoor.
2531 2697 2606 2776 V,
2634 2698 2741 2763 45.

375 2801 482 2880 VI,
531 2802 592 2868 3.
655 2802 807 2890 Lys.
855 2803 992 2881 VH,
1043 2802 1149 2869 36.
1213 2803 1410 2870 Thus.
1476 2804 1558 2883 11,
1610 2803 1717 2882 89,
1749 2802 1807 2870 7.
1874 2807 2081 2869 Aecus.
2131 2803 2331 2870 Thuc.
2378 2803 2493 2882 ΠΙ,
2542 2803 2649 2882 43,
2679 2805 2742 2870 4.

371 2905 562 2974 Isocr.
626 2907 764 2986 VII,
832 2907 935 2975 73.
1009 2909 1206 2974 Genii.
1267 2911 1450 2974 absol.
1530 2933 1659 2973 cum
1735 2933 1925 2974 accus.
1992 2910 2172 2974 absol.
2237 2909 2394 2976 Isae.
2457 2910 2571 2986 ΙΠ,
2632 2909 2740 2976 46.

374 3011 802 3101 Coniungitur
862 3017 1058 3080 etiam
1119 3037 1268 3081 eum
1328 3018 1550 3103 partie.
1620 3018 1670 3081 εἰ
1691 3065 1709 3094 ,
1758 3015 1855 3094 ἂν,
1906 3017 2115 3089 ἐπειδὴ
2162 3021 2281 3081 etc.
2333 3015 2475 3081 Vid.
2524 3015 2739 3104 Vigor.

375 3120 452 3186 de
495 3121 839 3186 idiotismis
883 3144 947 3209 p.
999 3118 1127 3187 377
1154 3143 1286 3208 sqq.
1343 3121 1713 3187 Buttmann.
1780 3126 1898 3188 art.
1959 3144 2058 3209 gr.
2107 3119 2321 3206 §132
2368 3121 2423 3186 E
2470 3126 2744 3208 partiou-

372 3225 458 3292 lis
519 3251 589 3290 τε
649 3226 757 3291 καί
818 3225 1000 3294 facile
1057 3227 1488 3315 intelligimus
1536 3222 1693 3293 duas
1740 3249 1875 3294 esse
1924 3231 2209 3295 notiones
2229 3277 2245 3306 ,
2296 3248 2568 3313 quarum
2616 3249 2743 3294 una

377 3355 526 3400 cum
585 3333 796 3406 ἄλλως
856 3357 925 3398 τε
985 3339 1083 3399 est
1142 3334 1579 3422 coniungenda
1626 3335 1824 3400 altera
1868 3356 2018 3399 oum
2065 3335 2191 3398 καί.
2257 3333 2499 3400 Doeent
2541 3335 2610 3400 id
2655 3334 2743 3400 di-

377 3445 544 3506 serte
617 3438 814 3505 multi
889 3437 1013 3506 loci
1028 3489 1046 3518 ,
1109 3461 1383 3525 quorum
1444 3463 1648 3506 unum
1715 3446 1974 3506 tantum
2034 3460 2385 3526 apponam:
2449 3439 2742 3528 Xenoph.

380 3543 616 3633 Cyrop.
676 3545 728 3624 Ι,
777 3543 839 3623 6,
871 3544 989 3610 11:
1057 3543 1265 3618 ἄλλως
1327 3546 1399 3611 τέ
1459 3570 1562 3623 μοι
1627 3554 1830 3618 καλῶς
1878 3547 2069 3619 δοκεῖς
2119 3551 2328 3612 ταῦτα
2379 3545 2588 3625 λέγειν
2636 3549 2739 3612 καὶ

377 3649 470 3717 ὅτι
518 3649 594 3716 ὧν
639 3652 752 3730 μὲν
799 3657 900 3717 νῦν
945 3653 1238 3731 λέγονται
1284 3654 1594 3732 λήψεσθαι
1634 3655 1686 3720 οἱ
1727 3657 2064 3736 ςρατιῶται
2090 3691 2175 3702 -—-
2201 3653 2389 3726 οὐδεὶς
2431 3656 2631 3719 αὐτῶν
2659 3692 2742 3703 -

377 3759 562 3839 χάριν
623 3757 877 3823 εἵσεται.
939 3757 1063 3825 Sed
1123 3762 1448 3825 omittitur
1508 3781 1691 3846 saepe
1754 3763 2041 3846 primum
2088 3760 2455 3826 membrum
2502 3768 2565 3826 et
2612 3767 2747 3827 tota

378 3864 654 3931 formula
699 3862 904 3938 ἄλλως
953 3891 1022 3931 τε
1071 3866 1175 3930 καὶ
1227 3866 1305 3932 ad
1341 3887 1539 3932 unam
1577 3871 1836 3933 tantum
1873 3871 2197 3933 notionem
2233 3867 2508 3932 refertur
2548 3866 2746 3933 altera

377 3974 570 4037 tacite
615 3970 980 4058 supplenda.
1046 3970 1228 4051 Quod
1273 3972 1551 4039 breviter
1594 3973 2057 4039 Herwerdenus
2105 3977 2415 4059 expressit
2464 3973 2542 4039 ad
2588 3973 2742 4039 Eur.

376 4077 514 4142 Ion.
558 4076 688 4143 618
737 4074 986 4156 „dham
1034 4102 1104 4142 τε
1150 4078 1254 4142 καὶ
1303 4085 1402 4144 est
1449 4103 1574 4143 eum
1620 4080 1751 4142 alia
1796 4081 1869 4144 de
1914 4101 2096 4143 cauea
2132 4086 2254 4144 tum
2294 4081 2425 4158 hac,
2466 4080 2633 4147 unde
2672 4081 2746 4145 fit

378 4190 457 4249 ut
523 4204 706 4269 saepe
775 4183 1090 4270 significet
1155 4207 1282 4248 cum
1338 4185 1764 4267 praeserbim.’'
1850 4185 2120 4250 Ponitur
2190 4187 2389 4251 etiam
2458 4187 2745 4255 absolute

380 4296 488 4372 (==
507 4291 905 4375 praesertim)
931 4289 1129 4356 Thue.
1155 4289 1270 4369 III,
1301 4291 1404 4370 11,
1436 4292 1494 4356 1.
1523 4290 1631 4369 55,
1659 4291 1721 4356 2.
1750 4290 2078 4357 Demosth.
2106 4289 2395 4370 XLVIII,
2427 4291 2486 4371 1,
2515 4292 2599 4360 56
2624 4303 2742 4361 etc.

379 4395 573 4463 Initio
619 4397 863 4484 periodi
906 4400 1122 4465 inveni
1161 4397 1369 4471 ἄλλως
1407 4423 1474 4463 τε
1517 4398 1622 4464 καὶ
1664 4397 1836 4482 apud
1874 4397 2028 4485 Lys.
2056 4396 2194 4476 VH,
2238 4396 2297 4463 6.
2340 4397 2640 4480 XXVIII,
2682 4401 2745 4466 5.

2389 4520 2453 4573 27
