3192 5009
892 264 978 310 1111
1022 263 1644 314 111111611611101116116
1689 263 1993 312 nonme.
2508 243 2640 309 419

256 428 753 514 „inauguratio”
815 429 895 494 ab
958 429 1259 514 auspiciis
1318 429 1495 494 haud
1538 449 1680 496 raro
1729 430 2057 496 transferri
2106 428 2185 494 ad
2232 430 2402 514 ipsas
2452 431 2644 494 caeri-

253 535 502 600 monias
567 533 648 598 ad
716 555 877 620 quas
936 537 1343 620 pertinerent.
1410 535 1702 621 Denique
1767 535 2182 601 memorabile
2247 538 2446 600 etiam
2507 543 2604 600 est
2617 585 2632 614 ‚

252 638 423 724 quod
482 642 781 726 inprimis
842 643 912 705 in
971 641 1093 706 hoc
1154 640 1450 706 sollemni
1498 645 1906 729 conspicitur,
1957 644 2260 728 auspiciis
2307 662 2636 728 augurum

249 766 735 832 nonnumquam
796 750 1162 833 appositum
1225 768 1359 812 esse
1422 769 1656 813 nomen
1719 748 1888 833 quod
1947 755 2330 826 sumeretur,
2381 770 2508 814 non
2555 748 2634 812 ab

246 856 389 938 ipsa
440 855 823 922 caerimonia
882 875 1043 939 quae
1104 857 1624 940 inauguraretur,
1687 856 1799 920 sed
1845 862 1985 941 (per
2031 859 2505 932 attractionem)
2555 855 2633 919 ab

246 958 463 1045 aliqua
508 982 576 1025 re
622 981 783 1046 quae
826 963 896 1024 in
941 981 1017 1025 ea
1061 963 1449 1026 caerimonia
1483 963 1766 1026 maxime
1805 964 2078 1048 insignis
2117 967 2314 1040 esset,
2359 982 2639 1048 augures

240 1065 347 1130 hic
384 1087 511 1131 non
536 1066 838 1131 dicuntur
862 1068 1249 1152 inaugurare
1274 1066 1795 1133 Obsecrationem
1812 1116 1830 1145 ,
1857 1068 1969 1132 sed
1991 1070 2202 1152 ipsam
2226 1065 2522 1133 Salutem
2553 1065 2636 1146 1);

241 1175 596 1258 augurium
657 1172 829 1258 quod
890 1172 985 1252 fit,
1028 1173 1103 1238 de
1152 1171 1597 1238 Obsecratione
1647 1174 1883 1238 dicitur
1927 1174 2300 1260 Augurium
2347 1195 2473 1238 non
2518 1173 2640 1238 Ob-

238 1280 615 1344 sectationis
674 1278 785 1344 sed
848 1277 1090 1344 Salutis
1116 1278 1191 1360 9).
1242 1315 1327 1326 -
1374 1279 1516 1344 Ηο6
1576 1282 1874 1366 inprimis
1935 1279 2221 1345 adhiberi
2284 1284 2495 1364 potest
2559 1279 2639 1344 ad

238 1383 683 1469 ‘explicandam
752 1392 1049 1470 quartam
1120 1388 1575 1450 caerimoniam
1637 1406 1832 1471 quam
1909 1387 2079 1464 dixi,
2157 1387 2216 1450 A
2232 1407 2276 1449 u
2293 1406 2342 1471 g
2357 1407 2401 1450 u
2417 1388 2488 1450 ri
2504 1407 2550 1450 u
2567 1406 2638 1449 m

238 1488 748 1555 Vinetorum
809 1489 1552 1578 Virgetorumque.
1617 1491 1714 1556 De
1773 1512 1849 1557 ea
1909 1489 2128 1558 Cicero
2177 1492 2333 1556 haec
2379 1491 2635 1556 scribit:

242 1617 543 1676 „auqures
591 1642 605 1659 .
637 1643 651 1660 .
684 1643 698 1661 .
747 1599 1191 1682 sacerdotesque
1206 1645 1223 1674 ,
1282 1597 1497 1660 Vincta
1550 1598 1608 1660 V
1600 1597 1909 1682 irqetaque
1926 1646 1943 1675 ,
1985 1605 2043 1661 et
2082 1597 2344 1662 Sabutm
2370 1595 2598 1680 Populi
2616 1644 2633 1672 ,

237 1709 579 1783 memorante
598 1749 619 1780 ,
686 1750 699 1766 .
729 1752 742 1767 .
778 1751 791 1766 .
855 1704 1163 1788 urbemque
1224 1711 1282 1766 et
1346 1725 1521 1784 aqros
1582 1705 1805 1786 templa
1871 1705 2129 1768 biberata
2195 1711 2252 1767 et
2299 1704 2487 1788 effata
2531 1703 2637 1765 ha-

237 1807 455 1870 bento’'
487 1806 557 1888 3).
620 1808 765 1873 Ηο6
810 1809 950 1874 1060
994 1808 1161 1874 clare
1206 1809 1700 1895 distinguuntur
1747 1812 1872 1874 tria
1917 1830 2154 1897 genera
2198 1811 2636 1896 inauguratio-

240 1934 437 1992 num;
489 1915 777 1999 primum
820 1902 1267 1979 memorantur
1312 1913 1650 1994 (vocabulo
1695 1917 2163 2000 sacerdotesque)
2203 1915 2638 2000 inauguratio-

237 2039 355 2084 nes
416 2019 746 2098 hominum;
802 2023 1108 2085 extremis
1155 2019 1484 2086 vocabulis
1527 2020 2154 2106 comprehenduntur
2195 2021 2636 2106 inauguratio-

236 2145 354 2190 nes
402 2125 659 2188 locorum
674 2144 690 2202 3
742 2125 911 2210 quod
952 2128 1121 2192 inter
1165 2132 1517 2212 utrumque
1562 2129 2018 2213 interpositum
2066 2134 2195 2204 est,
2235 2129 2516 2212 pertinet
2555 2126 2632 2190 ad

236 2231 635 2294 caerimonias
710 2231 1017 2317 quasdam
1078 2235 1572 2319 inauguratione
1637 2233 2020 2299 sanciendas.
2089 2232 2226 2298 Viri
2285 2232 2488 2298 docti·
2519 2234 2634 2318 qui

236 2339 452 2400 conati
512 2341 699 2414 sunt,
751 2337 1062 2402 vocabula
1106 2337 1221 2402 illa
1268 2362 1613 2420 „auqurare
1675 2339 1733 2402 V
1725 2339 1891 2402 &neta
1952 2339 2010 2402 V
2001 2339 2350 2424 iryetaqud’
2400 2339 2632 2404 referre

236 2443 323 2506 ad
384 2445 946 2528 inaugurationem
1010 2445 1264 2509 locorwm
1326 2449 1535 2531 (quasi
1592 2449 1664 2510 in
1727 2447 2024 2512 omnibus
2071 2448 2276 2512 vineis
2324 2445 2632 2511 Romanis

236 2547 485 2634 templa
531 2552 883 2614 constituta
929 2551 1200 2616 fuissent
1238 2551 1316 2616 ab
1357 2553 1741 2638 auguribus)
1768 2557 1842 2630 ⁴),
1884 2573 2013 2618 non
2052 2555 2206 2617 satis
2229 2549 2626 2636 reputavisse

236 2654 407 2718 mihi
470 2654 791 2732 videntur,
837 2655 976 2720 loca
1020 2657 1407 2742 inaugurate
1452 2663 1672 2742 postea
1718 2658 1986 2723 demum
2029 2679 2144 2723 suo
2191 2657 2328 2723 loco
2375 2679 2412 2722 a
2459 2655 2633 2724 Cice·

238 2782 397 2826 rone
457 2763 984 2839 commemorari;
1050 2768 1373 2846 praeterea
1436 2783 1509 2827 ea
1556 2762 1868 2828 vocabula
1915 2783 1952 2827 a
1999 2761 2302 2829 Cicerone
2351 2765 2444 2827 ita
2490 2784 2633 2827 con-

236 2869 603 2953 iunguntur
670 2888 821 2931 cum
888 2866 1021 2931 illis
1084 2888 1445 2954 „augurare
1506 2866 1800 2933 Salutem
1858 2867 2162 2952 Populi'',
2225 2875 2300 2932 ut
2360 2872 2633 2952 utraque

238 2972 593 3038 referamus
654 2991 908 3037 necesse
970 2975 1057 3037 sit
1120 2973 1199 3038 ad
1245 2995 1451 3038 unum
1499 2974 1798 3059 idemque
1845 2995 2049 3060 genus
2093 2976 2630 3060 inaugurationis.

240 3079 483 3159 Quodsi
528 3085 856 3157 tenemus,
906 3080 975 3142 in
1022 3080 1137 3144 bac
1183 3079 1463 3145 formula
1510 3101 1762 3166 quoque
1810 3078 2119 3145 vocabulo
2170 3078 2629 3164 „Augurium”

240 3188 613 3270 appositum
676 3205 811 3250 esse
871 3205 1105 3249 nomen
1166 3207 1293 3250 non
1355 3189 1449 3250 rei
1510 3205 1670 3271 quae
1733 3187 2253 3270 inauguraretur,
2319 3183 2430 3250 sed
2492 3194 2630 3269 (per

241 3293 717 3370 attractionem)
764 3293 857 3354 rei
905 3311 1065 3374 quae
1114 3293 1183 3354 in
1230 3311 1305 3356 ea
1351 3293 1738 3356 caerimonia
1784 3294 2069 3355 maxime
2115 3292 2389 3375 insignis
2427 3295 2629 3364 esset,

242 3402 507 3481 apparet
566 3398 635 3460 in
696 3394 817 3461 hoc
862 3395 1163 3461 sollemni
1207 3418 1333 3461 non
1378 3398 1518 3483 ipsa
1565 3394 1794 3461 Vineta
1838 3393 2226 3481 Virgetaque
2274 3415 2410 3460 esse
2457 3397 2635 3458 inau-

240 3507 507 3589 gurata,
581 3502 691 3568 sed
757 3504 1209 3568 caerimoniam
1279 3502 1562 3588 aliquam
1625 3503 1705 3567 ad
1765 3523 1840 3568 ea
1898 3504 2326 3587 pertinentem
2343 3521 2360 3577 ;
2425 3520 2632 3584 neque

244 3607 439 3675 aliam
500 3607 687 3673 facile
748 3610 1154 3674 inveniemus
1219 3631 1343 3695 quo
1404 3608 1472 3672 id
1517 3609 1748 3672 referre
1794 3611 2116 3695 possimus
2137 3655 2152 3682 ,
2203 3627 2400 3691 quam
2445 3603 2631 3668 illam

248 3717 697 3780 caerimoniam
736 3735 861 3800 qua
900 3718 1235 3800 quotannis
1275 3713 1796 3778 Vindemiam
1842 3712 2453 3797 auspicabatur
2491 3709 2636 3774 fla-

245 3842 422 3886 men
469 3819 729 3884 dialis
749 3868 766 3897 ,
816 3840 977 3904 quae
1026 3826 1213 3886 antea
1259 3841 1296 3884 a
1340 3820 1521 3884 nobis
1568 3819 1884 3904 descripta
1924 3824 2019 3882 est
2059 3817 2401 3896 (Mnemos.
2448 3813 2633 3878 XVII

247 3948 394 4013 pag.
444 3925 571 3991 451
601 3933 743 4012 sq.).
816 3925 1000 3991 Hanc
1046 3905 1305 3991 Primae
1355 3925 1535 3991 Uvae
1582 3925 1985 4002 Lectionem,
2052 3945 2178 4009 qua
2224 3922 2451 3987 Vineta
2498 3919 2634 3986 Vir-

263 4097 344 4104 ἡ

316 4201 373 4267 1)
408 4201 505 4252 Cic.
542 4201 633 4266 leg.
670 4203 713 4250 2.
738 4202 785 4250 8.
804 4201 893 4250 21:
937 4215 1170 4264 ‚augures
1202 4235 1215 4250 .
1237 4237 1249 4250 .
1270 4238 1282 4250 .
1311 4201 1526 4250 Salutem
1545 4201 1720 4266 Populi
1739 4197 2056 4264 auguranto”.
2092 4228 2158 4236 —
2193 4200 2250 4265 2)
2271 4199 2361 4248 Dio
2380 4197 2459 4251 87.
2479 4199 2632 4262 24.1,

250 4284 344 4335 Cic.
394 4285 489 4334 div.
528 4284 807 4341 1.47.105,
852 4282 938 4333 etr.
986 4298 1091 4347 pag.
1128 4283 1229 4331 418
1273 4283 1383 4331 adn.
1419 4283 1467 4333 8.
1513 4310 1577 4322 --
1625 4284 1681 4348 3)
1717 4283 1817 4331 Cie.
1867 4282 1958 4347 leg.
1994 4283 2038 4332 2.
2061 4282 2280 4346 660111.
2333 4309 2400 4318 —
2450 4282 2508 4346 4)
2541 4281 2630 4330 cfr.

254 4367 543 4430 marquardi
578 4367 718 4415 Rom.
752 4367 1057 4414 Staatsverw.
1093 4366 1123 4413 8
1159 4379 1209 4428 p.
1243 4366 1359 4414 409.
