3192 5009
1347 332 1724 383 sornocnns.
2585 312 2716 381 227

343 500 449 567 vel
518 502 941 579 περιτρίπτοιο.
1011 500 1385 587 Legendum
1456 504 1553 563 est
1615 500 1684 561 ni
1745 496 1928 562 fallor
1988 504 2245 577 σχεῖν,
2308 496 2374 562 id
2437 498 2605 583 quod
2649 502 2718 563 in

343 608 601 675 scholiis
662 608 1141 693 Aristophaneis
1204 612 1267 672 et
1323 609 1391 671 in
1454 604 1741 671 Barnesii
1787 603 2063 669 editione
2109 603 2437 690 Euripidis
2485 604 2715 684 editur,

346 713 569 779 deinde
610 735 759 780 vero
799 736 920 780 non
960 714 1281 792 ἀτρέπτοιο
1299 762 1317 791 ,
1362 711 1531 797 quod
1567 711 1672 777 illi
1707 732 1858 775 cum
1893 710 2104 777 codice
2141 716 2356 777 nostro
2395 712 2717 789 exhibent,

340 820 451 885 sed
495 822 957 897 ἄτρίπτοιο.

432 926 519 990 At
586 948 711 991 non
781 924 993 991 solum
1051 928 1119 989 in
1180 926 1361 991 bonis
1427 925 1529 989 his
1594 924 1974 988 lectionibus
1992 972 2009 1001 ‚
2074 926 2144 987 in
2205 922 2394 988 malis
2464 946 2718 1011 quoque

340 1033 614 1097 concinit
681 1030 877 1097 codex
946 1052 1095 1095 cum
1161 1030 1437 1095 editione
1510 1028 1741 1094 Aldina
1813 1028 2273 1115 Aristophanis.
2363 1028 2718 1116 Utrobique

342 1159 435 1203 νε.
487 1136 528 1202 8
577 1142 753 1203 extat
800 1144 1030 1216 σχῆμα
1079 1158 1192 1223 pro
1239 1146 1449 1213 σῆμα,
1498 1158 1595 1201 νε.
1652 1134 1732 1199 12
1784 1133 1894 1215 ἦξη
1944 1159 2014 1199 τε
2062 1155 2176 1220 pro
2224 1132 2444 1217 ἵζησιν.
2494 1136 2720 1202 Differt

340 1242 786 1309 tantummodo
857 1244 1048 1309 lectio
1108 1264 1332 1308 versus
1394 1240 1456 1320 5,
1519 1243 1634 1308 ubi
1691 1240 2073 1320 κηριτρεφέος
2142 1247 2238 1306 est
2281 1242 2452 1327 apud
2498 1244 2718 1321 Arist„

343 1349 778 1430 κκριτρεφέας
841 1371 993 1415 vero
1056 1353 1125 1414 in
1188 1349 1399 1415 codice
1460 1356 1712 1425 nostro,
1777 1354 1841 1412 et
1885 1369 1982 1412 νε.
2034 1346 2098 1425 8,
2146 1348 2258 1413 ubi
2306 1347 2502 1413 codex
2549 1354 2719 1415 recte

340 1456 530 1521 habet
580 1457 955 1536 περίτροχον,
1005 1455 1247 1521 scholia
1291 1476 1442 1520 vero
1490 1454 1950 1539 Aristophaneo.
1997 1453 2166 1519 male
2215 1456 2592 1532 περίπλοκον.

432 1562 558 1627 Res
602 1565 809 1648 igitur
854 1562 981 1627 huc
1029 1561 1227 1628 redit:
1277 1564 1619 1627 concinunt
1666 1580 1738 1625 ea
1784 1581 1946 1646 quae
1991 1561 2060 1623 in
2105 1561 2336 1625 codicis
2382 1558 2720 1646 Sophoclei

340 1672 631 1755 margine
679 1667 989 1755 leguntur
1032 1690 1182 1733 cum
1226 1670 1308 1733 iis
1347 1688 1508 1753 quae
1546 1667 1859 1732 Musurus
1893 1669 2165 1732 inseruit
2201 1667 2457 1733 scholiis
2480 1669 2722 1733 Aristo·

338 1774 601 1860 phaneis
619 1824 634 1853 ,
675 1797 801 1840 non
848 1776 1189 1839 concinunt
1234 1794 1382 1851 cum
1431 1773 1720 1838 eiusdem
1767 1772 2008 1838 oraculi
2044 1772 2424 1838 lectionibus
2463 1773 2718 1840 aliunde

338 1884 631 1969 cognitis.
698 1880 871 1968 Ergo
935 1887 1049 1945 aut
1108 1902 1463 1967 anonymus
1483 1929 1498 1958 ,
1551 1882 1664 1965 qui
1709 1879 2213 1944 Laurentianum
2257 1879 2540 1945 codicem
2587 1901 2720 1945 ma-

338 1988 527 2053 nibus
574 1991 759 2053 trivit
777 2036 793 2064 ,
841 1987 1189 2052 Musurum
1238 1989 1573 2073 excripsit,
1625 1993 1739 2051 aut
1781 1985 2094 2051 Musurus
2140 1989 2441 2072 excripsit
2487 2008 2720 2074 anony-

340 2115 526 2159 mum
548 2143 564 2171 ,
616 2101 729 2159 aut
775 2095 963 2159 ambo
1012 2115 1089 2159 ex
1136 2093 1307 2158 fonte
1356 2094 1682 2161 communi
1728 2092 1983 2157 doctam
2020 2113 2205 2158 suam
2245 2097 2720 2159 annotationem

342 2201 681 2265 duxerunt.
730 2199 804 2264 Id
852 2199 1112 2286 quidem
1159 2204 1407 2265 certum
1452 2204 1583 2275 est,
1632 2198 2034 2263 Dindorfium
2081 2220 2319 2264 errasse
2373 2222 2524 2266 cum
2577 2221 2719 2265 con-

340 2306 627 2373 tenderet
685 2306 1036 2371 Musurum
1084 2327 1117 2371 e
1167 2305 1427 2370 scholiis
1471 2304 1836 2390 Euripideis
1882 2306 2001 2370 hoc
2048 2303 2377 2370 oraculum
2423 2306 2717 2371 intulisse

339 2416 409 2477 in
446 2412 685 2477 scholia
722 2412 1199 2497 Aristophanea.
1239 2411 1511 2476 Musuro
1552 2432 1741 2488 vere,
1779 2410 1848 2475 id
1886 2416 1984 2475 est
2007 2410 2256 2476 saeculo
2279 2410 2400 2475 XV
2425 2418 2715 2489 exeunte,

338 2522 687 2584 recentiora
746 2540 881 2584 esse
946 2539 1107 2604 quae
1165 2519 1425 2604 praebet
1485 2517 1684 2583 codex
1730 2516 2194 2582 Laurentianus
2212 2566 2228 2594 ,
2279 2539 2403 2583 non
2451 2523 2548 2583 est
2592 2540 2718 2585 cre-

340 2624 568 2702 dibile;
634 2628 759 2691 nisi
820 2624 1023 2703 fallor,
1086 2628 1433 2711 perscripta
1492 2625 1648 2691 haec
1696 2629 1846 2688 sunt
1891 2624 2113 2689 eadem
2158 2645 2355 2689 manu
2373 2673 2389 2701 ,
2441 2646 2600 2710 quae
2648 2628 2716 2689 in

338 2734 627 2818 margine
668 2731 891 2796 allevit
934 2753 1196 2797 versum
1234 2730 1367 2796 800
1410 2730 1638 2816 Oedipi
1676 2730 1872 2818 Regis
1912 2730 2168 2795 aliunde
2204 2734 2508 2818 ignotum
2525 2781 2540 2807 ,
2581 2734 2716 2797 sive

338 2840 657 2924 genuinus
719 2846 815 2903 est
860 2837 973 2903 ille
1020 2841 1313 2903 trimeter
1358 2840 1495 2903 sive
1540 2840 1819 2923 spurius.
1869 2836 2200 2923 Numquid
2241 2840 2448 2924 igitur
2495 2836 2719 2902 Musu-

336 2965 449 3009 rus
495 2965 529 3009 e
573 2947 864 3030 margine
914 2947 1118 3009 nostri
1164 2945 1398 3009 codicis
1437 2944 1750 3009 desumsit
1787 2942 2161 3009 oraculum?
2206 2944 2306 3009 An
2332 2965 2365 3009 e
2389 2948 2716 3009 communi

338 3049 553 3136 aliquo
600 3050 775 3115 fonte
820 3050 1169 3115 hauserunt
1216 3048 1447 3116 ambo?
1496 3049 1638 3116 Hoc
1683 3052 1820 3115 veri
1864 3049 2145 3115 similius
2192 3056 2306 3115 est.

429 3262 613 3327 Nunc
673 3262 749 3327 de
807 3265 1012 3348 ipsius
1074 3261 1403 3349 Sophoclis
1451 3264 1729 3349 quodam
1778 3262 1914 3329 loco
1959 3284 2182 3350 agam,
2232 3264 2346 3329 ubi
2391 3266 2494 3343 id,
2545 3268 2715 3352 quod

338 3371 505 3433 inter
550 3371 787 3433 amicos
834 3369 1080 3434 dudum
1127 3369 1605 3448 contenderem,
1654 3370 1865 3434 codice
1913 3370 2273 3435 confirmari
2320 3371 2474 3436 vidi.

429 3474 503 3539 In
550 3474 765 3541 fabula
808 3476 1135 3562 Antigona
1180 3479 1294 3541 vix
1341 3475 1477 3541 ulla
1522 3475 1805 3562 pulcrior
1850 3483 2026 3543 extat
2069 3478 2243 3542 chori
2289 3477 2604 3544 cantilena
2629 3518 2712 3528 —-

344 3581 533 3645 καλαὶ
584 3582 646 3645 δέ
696 3605 764 3645 τε
815 3585 1013 3645 πᾶσαι
1066 3620 1151 3631 -—
1200 3602 1393 3667 quam
1438 3582 1585 3659 illa,
1638 3604 1799 3667 quae
1837 3582 1981 3648 inde
2021 3604 2058 3648 a
2096 3606 2288 3649 versu
2314 3583 2443 3649 944
2465 3588 2712 3673 incipit.

340 3686 677 3775 Virginem
738 3693 813 3752 ut
874 3687 1280 3753 consolentur
1327 3710 1504 3755 senes
1554 3688 1872 3767 Thebani,
1925 3710 2119 3775 quam
2167 3689 2332 3755 filiae
2379 3694 2580 3757 instar
2628 3732 2712 3741 —

340 3790 381 3857 ὦ
431 3803 553 3858 παῖ
595 3815 739 3859 eam
784 3794 1199 3879 alloquuntur
1251 3832 1335 3843 —-
1384 3795 1684 3861 dilectam
1731 3796 1966 3862 habent
2012 3806 2076 3861 et
2114 3800 2516 3877 miserentur,
2559 3799 2715 3865 alios

338 3902 606 3966 heroum
664 3900 897 3966 liberos
962 3904 1020 3965 ei
1067 3902 1385 3979 indicant,
1437 3902 1667 3987 quibus
1714 3924 1850 3967 sors
1897 3924 2027 3967 non
2074 3906 2290 3967 minus
2339 3903 2567 3969 flebilis
2613 3907 2717 3971 ob-

338 4011 593 4095 tigerit,
657 4013 853 4093 utque
917 4010 1130 4073 animo
1193 4009 1466 4073 demisso
1527 4011 1595 4072 in
1653 4012 1938 4074 numinis
1983 4000 2312 4075 voluntate
2359 4015 2717 4096 acquiescat

340 4118 399 4180 ei
460 4114 747 4179 suadent.
818 4114 957 4179 Hoc
1021 4118 1174 4200 quin
1237 4117 1322 4179 sit
1385 4115 1728 4179 consilium
1775 4119 2036 4195 cantici,
2088 4138 2212 4202 quo
2259 4116 2538 4195 Danaae,
2591 4117 2718 4205 Ly-

338 4223 523 4308 curgi
540 4270 555 4299 ,
604 4220 1062 4285 Phineidarum
1102 4242 1449 4306 eorumque
1486 4225 1712 4286 matris
1753 4222 1897 4287 duri
1938 4243 2119 4287 casus
2158 4231 2548 4301 enarrantur,
2591 4247 2716 4290 non

338 4334 434 4391 est
478 4328 750 4392 dubium
769 4375 784 4404 ‚
836 4349 1037 4413 neque
1084 4326 1271 4392 aliter
1307 4328 1373 4391 id
1410 4332 1815 4415 interpretari
1853 4328 2055 4395 solent
2096 4332 2222 4395 viri
2262 4330 2448 4395 docti.
2492 4329 2716 4396 Obstat

338 4438 551 4500 tamen
592 4432 834 4518 aliquid
876 4470 959 4481 -
1003 4435 1211 4512 μικρὸν
1252 4436 1456 4508 ἡλίκον
1500 4436 1742 4501 Μόλων.
1795 4436 2040 4523 Nempe
2078 4457 2157 4502 ne
2195 4437 2432 4505 frustra
2457 4458 2716 4523 operam
