<?xml version="1.0" encoding="UTF-8"?>
<!DOCTYPE html PUBLIC "-//W3C//DTD XHTML 1.0 Transitional//EN"
    "http://www.w3.org/TR/xhtml1/DTD/xhtml1-transitional.dtd">
<html xmlns="http://www.w3.org/1999/xhtml" xml:lang="en" lang="en">
 <head>
  <title>
</title>
<meta http-equiv="Content-Type" content="text/html;charset=utf-8" />
  <meta name='ocr-system' content='tesseract 3.04.00' />
  <meta name='ocr-capabilities' content='ocr_page ocr_carea ocr_par ocr_line ocrx_word'/>
</head>
<body>
  <div class='ocr_page' id='page_1' title='image "./mnemosyne07servgoog_0132.png"; bbox 0 0 3192 5009; ppageno 0'>
   <div class='ocr_carea' id='block_1_1' title="bbox 538 223 2044 290">
    <p class='ocr_par' dir='ltr' id='par_1_1' title="bbox 538 223 2044 290">
     <span class='ocr_line' id='line_1_1' title="bbox 538 223 2044 290; baseline -0.003 0"><span class='ocrx_word' id='word_1_1' title='bbox 538 223 670 290; x_wconf 81' lang='lat'><strong>124</strong></span> <span class='ocrx_word' id='word_1_2' title='bbox 1397 239 2044 290; x_wconf 70' lang='lat' dir='ltr'><strong>onsnnu&#39;nunoum</strong></span> 
     </span>
    </p>
   </div>
   <div class='ocr_carea' id='block_1_2' title="bbox 528 405 3018 4203">
    <p class='ocr_par' dir='ltr' id='par_1_2' title="bbox 531 405 2927 1216">
     <span class='ocr_line' id='line_1_2' title="bbox 533 405 2924 490; baseline -0.003 -16"><span class='ocrx_word' id='word_1_3' title='bbox 533 407 675 474; x_wconf 88' lang='lat' dir='ltr'><strong>aliis</strong></span> <span class='ocrx_word' id='word_1_4' title='bbox 737 406 1089 472; x_wconf 87' lang='lat' dir='ltr'><strong>violentam</strong></span> <span class='ocrx_word' id='word_1_5' title='bbox 1134 406 1523 472; x_wconf 72' lang='lat' dir='ltr'><strong>medicinam</strong></span> <span class='ocrx_word' id='word_1_6' title='bbox 1568 405 2022 471; x_wconf 76' lang='lat' dir='ltr'><strong>adhibentibus</strong></span> <span class='ocrx_word' id='word_1_7' title='bbox 2040 454 2058 483; x_wconf 87' lang='lat'>‚</span> <span class='ocrx_word' id='word_1_8' title='bbox 2103 425 2293 469; x_wconf 92' lang='lat' dir='ltr'><strong>nemo</strong></span> <span class='ocrx_word' id='word_1_9' title='bbox 2338 407 2541 469; x_wconf 77' lang='lat' dir='ltr'><strong>nescit</strong></span> <span class='ocrx_word' id='word_1_10' title='bbox 2557 453 2574 482; x_wconf 90' lang='lat'>‚</span> <span class='ocrx_word' id='word_1_11' title='bbox 2623 406 2924 490; x_wconf 81' lang='lat' dir='ltr'><strong>quamvis</strong></span> 
     </span>
     <span class='ocr_line' id='line_1_3' title="bbox 531 504 2923 602; baseline -0.003 -22"><span class='ocrx_word' id='word_1_12' title='bbox 531 517 816 602; x_wconf 88' lang='lat' dir='ltr'><strong>partium</strong></span> <span class='ocrx_word' id='word_1_13' title='bbox 881 514 1165 580; x_wconf 82' lang='lat' dir='ltr'><strong>furorem</strong></span> <span class='ocrx_word' id='word_1_14' title='bbox 1234 533 1317 578; x_wconf 89' lang='lat' dir='ltr'><strong>an</strong></span> <span class='ocrx_word' id='word_1_15' title='bbox 1384 512 1597 578; x_wconf 79' lang='lat' dir='ltr'><strong>dicam</strong></span> <span class='ocrx_word' id='word_1_16' title='bbox 1665 512 1913 578; x_wconf 79' lang='lat' dir='ltr'><strong>rabiem</strong></span> <span class='ocrx_word' id='word_1_17' title='bbox 1983 513 2098 576; x_wconf 80' lang='lat' dir='ltr'><strong>vix</strong></span> <span class='ocrx_word' id='word_1_18' title='bbox 2161 511 2590 597; x_wconf 84' lang='lat' dir='ltr'><strong>adsequantur</strong></span> <span class='ocrx_word' id='word_1_19' title='bbox 2649 504 2756 576; x_wconf 73' lang='grc' dir='ltr'><strong>οἶοι</strong></span> <span class='ocrx_word' id='word_1_20' title='bbox 2821 513 2923 574; x_wconf 80' lang='grc' dir='ltr'><strong>νῦν</strong></span> 
     </span>
     <span class='ocr_line' id='line_1_4' title="bbox 532 622 962 702; baseline -0.009 -15"><span class='ocrx_word' id='word_1_21' title='bbox 532 622 743 702; x_wconf 70' lang='grc' dir='ltr'><strong><em>βροτοί</em></strong></span> <span class='ocrx_word' id='word_1_22' title='bbox 792 622 962 686; x_wconf 78' lang='grc' dir='ltr'><strong>εἰσιν.</strong></span> 
     </span>
     <span class='ocr_line' id='line_1_5' title="bbox 806 725 2922 810; baseline -0.002 -17"><span class='ocrx_word' id='word_1_23' title='bbox 806 730 1120 810; x_wconf 86' lang='lat' dir='ltr'><strong>[ceterum</strong></span> <span class='ocrx_word' id='word_1_24' title='bbox 1176 728 1315 791; x_wconf 85' lang='lat' dir='ltr'><strong>sive</strong></span> <span class='ocrx_word' id='word_1_25' title='bbox 1376 725 1706 791; x_wconf 75' lang='lat' dir='ltr'><strong>satisdatio</strong></span> <span class='ocrx_word' id='word_1_26' title='bbox 1769 727 2155 790; x_wconf 77' lang='lat' dir='ltr'>interveniat</span> <span class='ocrx_word' id='word_1_27' title='bbox 2217 727 2356 790; x_wconf 79' lang='lat' dir='ltr'><strong>sive</strong></span> <span class='ocrx_word' id='word_1_28' title='bbox 2413 746 2541 790; x_wconf 89' lang='lat' dir='ltr'><strong>non</strong></span> <span class='ocrx_word' id='word_1_29' title='bbox 2561 773 2578 802; x_wconf 90' lang='lat'>‚</span> <span class='ocrx_word' id='word_1_30' title='bbox 2627 725 2922 788; x_wconf 79' lang='lat' dir='ltr'><strong>remissio</strong></span> 
     </span>
     <span class='ocr_line' id='line_1_6' title="bbox 804 832 2923 916; baseline -0.002 -18"><span class='ocrx_word' id='word_1_31' title='bbox 804 833 971 898; x_wconf 82' lang='lat' dir='ltr'><strong>faeta</strong></span> <span class='ocrx_word' id='word_1_32' title='bbox 1032 832 1155 897; x_wconf 86' lang='lat' dir='ltr'><strong>hoc</strong></span> <span class='ocrx_word' id='word_1_33' title='bbox 1202 837 1461 896; x_wconf 88' lang='lat' dir='ltr'><strong>tantum</strong></span> <span class='ocrx_word' id='word_1_34' title='bbox 1507 834 1788 896; x_wconf 76' lang='lat' dir='ltr'><strong>remittit</strong></span> <span class='ocrx_word' id='word_1_35' title='bbox 1833 834 1898 895; x_wconf 89' lang='lat' dir='ltr'><strong>in</strong></span> <span class='ocrx_word' id='word_1_36' title='bbox 1945 851 2070 916; x_wconf 91' lang='lat' dir='ltr'><strong>quo</strong></span> <span class='ocrx_word' id='word_1_37' title='bbox 2117 851 2246 895; x_wconf 89' lang='grc'><strong>11011</strong></span> <span class='ocrx_word' id='word_1_38' title='bbox 2292 832 2502 914; x_wconf 86' lang='lat' dir='ltr'><strong>tenuit</strong></span> <span class='ocrx_word' id='word_1_39' title='bbox 2549 832 2923 913; x_wconf 67' lang='lat' dir='ltr'><strong>nuntiatio}</strong></span> 
     </span>
     <span class='ocr_line' id='line_1_7' title="bbox 618 937 2572 1024; baseline -0.003 -19"><span class='ocrx_word' id='word_1_40' title='bbox 618 940 794 1006; x_wconf 79' lang='lat' dir='ltr'><strong>Haec</strong></span> <span class='ocrx_word' id='word_1_41' title='bbox 838 947 1006 1004; x_wconf 87' lang='lat' dir='ltr'><strong>stare</strong></span> <span class='ocrx_word' id='word_1_42' title='bbox 1052 960 1177 1003; x_wconf 92' lang='lat' dir='ltr'><strong>non</strong></span> <span class='ocrx_word' id='word_1_43' title='bbox 1228 944 1497 1024; x_wconf 81' lang='lat' dir='ltr'><strong>possunt</strong></span> <span class='ocrx_word' id='word_1_44' title='bbox 1541 939 1780 1023; x_wconf 86' lang='lat' dir='ltr'><strong>absque</strong></span> <span class='ocrx_word' id='word_1_45' title='bbox 1827 939 1908 1002; x_wconf 88' lang='lat' dir='ltr'><strong>iis</strong></span> <span class='ocrx_word' id='word_1_46' title='bbox 1956 958 2120 1022; x_wconf 89' lang='lat' dir='ltr'><strong>quae</strong></span> <span class='ocrx_word' id='word_1_47' title='bbox 2167 937 2572 1022; x_wconf 77' lang='lat' dir='ltr'><strong>praecedunt.</strong></span> 
     </span>
     <span class='ocr_line' id='line_1_8' title="bbox 787 1043 2927 1130; baseline -0.001 -21"><span class='ocrx_word' id='word_1_48' title='bbox 787 1047 983 1130; x_wconf 80' lang='lat' dir='ltr'><strong>plane</strong></span> <span class='ocrx_word' id='word_1_49' title='bbox 1025 1045 1082 1109; x_wconf 68' lang='lat' dir='ltr'><strong>ei</strong></span> <span class='ocrx_word' id='word_1_50' title='bbox 1128 1045 1486 1108; x_wconf 68' lang='lat' dir='ltr'><strong>satisdatum</strong></span> <span class='ocrx_word' id='word_1_51' title='bbox 1532 1053 1619 1108; x_wconf 74' lang='lat' dir='ltr'><strong>eet</strong></span> <span class='ocrx_word' id='word_1_52' title='bbox 1665 1044 1881 1108; x_wconf 69' lang='lat' dir='ltr'><strong>exinde</strong></span> <span class='ocrx_word' id='word_1_53' title='bbox 1927 1045 2245 1126; x_wconf 74' lang='lat' dir='ltr'><strong>[remissio</strong></span> <span class='ocrx_word' id='word_1_54' title='bbox 2291 1043 2460 1108; x_wconf 80' lang='lat' dir='ltr'><strong>facta</strong></span> <span class='ocrx_word' id='word_1_55' title='bbox 2505 1045 2629 1126; x_wconf 86' lang='lat' dir='ltr'><strong>est]</strong></span> <span class='ocrx_word' id='word_1_56' title='bbox 2675 1065 2796 1106; x_wconf 78' lang='lat' dir='ltr'><strong>non</strong></span> <span class='ocrx_word' id='word_1_57' title='bbox 2837 1049 2927 1106; x_wconf 71' lang='lat' dir='ltr'><strong>est</strong></span> 
     </span>
     <span class='ocr_line' id='line_1_9' title="bbox 800 1151 1469 1216; baseline -0.003 0"><span class='ocrx_word' id='word_1_58' title='bbox 800 1151 1137 1216; x_wconf 62' lang='lat' dir='ltr'><strong>necessaria</strong></span> <span class='ocrx_word' id='word_1_59' title='bbox 1184 1151 1469 1214; x_wconf 72' lang='lat' dir='ltr'><strong>remissio.</strong></span> 
     </span>
    </p>

    <p class='ocr_par' dir='ltr' id='par_1_3' title="bbox 622 1256 2058 1344">
     <span class='ocr_line' id='line_1_10' title="bbox 622 1256 2058 1344; baseline -0.001 -22"><span class='ocrx_word' id='word_1_60' title='bbox 622 1257 798 1324; x_wconf 83' lang='lat' dir='ltr'><strong>Haeo</strong></span> <span class='ocrx_word' id='word_1_61' title='bbox 845 1279 958 1344; x_wconf 89' lang='lat' dir='ltr'><strong>per</strong></span> <span class='ocrx_word' id='word_1_62' title='bbox 1003 1279 1109 1322; x_wconf 91' lang='lat' dir='ltr'><strong>me</strong></span> <span class='ocrx_word' id='word_1_63' title='bbox 1154 1256 1309 1321; x_wconf 81' lang='lat' dir='ltr'><strong>lieet</strong></span> <span class='ocrx_word' id='word_1_64' title='bbox 1357 1259 1639 1343; x_wconf 81' lang='lat' dir='ltr'><strong>genuina</strong></span> <span class='ocrx_word' id='word_1_65' title='bbox 1685 1257 2058 1322; x_wconf 81' lang='lat' dir='ltr'><strong>habeantur.</strong></span> 
     </span>
    </p>

    <p class='ocr_par' dir='ltr' id='par_1_4' title="bbox 800 1360 2930 1532">
     <span class='ocr_line' id='line_1_11' title="bbox 800 1360 2930 1450; baseline -0.001 -24"><span class='ocrx_word' id='word_1_66' title='bbox 800 1362 925 1450; x_wconf 59' lang='lat'><strong>53.</strong></span> <span class='ocrx_word' id='word_1_67' title='bbox 973 1363 1071 1426; x_wconf 72' lang='lat' dir='ltr'><strong>ius</strong></span> <span class='ocrx_word' id='word_1_68' title='bbox 1115 1363 1290 1425; x_wconf 75' lang='lat' dir='ltr'><strong>habet</strong></span> <span class='ocrx_word' id='word_1_69' title='bbox 1336 1384 1481 1444; x_wconf 70' lang='lat' dir='ltr'><strong>opus</strong></span> <span class='ocrx_word' id='word_1_70' title='bbox 1528 1385 1740 1426; x_wconf 76' lang='lat' dir='ltr'><strong>novum</strong></span> <span class='ocrx_word' id='word_1_71' title='bbox 1785 1361 2136 1426; x_wconf 55' lang='lat' dir='ltr'><strong>nuntiandi</strong></span> <span class='ocrx_word' id='word_1_72' title='bbox 2161 1360 2266 1446; x_wconf 75' lang='lat' dir='ltr'><strong>qui</strong></span> <span class='ocrx_word' id='word_1_73' title='bbox 2311 1367 2420 1424; x_wconf 72' lang='lat' dir='ltr'><strong>aut</strong></span> <span class='ocrx_word' id='word_1_74' title='bbox 2467 1360 2796 1424; x_wconf 74' lang='lat' dir='ltr'><strong>dominium</strong></span> <span class='ocrx_word' id='word_1_75' title='bbox 2817 1367 2930 1424; x_wconf 82' lang='lat' dir='ltr'><strong>aut</strong></span> 
     </span>
     <span class='ocr_line' id='line_1_12' title="bbox 804 1468 1382 1532; baseline -0.003 0"><span class='ocrx_word' id='word_1_76' title='bbox 804 1469 1143 1532; x_wconf 75' lang='lat' dir='ltr'><strong>servitutem</strong></span> <span class='ocrx_word' id='word_1_77' title='bbox 1191 1468 1382 1531; x_wconf 76' lang='lat' dir='ltr'><strong>habet.</strong></span> 
     </span>
    </p>

    <p class='ocr_par' dir='ltr' id='par_1_5' title="bbox 802 1572 2936 2505">
     <span class='ocr_line' id='line_1_13' title="bbox 806 1572 2934 1660; baseline 0 -24"><span class='ocrx_word' id='word_1_78' title='bbox 806 1573 931 1660; x_wconf 62' lang='lat'><strong>54.</strong></span> <span class='ocrx_word' id='word_1_79' title='bbox 994 1574 1135 1637; x_wconf 81' lang='lat' dir='ltr'><strong>item</strong></span> <span class='ocrx_word' id='word_1_80' title='bbox 1181 1572 1432 1648; x_wconf 77' lang='lat' dir='ltr'><strong>Iuliano</strong></span> <span class='ocrx_word' id='word_1_81' title='bbox 1467 1575 1682 1656; x_wconf 75' lang='lat' dir='ltr'><strong>placet</strong></span> <span class='ocrx_word' id='word_1_82' title='bbox 1711 1573 2076 1660; x_wconf 78' lang='lat' dir='ltr'><strong>fructuario</strong></span> <span class='ocrx_word' id='word_1_83' title='bbox 2125 1573 2628 1637; x_wconf 77' lang='lat' dir='ltr'><strong>vindicandarum</strong></span> <span class='ocrx_word' id='word_1_84' title='bbox 2673 1574 2934 1638; x_wconf 70' lang='lat' dir='ltr'><strong>servitu-</strong></span> 
     </span>
     <span class='ocr_line' id='line_1_14' title="bbox 804 1679 2934 1764; baseline 0 -20"><span class='ocrx_word' id='word_1_85' title='bbox 804 1679 955 1744; x_wconf 77' lang='lat' dir='ltr'><strong>tium</strong></span> <span class='ocrx_word' id='word_1_86' title='bbox 998 1680 1093 1742; x_wconf 76' lang='lat' dir='ltr'><strong>ius</strong></span> <span class='ocrx_word' id='word_1_87' title='bbox 1142 1700 1265 1742; x_wconf 73' lang='lat' dir='ltr'><strong>esse</strong></span> <span class='ocrx_word' id='word_1_88' title='bbox 1275 1707 1304 1755; x_wconf 90' lang='lat'><em>;</em></span> <span class='ocrx_word' id='word_1_89' title='bbox 1352 1683 1672 1743; x_wconf 69' lang='lat' dir='ltr'><strong>seeundum</strong></span> <span class='ocrx_word' id='word_1_90' title='bbox 1721 1682 1880 1764; x_wconf 78' lang='lat' dir='ltr'><strong>quod</strong></span> <span class='ocrx_word' id='word_1_91' title='bbox 1926 1702 2074 1762; x_wconf 61' lang='lat' dir='ltr'><strong>opu«</strong></span> <span class='ocrx_word' id='word_1_92' title='bbox 2117 1701 2327 1742; x_wconf 75' lang='lat' dir='ltr'><strong>novum</strong></span> <span class='ocrx_word' id='word_1_93' title='bbox 2373 1679 2660 1743; x_wconf 73' lang='lat' dir='ltr'><strong>nuntiare</strong></span> <span class='ocrx_word' id='word_1_94' title='bbox 2692 1681 2934 1762; x_wconf 75' lang='lat' dir='ltr'><strong>poterit</strong></span> 
     </span>
     <span class='ocr_line' id='line_1_15' title="bbox 809 1785 2934 1869; baseline -0.001 -18"><span class='ocrx_word' id='word_1_95' title='bbox 809 1791 897 1866; x_wconf 88' lang='lat' dir='ltr'><strong>[et</strong></span> <span class='ocrx_word' id='word_1_96' title='bbox 964 1788 1255 1850; x_wconf 87' lang='lat' dir='ltr'><strong>remissio</strong></span> <span class='ocrx_word' id='word_1_97' title='bbox 1322 1785 1508 1850; x_wconf 85' lang='lat' dir='ltr'><strong>utilis</strong></span> <span class='ocrx_word' id='word_1_98' title='bbox 1580 1789 1766 1869; x_wconf 88' lang='lat' dir='ltr'><strong>erit];</strong></span> <span class='ocrx_word' id='word_1_99' title='bbox 1841 1785 1967 1868; x_wconf 71' lang='lat' dir='ltr'><strong>ipsi</strong></span> <span class='ocrx_word' id='word_1_100' title='bbox 2027 1793 2220 1849; x_wconf 76' lang='lat' dir='ltr'><strong>autem</strong></span> <span class='ocrx_word' id='word_1_101' title='bbox 2284 1785 2520 1848; x_wconf 79' lang='lat' dir='ltr'><strong>domino</strong></span> <span class='ocrx_word' id='word_1_102' title='bbox 2569 1785 2830 1867; x_wconf 76' lang='lat' dir='ltr'><strong>praedii</strong></span> <span class='ocrx_word' id='word_1_103' title='bbox 2875 1785 2934 1849; x_wconf 72' lang='lat' dir='ltr'><strong>si</strong></span> 
     </span>
     <span class='ocr_line' id='line_1_16' title="bbox 806 1890 2934 1977; baseline 0 -23"><span class='ocrx_word' id='word_1_104' title='bbox 806 1891 1175 1955; x_wconf 73' lang='lat' dir='ltr'><strong>nuntiaverit</strong></span> <span class='ocrx_word' id='word_1_105' title='bbox 1220 1895 1511 1957; x_wconf 87' lang='lat' dir='ltr'><strong>remissio</strong></span> <span class='ocrx_word' id='word_1_106' title='bbox 1550 1892 1624 1972; x_wconf 90' lang='grc'><strong>(1.</strong></span> <span class='ocrx_word' id='word_1_107' title='bbox 1651 1891 1982 1971; x_wconf 75' lang='lat' dir='ltr'><strong>nuntiatio)</strong></span> <span class='ocrx_word' id='word_1_108' title='bbox 2019 1891 2264 1957; x_wconf 69' lang='lat' dir='ltr'><strong>inutilis</strong></span> <span class='ocrx_word' id='word_1_109' title='bbox 2297 1890 2416 1970; x_wconf 61' lang='lat' dir='ltr'><strong>gerit</strong></span> <span class='ocrx_word' id='word_1_110' title='bbox 2432 1939 2449 1969; x_wconf 93' lang='lat'><em>,</em></span> <span class='ocrx_word' id='word_1_111' title='bbox 2489 1915 2675 1977; x_wconf 75' lang='lat' dir='ltr'><strong>neque</strong></span> <span class='ocrx_word' id='word_1_112' title='bbox 2715 1893 2934 1975; x_wconf 76' lang='lat' dir='ltr'><strong>(enim)</strong></span> 
     </span>
     <span class='ocr_line' id='line_1_17' title="bbox 802 1997 2936 2080; baseline 0 -19"><span class='ocrx_word' id='word_1_113' title='bbox 802 1998 959 2061; x_wconf 70' lang='lat' dir='ltr'><strong>sieut</strong></span> <span class='ocrx_word' id='word_1_114' title='bbox 1016 1999 1299 2061; x_wconf 72' lang='lat' dir='ltr'><strong>adversae</strong></span> <span class='ocrx_word' id='word_1_115' title='bbox 1358 1997 1620 2062; x_wconf 77' lang='lat' dir='ltr'><strong>vicinum</strong></span> <span class='ocrx_word' id='word_1_116' title='bbox 1641 2047 1656 2068; x_wconf 88' lang='lat'><strong>.</strong></span> <span class='ocrx_word' id='word_1_117' title='bbox 1703 1998 1798 2062; x_wconf 77' lang='lat' dir='ltr'><strong>ita</strong></span> <span class='ocrx_word' id='word_1_118' title='bbox 1841 2000 2126 2062; x_wconf 68' lang='lat' dir='ltr'><strong>adver-me</strong></span> <span class='ocrx_word' id='word_1_119' title='bbox 2169 1999 2467 2062; x_wconf 78' lang='lat' dir='ltr'><strong>dominum</strong></span> <span class='ocrx_word' id='word_1_120' title='bbox 2513 2021 2688 2078; x_wconf 71' lang='lat' dir='ltr'><strong>ayere</strong></span> <span class='ocrx_word' id='word_1_121' title='bbox 2724 2005 2936 2080; x_wconf 71' lang='lat' dir='ltr'><strong>potest</strong></span> 
     </span>
     <span class='ocr_line' id='line_1_18' title="bbox 802 2103 2932 2189; baseline 0 -22"><span class='ocrx_word' id='word_1_122' title='bbox 802 2103 901 2167; x_wconf 73' lang='lat' dir='ltr'><strong>im</strong></span> <span class='ocrx_word' id='word_1_123' title='bbox 944 2104 1001 2166; x_wconf 77' lang='lat' dir='ltr'><strong>ei</strong></span> <span class='ocrx_word' id='word_1_124' title='bbox 1047 2127 1167 2167; x_wconf 75' lang='lat' dir='ltr'><strong>non</strong></span> <span class='ocrx_word' id='word_1_125' title='bbox 1211 2125 1333 2168; x_wconf 72' lang='lat' dir='ltr'><strong>esse</strong></span> <span class='ocrx_word' id='word_1_126' title='bbox 1375 2103 1571 2168; x_wconf 79' lang='lat' dir='ltr'><strong>invito</strong></span> <span class='ocrx_word' id='word_1_127' title='bbox 1613 2125 1676 2167; x_wconf 75' lang='lat' dir='ltr'><strong>se</strong></span> <span class='ocrx_word' id='word_1_128' title='bbox 1723 2103 1912 2167; x_wconf 68' lang='lat' dir='ltr'><strong>altius</strong></span> <span class='ocrx_word' id='word_1_129' title='bbox 1957 2103 2300 2187; x_wconf 55' lang='lat' dir='ltr'><strong>aedificare.</strong></span> <span class='ocrx_word' id='word_1_130' title='bbox 2347 2105 2465 2168; x_wconf 82' lang='lat' dir='ltr'><strong>Sed</strong></span> <span class='ocrx_word' id='word_1_131' title='bbox 2509 2103 2565 2167; x_wconf 74' lang='grc' dir='ltr'><strong>εἰ</strong></span> <span class='ocrx_word' id='word_1_132' title='bbox 2605 2105 2714 2167; x_wconf 76' lang='lat' dir='ltr'><strong>hoc</strong></span> <span class='ocrx_word' id='word_1_133' title='bbox 2737 2104 2932 2189; x_wconf 80' lang='lat' dir='ltr'><strong>facto</strong></span> 
     </span>
     <span class='ocr_line' id='line_1_19' title="bbox 806 2209 2936 2296; baseline 0 -23"><span class='ocrx_word' id='word_1_134' title='bbox 806 2211 1193 2296; x_wconf 64' lang='lat' dir='ltr'><strong>ususfructus</strong></span> <span class='ocrx_word' id='word_1_135' title='bbox 1231 2209 1492 2273; x_wconf 74' lang='lat' dir='ltr'><strong>deterior</strong></span> <span class='ocrx_word' id='word_1_136' title='bbox 1514 2213 1644 2293; x_wconf 82' lang='lat' dir='ltr'><strong>fiat</strong></span> <span class='ocrx_word' id='word_1_137' title='bbox 1663 2258 1679 2286; x_wconf 91' lang='lat'>‚</span> <span class='ocrx_word' id='word_1_138' title='bbox 1710 2217 1922 2292; x_wconf 81' lang='lat' dir='ltr'><strong>petere</strong></span> <span class='ocrx_word' id='word_1_139' title='bbox 1956 2211 2396 2296; x_wconf 57' lang='lat' dir='ltr'><strong>usumfructum</strong></span> <span class='ocrx_word' id='word_1_140' title='bbox 2434 2209 2682 2274; x_wconf 79' lang='lat' dir='ltr'><strong>debebit.</strong></span> <span class='ocrx_word' id='word_1_141' title='bbox 2725 2210 2936 2292; x_wconf 87' lang='lat' dir='ltr'><strong>[idem</strong></span> 
     </span>
     <span class='ocr_line' id='line_1_20' title="bbox 802 2314 2930 2402; baseline 0 -22"><span class='ocrx_word' id='word_1_142' title='bbox 802 2315 1093 2381; x_wconf 88' lang='lat' dir='ltr'><strong>Iulianus</strong></span> <span class='ocrx_word' id='word_1_143' title='bbox 1148 2315 1306 2382; x_wconf 80' lang='lat' dir='ltr'><strong>dicit</strong></span> <span class='ocrx_word' id='word_1_144' title='bbox 1353 2314 1429 2381; x_wconf 91' lang='lat' dir='ltr'><strong>de</strong></span> <span class='ocrx_word' id='word_1_145' title='bbox 1478 2318 1706 2380; x_wconf 86' lang='lat' dir='ltr'><strong>ceteris</strong></span> <span class='ocrx_word' id='word_1_146' title='bbox 1754 2316 1985 2401; x_wconf 89' lang='lat' dir='ltr'><strong>quibus</strong></span> <span class='ocrx_word' id='word_1_147' title='bbox 2032 2315 2248 2402; x_wconf 87' lang='lat' dir='ltr'><strong>aliqua</strong></span> <span class='ocrx_word' id='word_1_148' title='bbox 2299 2319 2580 2382; x_wconf 81' lang='lat' dir='ltr'><strong>servitus</strong></span> <span class='ocrx_word' id='word_1_149' title='bbox 2626 2336 2664 2381; x_wconf 83' lang='lat' dir='ltr'><strong>a</strong></span> <span class='ocrx_word' id='word_1_150' title='bbox 2707 2318 2930 2381; x_wconf 83' lang='lat' dir='ltr'><strong>vicino</strong></span> 
     </span>
     <span class='ocr_line' id='line_1_21' title="bbox 809 2421 1123 2505; baseline -0.003 -19"><span class='ocrx_word' id='word_1_151' title='bbox 809 2421 1123 2505; x_wconf 65' lang='lat' dir='ltr'><strong>debetur]</strong></span> 
     </span>
    </p>

    <p class='ocr_par' dir='ltr' id='par_1_6' title="bbox 529 2526 2937 2826">
     <span class='ocr_line' id='line_1_22' title="bbox 626 2526 2937 2612; baseline 0 -20"><span class='ocrx_word' id='word_1_152' title='bbox 626 2528 801 2607; x_wconf 82' lang='lat' dir='ltr'><strong>Quae</strong></span> <span class='ocrx_word' id='word_1_153' title='bbox 861 2529 1042 2593; x_wconf 83' lang='lat' dir='ltr'><strong>uncis</strong></span> <span class='ocrx_word' id='word_1_154' title='bbox 1104 2526 1338 2593; x_wconf 83' lang='lat' dir='ltr'><strong>inclusi</strong></span> <span class='ocrx_word' id='word_1_155' title='bbox 1400 2549 1591 2593; x_wconf 88' lang='lat' dir='ltr'><strong>nemo</strong></span> <span class='ocrx_word' id='word_1_156' title='bbox 1651 2547 1966 2612; x_wconf 87' lang='lat' dir='ltr'><strong>umquam</strong></span> <span class='ocrx_word' id='word_1_157' title='bbox 2007 2527 2349 2593; x_wconf 84' lang='lat' dir='ltr'><strong>intellexit.</strong></span> <span class='ocrx_word' id='word_1_158' title='bbox 2397 2527 2688 2594; x_wconf 86' lang='lat' dir='ltr'><strong>Mediam</strong></span> <span class='ocrx_word' id='word_1_159' title='bbox 2733 2531 2937 2593; x_wconf 87' lang='lat' dir='ltr'><strong>inter-</strong></span> 
     </span>
     <span class='ocr_line' id='line_1_23' title="bbox 532 2632 2934 2720; baseline 0 -21"><span class='ocrx_word' id='word_1_160' title='bbox 532 2633 927 2719; x_wconf 87' lang='lat' dir='ltr'><strong>polationem</strong></span> <span class='ocrx_word' id='word_1_161' title='bbox 998 2637 1216 2720; x_wconf 83' lang='lat' dir='ltr'><strong>arguit</strong></span> <span class='ocrx_word' id='word_1_162' title='bbox 1284 2637 1489 2719; x_wconf 87' lang='lat' dir='ltr'><strong>ipsius</strong></span> <span class='ocrx_word' id='word_1_163' title='bbox 1559 2632 1800 2697; x_wconf 88' lang='lat' dir='ltr'><strong>Iuliani</strong></span> <span class='ocrx_word' id='word_1_164' title='bbox 1858 2633 2298 2720; x_wconf 81' lang='lat' dir='ltr'><strong>fragmentum</strong></span> <span class='ocrx_word' id='word_1_165' title='bbox 2359 2633 2530 2720; x_wconf 88' lang='lat' dir='ltr'><strong>quod</strong></span> <span class='ocrx_word' id='word_1_166' title='bbox 2592 2640 2688 2700; x_wconf 89' lang='lat' dir='ltr'><strong>est</strong></span> <span class='ocrx_word' id='word_1_167' title='bbox 2735 2634 2934 2699; x_wconf 90' lang='lat' dir='ltr'><strong>hodie</strong></span> 
     </span>
     <span class='ocr_line' id='line_1_24' title="bbox 529 2738 1672 2826; baseline -0.001 -21"><span class='ocrx_word' id='word_1_168' title='bbox 529 2739 576 2804; x_wconf 93' lang='grc'><strong>1.</strong></span> <span class='ocrx_word' id='word_1_169' title='bbox 629 2740 670 2804; x_wconf 83' lang='grc'>2</span> <span class='ocrx_word' id='word_1_170' title='bbox 717 2740 795 2805; x_wconf 90' lang='lat' dir='ltr'><strong>D.</strong></span> <span class='ocrx_word' id='word_1_171' title='bbox 848 2738 933 2805; x_wconf 85' lang='lat'><strong>39</strong></span> <span class='ocrx_word' id='word_1_172' title='bbox 965 2739 1022 2804; x_wconf 98' lang='grc'><strong>1.</strong></span> <span class='ocrx_word' id='word_1_173' title='bbox 1074 2740 1271 2805; x_wconf 87' lang='lat' dir='ltr'><strong>Addit</strong></span> <span class='ocrx_word' id='word_1_174' title='bbox 1317 2738 1672 2826; x_wconf 87' lang='lat' dir='ltr'><strong>Ulpianus:</strong></span> 
     </span>
    </p>

    <p class='ocr_par' dir='ltr' id='par_1_7' title="bbox 805 2843 3018 3122">
     <span class='ocr_line' id='line_1_25' title="bbox 806 2843 3018 2931; baseline 0.001 -23"><span class='ocrx_word' id='word_1_175' title='bbox 806 2844 931 2930; x_wconf 72' lang='lat'><strong>§5.</strong></span> <span class='ocrx_word' id='word_1_176' title='bbox 997 2845 1054 2908; x_wconf 74' lang='lat' dir='ltr'><strong>ei</strong></span> <span class='ocrx_word' id='word_1_177' title='bbox 1118 2867 1344 2930; x_wconf 76' lang='lat' dir='ltr'><strong>quoque</strong></span> <span class='ocrx_word' id='word_1_178' title='bbox 1402 2845 1507 2931; x_wconf 79' lang='lat' dir='ltr'><strong>qui</strong></span> <span class='ocrx_word' id='word_1_179' title='bbox 1556 2843 1814 2928; x_wconf 70' lang='lat' dir='ltr'><strong>piqnori</strong></span> <span class='ocrx_word' id='word_1_180' title='bbox 1855 2845 2136 2930; x_wconf 75' lang='lat' dir='ltr'><strong>fundum</strong></span> <span class='ocrx_word' id='word_1_181' title='bbox 2197 2847 2522 2928; x_wconf 76' lang='lat' dir='ltr'><strong>acceperit,</strong></span> <span class='ocrx_word' id='word_1_182' title='bbox 2569 2845 2780 2908; x_wconf 73' lang='lat' dir='ltr'><strong>scribit</strong></span> <span class='ocrx_word' id='word_1_183' title='bbox 2825 2845 2938 2910; x_wconf 68' lang='lat' dir='ltr'><strong>Iu-</strong></span> <span class='ocrx_word' id='word_1_184' title='bbox 3015 2909 3018 2912; x_wconf 80' lang='grc'>,</span> 
     </span>
     <span class='ocr_line' id='line_1_26' title="bbox 805 2950 2938 3038; baseline 0.001 -24"><span class='ocrx_word' id='word_1_185' title='bbox 805 2950 1011 3014; x_wconf 69' lang='lat' dir='ltr'><strong>tianae</strong></span> <span class='ocrx_word' id='word_1_186' title='bbox 1070 2973 1190 3014; x_wconf 76' lang='lat' dir='ltr'><strong>non</strong></span> <span class='ocrx_word' id='word_1_187' title='bbox 1236 2972 1358 3014; x_wconf 70' lang='lat' dir='ltr'><strong>esse</strong></span> <span class='ocrx_word' id='word_1_188' title='bbox 1404 2951 1676 3036; x_wconf 75' lang='lat' dir='ltr'><strong>iniquum</strong></span> <span class='ocrx_word' id='word_1_189' title='bbox 1723 2951 2151 3016; x_wconf 85' lang='lat' dir='ltr'><strong>detentionem</strong></span> <span class='ocrx_word' id='word_1_190' title='bbox 2203 2950 2275 3031; x_wconf 92' lang='lat' dir='ltr'><strong>(l.</strong></span> <span class='ocrx_word' id='word_1_191' title='bbox 2325 2951 2762 3038; x_wconf 71' lang='lat' dir='ltr'><strong>defensionem)</strong></span> <span class='ocrx_word' id='word_1_192' title='bbox 2809 2975 2938 3017; x_wconf 70' lang='lat' dir='ltr'><strong>ser</strong></span> 
     </span>
     <span class='ocr_line' id='line_1_27' title="bbox 806 3058 1365 3122; baseline 0.005 -2"><span class='ocrx_word' id='word_1_193' title='bbox 806 3058 1021 3122; x_wconf 65' lang='lat' dir='ltr'><strong>vitatis</strong></span> <span class='ocrx_word' id='word_1_194' title='bbox 1068 3058 1230 3122; x_wconf 77' lang='lat' dir='ltr'><strong>dari.</strong></span> <span class='ocrx_word' id='word_1_195' title='bbox 1278 3097 1365 3107; x_wconf 93' lang='lat'>—</span> 
     </span>
    </p>

    <p class='ocr_par' dir='ltr' id='par_1_8' title="bbox 534 3161 2932 3333">
     <span class='ocr_line' id='line_1_28' title="bbox 623 3161 2932 3253; baseline 0.001 -25"><span class='ocrx_word' id='word_1_196' title='bbox 623 3162 920 3228; x_wconf 87' lang='lat' dir='ltr'><strong>Similem</strong></span> <span class='ocrx_word' id='word_1_197' title='bbox 982 3161 1093 3228; x_wconf 88' lang='lat' dir='ltr'><strong>sed</strong></span> <span class='ocrx_word' id='word_1_198' title='bbox 1138 3162 1450 3229; x_wconf 85' lang='lat' dir='ltr'><strong>leviorem</strong></span> <span class='ocrx_word' id='word_1_199' title='bbox 1497 3163 2062 3248; x_wconf 85' lang='lat' dir='ltr'><strong>interpolationem</strong></span> <span class='ocrx_word' id='word_1_200' title='bbox 2108 3185 2404 3250; x_wconf 86' lang='lat' dir='ltr'><strong>perpessa</strong></span> <span class='ocrx_word' id='word_1_201' title='bbox 2449 3173 2547 3231; x_wconf 87' lang='lat' dir='ltr'><strong>est</strong></span> <span class='ocrx_word' id='word_1_202' title='bbox 2589 3166 2638 3230; x_wconf 94' lang='lat' dir='ltr'><strong>l.</strong></span> <span class='ocrx_word' id='word_1_203' title='bbox 2695 3165 2779 3231; x_wconf 84' lang='lat'><strong>13</strong></span> <span class='ocrx_word' id='word_1_204' title='bbox 2829 3189 2932 3253; x_wconf 89' lang='lat' dir='ltr'><strong>pr.</strong></span> 
     </span>
     <span class='ocr_line' id='line_1_29' title="bbox 534 3267 879 3333; baseline -0.012 1"><span class='ocrx_word' id='word_1_205' title='bbox 534 3267 613 3333; x_wconf 90' lang='lat' dir='ltr'><strong>D.</strong></span> <span class='ocrx_word' id='word_1_206' title='bbox 665 3268 773 3333; x_wconf 72' lang='lat'><strong>39.</strong></span> <span class='ocrx_word' id='word_1_207' title='bbox 804 3267 837 3332; x_wconf 90' lang='lat'>1</span> <span class='ocrx_word' id='word_1_208' title='bbox 865 3287 879 3330; x_wconf 76' lang='grc' dir='ltr'>ε</span> 
     </span>
    </p>

    <p class='ocr_par' dir='ltr' id='par_1_9' title="bbox 805 3376 2936 3672">
     <span class='ocr_line' id='line_1_30' title="bbox 807 3376 2936 3458; baseline 0.003 -22"><span class='ocrx_word' id='word_1_209' title='bbox 807 3397 935 3436; x_wconf 79' lang='lat' dir='ltr'><strong>eum</strong></span> <span class='ocrx_word' id='word_1_210' title='bbox 984 3381 1349 3456; x_wconf 81' lang='lat' dir='ltr'><strong>procurator</strong></span> <span class='ocrx_word' id='word_1_211' title='bbox 1410 3398 1559 3458; x_wconf 72' lang='lat' dir='ltr'><strong>opus</strong></span> <span class='ocrx_word' id='word_1_212' title='bbox 1605 3398 1818 3440; x_wconf 80' lang='lat' dir='ltr'><strong>novum</strong></span> <span class='ocrx_word' id='word_1_213' title='bbox 1864 3376 2110 3441; x_wconf 78' lang='lat' dir='ltr'><strong>nuntiat</strong></span> <span class='ocrx_word' id='word_1_214' title='bbox 2155 3385 2212 3441; x_wconf 88' lang='lat' dir='ltr'><strong>et</strong></span> <span class='ocrx_word' id='word_1_215' title='bbox 2257 3379 2521 3442; x_wconf 65' lang='lat' dir='ltr'><strong>satisdat</strong></span> <span class='ocrx_word' id='word_1_216' title='bbox 2564 3401 2686 3442; x_wconf 85' lang='lat' dir='ltr'><strong>rem</strong></span> <span class='ocrx_word' id='word_1_217' title='bbox 2733 3387 2936 3444; x_wconf 79' lang='lat' dir='ltr'><strong>ratam</strong></span> 
     </span>
     <span class='ocr_line' id='line_1_31' title="bbox 808 3481 2938 3570; baseline 0.003 -27"><span class='ocrx_word' id='word_1_218' title='bbox 808 3481 1107 3544; x_wconf 79' lang='lat' dir='ltr'><strong>dominum</strong></span> <span class='ocrx_word' id='word_1_219' title='bbox 1144 3482 1486 3545; x_wconf 75' lang='lat' dir='ltr'><strong>habiturum</strong></span> <span class='ocrx_word' id='word_1_220' title='bbox 1526 3490 1584 3545; x_wconf 82' lang='lat' dir='ltr'><strong>et</strong></span> <span class='ocrx_word' id='word_1_221' title='bbox 1631 3485 1922 3548; x_wconf 80' lang='lat' dir='ltr'><strong>remissio</strong></span> <span class='ocrx_word' id='word_1_222' title='bbox 1972 3482 2042 3563; x_wconf 92' lang='grc'><strong>(1.</strong></span> <span class='ocrx_word' id='word_1_223' title='bbox 2081 3483 2363 3562; x_wconf 66' lang='lat' dir='ltr'><strong>intentio)</strong></span> <span class='ocrx_word' id='word_1_224' title='bbox 2409 3484 2478 3547; x_wconf 74' lang='lat' dir='ltr'><strong>in</strong></span> <span class='ocrx_word' id='word_1_225' title='bbox 2523 3485 2753 3549; x_wconf 79' lang='lat' dir='ltr'><strong>domini</strong></span> <span class='ocrx_word' id='word_1_226' title='bbox 2787 3509 2938 3570; x_wconf 83' lang='lat' dir='ltr'><strong>per-</strong></span> 
     </span>
     <span class='ocr_line' id='line_1_32' title="bbox 805 3588 1388 3672; baseline 0 -23"><span class='ocrx_word' id='word_1_227' title='bbox 805 3607 1009 3649; x_wconf 74' lang='lat' dir='ltr'><strong>sonam</strong></span> <span class='ocrx_word' id='word_1_228' title='bbox 1056 3588 1388 3672; x_wconf 79' lang='lat' dir='ltr'><strong>confertur.</strong></span> 
     </span>
    </p>

    <p class='ocr_par' dir='ltr' id='par_1_10' title="bbox 528 3692 2936 4203">
     <span class='ocr_line' id='line_1_33' title="bbox 629 3692 2936 3783; baseline 0.003 -25"><span class='ocrx_word' id='word_1_229' title='bbox 629 3692 767 3758; x_wconf 81' lang='lat' dir='ltr'><strong>Sibi</strong></span> <span class='ocrx_word' id='word_1_230' title='bbox 812 3695 1090 3778; x_wconf 88' lang='lat' dir='ltr'><strong>quaerit,</strong></span> <span class='ocrx_word' id='word_1_231' title='bbox 1140 3714 1269 3758; x_wconf 92' lang='lat' dir='ltr'><strong>non</strong></span> <span class='ocrx_word' id='word_1_232' title='bbox 1320 3692 1610 3772; x_wconf 75' lang='lat' dir='ltr'><strong>domim,</strong></span> <span class='ocrx_word' id='word_1_233' title='bbox 1661 3695 2058 3758; x_wconf 72' lang='lat' dir='ltr'><strong>executionem</strong></span> <span class='ocrx_word' id='word_1_234' title='bbox 2103 3717 2300 3778; x_wconf 78' lang='lat' dir='ltr'><strong>opem</strong></span> <span class='ocrx_word' id='word_1_235' title='bbox 2345 3696 2486 3759; x_wconf 78' lang='lat' dir='ltr'><strong>novi</strong></span> <span class='ocrx_word' id='word_1_236' title='bbox 2504 3745 2520 3774; x_wconf 91' lang='lat'><em>,</em></span> <span class='ocrx_word' id='word_1_237' title='bbox 2565 3707 2936 3783; x_wconf 78' lang='lat' dir='ltr'><strong>procurato-</strong></span> 
     </span>
     <span class='ocr_line' id='line_1_34' title="bbox 534 3799 2934 3883; baseline 0.002 -19"><span class='ocrx_word' id='word_1_238' title='bbox 534 3801 630 3864; x_wconf 90' lang='lat' dir='ltr'><strong>rio</strong></span> <span class='ocrx_word' id='word_1_239' title='bbox 700 3799 961 3863; x_wconf 90' lang='lat' dir='ltr'><strong>nomine</strong></span> <span class='ocrx_word' id='word_1_240' title='bbox 1032 3801 1142 3883; x_wconf 90' lang='lat' dir='ltr'><strong>qui</strong></span> <span class='ocrx_word' id='word_1_241' title='bbox 1208 3802 1626 3865; x_wconf 81' lang='lat' dir='ltr'><strong>nuntiaverit.</strong></span> <span class='ocrx_word' id='word_1_242' title='bbox 1691 3800 1876 3865; x_wconf 84' lang='lat' dir='ltr'><strong>Hanc</strong></span> <span class='ocrx_word' id='word_1_243' title='bbox 1941 3803 2114 3865; x_wconf 89' lang='lat' dir='ltr'><strong>enim</strong></span> <span class='ocrx_word' id='word_1_244' title='bbox 2176 3803 2494 3866; x_wconf 82' lang='lat' dir='ltr'><strong>actionem</strong></span> <span class='ocrx_word' id='word_1_245' title='bbox 2524 3801 2574 3881; x_wconf 87' lang='lat'><strong>¹)</strong></span> <span class='ocrx_word' id='word_1_246' title='bbox 2636 3823 2751 3868; x_wconf 90' lang='lat' dir='ltr'><strong>suo</strong></span> <span class='ocrx_word' id='word_1_247' title='bbox 2800 3825 2934 3869; x_wconf 93' lang='lat' dir='ltr'><strong>non</strong></span> 
     </span>
     <span class='ocr_line' id='line_1_35' title="bbox 534 3903 2928 3993; baseline 0.002 -24"><span class='ocrx_word' id='word_1_248' title='bbox 534 3904 776 3969; x_wconf 90' lang='lat' dir='ltr'><strong>domini</strong></span> <span class='ocrx_word' id='word_1_249' title='bbox 838 3905 1093 3968; x_wconf 91' lang='lat' dir='ltr'><strong>nomine</strong></span> <span class='ocrx_word' id='word_1_250' title='bbox 1154 3903 1434 3968; x_wconf 87' lang='lat' dir='ltr'><strong>intendit</strong></span> <span class='ocrx_word' id='word_1_251' title='bbox 1494 3904 1564 3985; x_wconf 93' lang='grc'><strong>(1.</strong></span> <span class='ocrx_word' id='word_1_252' title='bbox 1621 3903 1658 3970; x_wconf 87' lang='grc'><strong>7</strong></span> <span class='ocrx_word' id='word_1_253' title='bbox 1709 3927 1804 3991; x_wconf 89' lang='lat' dir='ltr'><strong>pr.</strong></span> <span class='ocrx_word' id='word_1_254' title='bbox 1853 3904 1932 3969; x_wconf 91' lang='lat' dir='ltr'><strong>D.</strong></span> <span class='ocrx_word' id='word_1_255' title='bbox 1984 3904 2090 3969; x_wconf 88' lang='lat'><strong>39.</strong></span> <span class='ocrx_word' id='word_1_256' title='bbox 2125 3905 2157 3970; x_wconf 95' lang='grc'><strong>1</strong></span> <span class='ocrx_word' id='word_1_257' title='bbox 2223 3906 2303 3970; x_wconf 83' lang='lat' dir='ltr'><strong>ef.</strong></span> <span class='ocrx_word' id='word_1_258' title='bbox 2352 3906 2396 3971; x_wconf 87' lang='lat'><strong>1.</strong></span> <span class='ocrx_word' id='word_1_259' title='bbox 2455 3907 2489 3972; x_wconf 84' lang='lat'>1</span> <span class='ocrx_word' id='word_1_260' title='bbox 2538 3907 2688 3993; x_wconf 71' lang='lat'><strong>§20</strong></span> <span class='ocrx_word' id='word_1_261' title='bbox 2738 3909 2928 3991; x_wconf 88' lang='lat' dir='ltr'><strong>eod.).</strong></span> 
     </span>
     <span class='ocr_line' id='line_1_36' title="bbox 528 4008 2930 4096; baseline 0.002 -21"><span class='ocrx_word' id='word_1_262' title='bbox 528 4011 618 4076; x_wconf 85' lang='lat' dir='ltr'><strong>At</strong></span> <span class='ocrx_word' id='word_1_263' title='bbox 686 4013 743 4074; x_wconf 88' lang='lat' dir='ltr'><strong>si</strong></span> <span class='ocrx_word' id='word_1_264' title='bbox 813 4008 1237 4072; x_wconf 70' lang='lat' dir='ltr'><strong>exsecutionem</strong></span> <span class='ocrx_word' id='word_1_265' title='bbox 1307 4011 1505 4092; x_wconf 66' lang='lat' dir='ltr'><strong>operio</strong></span> <span class='ocrx_word' id='word_1_266' title='bbox 1567 4011 1708 4074; x_wconf 74' lang='lat' dir='ltr'><strong>novi</strong></span> <span class='ocrx_word' id='word_1_267' title='bbox 1772 4017 2146 4096; x_wconf 87' lang='lat' dir='ltr'><strong>procurator</strong></span> <span class='ocrx_word' id='word_1_268' title='bbox 2207 4033 2324 4077; x_wconf 89' lang='lat' dir='ltr'><strong>suo</strong></span> <span class='ocrx_word' id='word_1_269' title='bbox 2385 4016 2646 4079; x_wconf 88' lang='lat' dir='ltr'><strong>nomine</strong></span> <span class='ocrx_word' id='word_1_270' title='bbox 2697 4014 2930 4094; x_wconf 87' lang='lat' dir='ltr'><strong>habet,</strong></span> 
     </span>
     <span class='ocr_line' id='line_1_37' title="bbox 532 4113 2935 4203; baseline 0.003 -23"><span class='ocrx_word' id='word_1_271' title='bbox 532 4115 797 4180; x_wconf 67' lang='lat' dir='ltr'><strong>remissio</strong></span> <span class='ocrx_word' id='word_1_272' title='bbox 844 4113 1219 4180; x_wconf 82' lang='lat' dir='ltr'><strong>eonferenda</strong></span> <span class='ocrx_word' id='word_1_273' title='bbox 1254 4136 1383 4181; x_wconf 90' lang='lat' dir='ltr'><strong>non</strong></span> <span class='ocrx_word' id='word_1_274' title='bbox 1422 4122 1521 4182; x_wconf 91' lang='lat' dir='ltr'><strong>est</strong></span> <span class='ocrx_word' id='word_1_275' title='bbox 1555 4119 1625 4180; x_wconf 87' lang='lat' dir='ltr'><strong>in</strong></span> <span class='ocrx_word' id='word_1_276' title='bbox 1667 4116 1911 4183; x_wconf 85' lang='lat' dir='ltr'><strong>domini</strong></span> <span class='ocrx_word' id='word_1_277' title='bbox 1949 4139 2307 4203; x_wconf 85' lang='lat' dir='ltr'><strong>personam.</strong></span> <span class='ocrx_word' id='word_1_278' title='bbox 2367 4118 2504 4186; x_wconf 70' lang='lat' dir='ltr'><strong>Sed</strong></span> <span class='ocrx_word' id='word_1_279' title='bbox 2555 4121 2935 4188; x_wconf 82' lang='lat' dir='ltr'><strong>eonferenda</strong></span> 
     </span>
    </p>
   </div>
   <div class='ocr_carea' id='block_1_3' title="bbox 549 4233 871 4242">
    <p class='ocr_par' dir='ltr' id='par_1_11' title="bbox 549 4233 871 4242">
     <span class='ocr_line' id='line_1_38' title="bbox 549 4233 871 4242; baseline 0 767"><span class='ocrx_word' id='word_1_280' title='bbox 549 4233 871 4242; x_wconf 95' lang='lat' dir='ltr'><strong> </strong></span> 
     </span>
    </p>
   </div>
   <div class='ocr_carea' id='block_1_4' title="bbox 534 4279 2932 4416">
    <p class='ocr_par' dir='ltr' id='par_1_12' title="bbox 534 4279 2932 4416">
     <span class='ocr_line' id='line_1_39' title="bbox 598 4279 2932 4366; baseline 0.003 -34"><span class='ocrx_word' id='word_1_281' title='bbox 598 4284 653 4348; x_wconf 91' lang='lat'><strong>1)</strong></span> <span class='ocrx_word' id='word_1_282' title='bbox 702 4281 846 4332; x_wconf 78' lang='lat' dir='ltr'><strong>Aliud</strong></span> <span class='ocrx_word' id='word_1_283' title='bbox 884 4281 1039 4346; x_wconf 71' lang='lat' dir='ltr'><strong>placui</strong></span> <span class='ocrx_word' id='word_1_284' title='bbox 990 4280 1063 4329; x_wconf 77' lang='lat' dir='ltr'><strong>uit</strong></span> <span class='ocrx_word' id='word_1_285' title='bbox 1098 4279 1150 4329; x_wconf 88' lang='grc'><strong>111</strong></span> <span class='ocrx_word' id='word_1_286' title='bbox 1184 4280 1235 4329; x_wconf 87' lang='grc'><strong>111</strong></span> <span class='ocrx_word' id='word_1_287' title='bbox 1236 4281 1390 4330; x_wconf 76' lang='lat' dir='ltr'><strong>terdic</strong></span> <span class='ocrx_word' id='word_1_288' title='bbox 1392 4283 1505 4346; x_wconf 82' lang='lat' dir='ltr'><strong>toq</strong></span> <span class='ocrx_word' id='word_1_289' title='bbox 1518 4283 1697 4332; x_wconf 70' lang='lat' dir='ltr'><strong>oswod</strong></span> <span class='ocrx_word' id='word_1_290' title='bbox 1706 4283 1868 4333; x_wconf 68' lang='lat' dir='ltr'><strong>iant</strong></span> <span class='ocrx_word' id='word_1_291' title='bbox 1905 4286 2061 4334; x_wconf 78' lang='lat' dir='ltr'><strong>elam</strong></span> <span class='ocrx_word' id='word_1_292' title='bbox 2095 4284 2152 4346; x_wconf 88' lang='lat' dir='ltr'><strong>(l.</strong></span> <span class='ocrx_word' id='word_1_293' title='bbox 2185 4285 2248 4338; x_wconf 72' lang='lat'><strong>72</strong></span> <span class='ocrx_word' id='word_1_294' title='bbox 2289 4287 2346 4336; x_wconf 89' lang='lat' dir='ltr'><strong>D.</strong></span> <span class='ocrx_word' id='word_1_295' title='bbox 2367 4287 2414 4336; x_wconf 84' lang='grc'><strong>8.</strong></span> <span class='ocrx_word' id='word_1_296' title='bbox 2435 4287 2494 4346; x_wconf 70' lang='grc' dir='ltr'><strong>ὃς</strong></span> <span class='ocrx_word' id='word_1_297' title='bbox 2530 4287 2562 4337; x_wconf 91' lang='lat'><strong>1.</strong></span> <span class='ocrx_word' id='word_1_298' title='bbox 2587 4287 2654 4366; x_wconf 78' lang='lat'><strong>¹⁷.</strong></span> <span class='ocrx_word' id='word_1_299' title='bbox 2683 4289 2740 4338; x_wconf 90' lang='lat' dir='ltr'><strong>D</strong></span> <span class='ocrx_word' id='word_1_300' title='bbox 2764 4289 2932 4350; x_wconf 77' lang='lat'><strong>89.1;</strong></span> 
     </span>
     <span class='ocr_line' id='line_1_40' title="bbox 534 4347 1618 4416; baseline -0.003 -15"><span class='ocrx_word' id='word_1_301' title='bbox 534 4351 743 4416; x_wconf 82' lang='lat' dir='ltr'><strong>L8pr.</strong></span> <span class='ocrx_word' id='word_1_302' title='bbox 786 4347 1139 4401; x_wconf 70' lang='lat' dir='ltr'><strong>n.48..8401</strong></span> <span class='ocrx_word' id='word_1_303' title='bbox 1177 4347 1285 4398; x_wconf 73' lang='lat' dir='ltr'><strong>Vnt.</strong></span> <span class='ocrx_word' id='word_1_304' title='bbox 1323 4349 1399 4398; x_wconf 73' lang='lat' dir='ltr'><strong>Fr.</strong></span> <span class='ocrx_word' id='word_1_305' title='bbox 1436 4349 1618 4411; x_wconf 71' lang='lat'><strong>5884).</strong></span> 
     </span>
    </p>
   </div>
  </div>
 </body>
</html>
