3192 5009
1239 339 1753 389 mnornnse'rus.
2557 313 2688 383 333

304 505 571 592 quidem
631 527 784 573 1363
846 507 1086 586 tradet,
1151 509 1276 572 nisi
1336 509 1713 593 interposito
1758 506 2201 573 iureiurando:
2255 505 2322 570 id
2370 502 2683 591 quomodo

303 610 590 679 Graece?
651 611 884 681 Credo:
949 615 1126 690 μόνον.
1175 614 1294 692 οὐχ
1342 613 1699 692 ὃρκῶσας
1752 615 1854 679 καὶ
1904 615 2103 688 ςήσας
2154 613 2259 678 καὶ
2311 611 2533 692 σχεδὸν
2581 611 2687 688 ἐγ-

303 723 542 796 rum-nv
593 721 827 800 λαβών.
877 720 1180 788 Ceterum
1226 718 1504 788 Ooraeus
1541 744 1605 807 p.
1646 719 1779 786 268
1818 724 1955 808 ipse
1996 721 2233 787 fatetur
2276 740 2343 785 se
2382 717 2687 784 lectiones

301 827 544 892 codicis
603 827 882 893 Palatini
941 849 1078 893 sero
1141 830 1455 914 accepisse
1515 828 1788 913 indeque
1835 848 2039 913 quum
2086 831 2359 914 urgente
2404 825 2574 891 fame
2620 830 2687 890 et

295 935 598 999 omnium
642 955 860 998 rerum
901 933 1256 1020 indigentia
1301 939 1667 1020 properaret
1714 933 1789 998 ad
1836 932 2064 1011 finem,
2104 932 2267 998 nihil
2307 933 2551 996 mirum
2587 935 2685 995 661

297 1039 652 1105 editionem
700 1039 870 1106 claro
915 1037 1136 1107 Coraei
1182 1043 1440 1105 nomine
1486 1060 1745 1125 prorsus
1790 1061 1924 1106 esse
1962 1039 2315 1126 indignam.
2366 1036 2490 1102 Sed
2528 1035 2687 1102 olim

296 1145 444 1211 dixi
487 1150 710 1233 quanti
754 1149 822 1211 in
859 1145 1006 1212 aliis
1046 1147 1234 1212 rebus
1276 1144 1588 1214 Ooraeum
1628 1145 1859 1213 faciam
1876 1195 1893 1225 ,
1932 1149 2183 1212 iustum
2216 1145 2427 1210 hercle
2464 1145 2684 1209 virum

293 1274 380 1319 ac
425 1255 735 1340 propositi
779 1259 1086 1320 tenacem.

400 1356 551 1446 Cap.
605 1357 709 1424 19.
760 1359 1146 1438 δυσχερείας.

398 1467 500 1529 καὶ
547 1467 904 1547 χιτωνίσκον
953 1470 1173 1546 παχὺν
1215 1465 1318 1530 καὶ
1363 1466 1617 1543 ίμοὶτιον.
1652 1466 1890 1545 σφόδρα
1940 1466 2243 1530 λεπτὸν
2292 1464 2395 1527 καὶ
2424 1463 2683 1536 κηλίδων

291 1572 491 1650 μεςὸν
544 1572 1055 1650 ἀναβαλλόμενος
1105 1575 1190 1644 εἰς
1243 1575 1476 1650 ἀγορὰν
1527 1573 1808 1650 ἐξελθεῖν.
1860 1573 2000 1638 Hoc
2046 1593 2266 1650 neme,
2315 1576 2391 1635 ut
2434 1573 2679 1658 opinor,

291 1699 615 1764 umquam
660 1699 1046 1764 concoquere
1094 1679 1968 1765 11011111.Β6(111110;ἱμοὶτιον
2006 1679 2247 1757 σφόδρα
2295 1675 2679 1742 ἄπλυτον.

289 1785 522 1850 Etiam
581 1787 652 1850 in
709 1787 790 1850 iis
851 1807 1012 1872 (11136
1077 1789 1364 1872 proxime
1411 1779 1795 1872 praecedunt
1840 1791 2127 1851 remanet
2173 1786 2445 1850 vitium:
2495 1768 2679 1862 ἐλαίῳ

285 1892 361 1956 ἐν
404 1890 721 1970 βαλανείῳ
768 1893 1076 1969 χρώμενος
1125 1891 1348 1972 σφυζ
1362 1892 1633 1957 εσθαι
1686 1898 1763 1956 111
1807 1894 1875 1956 111
1918 1895 2158 1956 11166113
2199 1912 2267 1956 16
2305 1889 2678 1955 commendo

288 1994 699 2073 ὦποξύεσθαι.
749 1996 1104 2062 Rancidum
1151 1997 1366 2064 oleum
1416 2004 1636 2064 enecat
1681 2019 1787 2063 eos
1836 2000 1947 2083 qui
1993 2019 2121 2064 una
2163 1996 2481 2062 lavantur.

393 2099 543 2188 Cap.
595 2102 703 2168 21.
752 2105 1330 2183 μικροφιλοτιμίας.

395 2211 498 2274 καὶ
559 2211 769 2289 κολοιῷ
834 2210 898 2275 δὲ
960 2209 1120 2276 ἔνδον
1182 2211 1534 2292 τρεφομένῳ
1595 2210 1778 2282 δεινὸς
1844 2210 2167 2285 κλιμάκιον
2235 2210 2526 2288 πρίασθαι
2575 2209 2678 2271 καὶ

297 2315 690 2380 ἀσπίδιον
737 2322 1019 2394 χαλκοῦν
1069 2324 1314 2388 ποιῆσαι
1366 2309 1393 2380 ὃ
1443 2319 1604 2395 ἔχων
1652 2319 1752 2381 ἐπὶ
1792 2324 1897 2383 τοῦ
1942 2317 2273 2393 κλιμακίου
2316 2314 2681 2388 πηδήσεται.

295 2421 501 2488 Mitto
562 2424 729 2488 Astii
789 2426 1064 2509 ineptias
1122 2446 1183 2510 p.
1245 2423 1388 2512 177,
1438 2424 1548 2490 sed
1596 2428 1739 2510 (11116
1786 2425 1953 2490 vidit
2000 2445 2313 2509 umquam
2360 2421 2679 2488 aviculam

294 2550 452 2594 cum
514 2528 765 2594 scutulo
827 2527 1062 2595 aeneo?
1124 2531 1197 2596 Id
1260 2532 1576 2616 quomodo
1622 2530 1925 2597 bestiolae
1972 2529 2345 2616 corpusculo
2392 2528 2679 2618 adaptari

295 2632 581 2721 poterit?
627 2635 815 2700 Latet
858 2634 1048 2723 longe
1096 2635 1308 2714 aliud,
1359 2659 1485 2702 non
1531 2638 1832 2715 ἀσπίδιον,
1882 2637 1993 2702 sed
2040 2638 2334 2700 πιλίον.

394 2738 553 2805 Ibid.
601 2741 706 2804 καὶ
755 2742 996 2812 α’ναθεὶς
1045 2741 1498 2807 δακτύλιον
1544 2748 1829 2822 χαλκοῦν
1868 2745 1927 2806 ἐν
1953 2744 2036 2823 τῷ
2066 2741 2443 2820 οἷσκληπιείῳ
2468 2745 2678 2804 τοῦτον

299 2846 602 2924 ἐκτρίβειν
644 2895 658 2910 .
690 2894 705 2910 .
737 2895 750 2910 .
782 2895 796 2910 .
838 2846 1151 2927 ὅσημέραι.
1199 2847 1327 2913 Η16
1369 2848 1545 2914 106116
1581 2852 1868 2935 graviter
1904 2855 2240 2935 corruptus
2273 2853 2369 2913 est
2391 2845 2679 2931 nihilque

299 2955 546 3040 reperio
606 2955 761 3018 satis
823 2961 1071 3020 certum
1137 2939 1387 3041 praeter
1430 2978 1657 3021 unum.
1722 2955 2057 3021 Ridiculus
2104 2956 2293 3020 homo
2342 2954 2548 3040 digito
2593 2951 2683 3017 la-

299 3059 586 3136 borarat,
634 3080 839 3144 neque
887 3060 1198 3126 annulum
1245 3066 1668 3139 consecravit,
1717 3085 1839 3128 non
1885 3062 2209 3128 δακτύλιον
2249 3060 2358 3126 sed
2406 3058 2496 3124 δα
2516 3083 2685 3122 κτυ-

303 3180 344 3228 λ
365 3187 392 3226 ο
409 3190 459 3228 ν.
519 3163 913 3250 Exemplum
973 3173 1072 3232 est
1133 3171 1200 3232 in
1263 3168 1611 3254 Epidauria
1672 3170 2081 3254 inscriptione
2140 3188 2353 3233 recens
2398 3171 2683 3251 reperta:

303 3272 450 3346 α’νῆρ
499 3269 799 3334 δάκτυλον
845 3272 983 3347 ἰάθη
1035 3273 1148 3337 ὑπὸ
1199 3273 1389 3350 ὄφιος.
1443 3270 1640 3345 Οὗτος
1690 3276 1791 3339 τὸν
1839 3279 1945 3337 τοῦ
1994 3273 2170 3345 ποδὸς
2221 3272 2525 3338 δάκτυλον
2567 3270 2685 3334 ὑπὸ

303 3381 410 3442 τοῦ
458 3377 673 3454 ἀγρίου
720 3374 925 3447 ἕλκεος
976 3379 1172 3449 δεινῶς
1224 3381 1637 3457 διακείμενος·
1689 3379 1934 3467 reliqua
1974 3401 2133 3466 quae
2173 3379 2521 3472 describere
2556 3398 2685 3443 non

303 3491 524 3562 vacat,
579 3485 726 3550 vide
776 3485 946 3570 apud
992 3486 1459 3552 Prellwitzium
1505 3510 1567 3573 p.
1616 3477 1775 3568 ⁴155.
1823 3487 2030 3553 Notus
2076 3508 2217 3552 mos
2262 3493 2359 3552 661
2405 3485 2685 3572 effigiem

301 3590 703 3656 consecrandi
753 3592 1027 3657 membri
1078 3614 1201 3677 quo
1251 3596 1394 3679 (11116
1441 3592 1778 3659 1311013131.

398 3694 551 3784 Cap.
599 3696 709 3762 23.
757 3698 1112 3780 ἀλαζονίας.

398 3803 500 3867 καὶ
573 3800 714 3879 ἅμα
778 3809 983 3869 ταῦτα
1057 3805 1505 3886 πλεθρίζων
1576 3804 1849 3881 πέμπειν
1912 3805 1981 3869 τὸ
2048 3804 2363 3883 παιδάριον
2428 3805 2510 3874 εἷς
2576 3803 2685 3877 τὴν

301 3907 618 3990 τράπεζαν
671 3912 958 3989 δραχμῆς
1011 3912 1177 3989 αὐτῷ
1229 3913 1530 3988 κειμένης.
1581 3911 1773 3978 Varia
1819 3919 2063 3978 tentata
2104 3913 2396 3978 fuerunt:
2447 3925 2687 3974 πλατυ-

302 4016 511 4097 γίζων,
577 4015 911 4096 πλατίζων,
977 4015 1393 4097 πλειςκρίζων,
1463 4039 1739 4103 quorum
1802 4018 1967 4083 nihil
2013 4021 2315 4104 cuiquam
2362 4015 2687 4102 probabile

304 4126 521 4189 visum
568 4130 664 4188 est
707 4124 833 4187 nisi
868 4125 994 4208 ipsi
1032 4127 1413 4209 suspicionis
1451 4127 1719 4188 auctori.
1770 4124 1994 4190 Nescio
2034 4125 2279 4190 mihine
2316 4145 2416 4218 res
2452 4123 2689 4189 melius

303 4231 708 4306 successerit,
750 4228 859 4294 sed
898 4229 1348 4294 commendabo
1393 4245 1586 4316 πλεο
1608 4257 1637 4292 ν
1658 4230 1699 4292 d
1721 4229 1761 4310 ζ
1775 4252 1899 4293 ων·
1944 4233 2211 4295 memini
2250 4238 2416 4296 certe
2440 4251 2546 4295 me
2569 4229 2689 4294 hoc

303 4336 575 4401 verbum
636 4334 939 4400 similiter
997 4344 1384 4420 usurpatum
1432 4334 1648 4422 legere
1698 4336 1867 4422 apud
1913 4335 2201 4422 Thucyd.
2252 4335 2314 4400 11
2362 4336 2487 4402 35:
2540 4337 2573 4402 ὅ
2615 4361 2685 4402 τε

304 4443 430 4521 γὰρ
492 4439 767 4518 ξυνειδὼς
833 4443 937 4506 καὶ
1002 4442 1200 4512 εὔνους
1269 4445 1568 4521 ἀκροατὴς
1622 4443 1780 4523 τάχ’
1827 4441 1902 4508 οἷν
1949 4469 2009 4508 τι
2060 4443 2398 4523 ἐνδεεςέρως
2448 4445 2592 4524 πρὸς
2639 4436 2683 4510 ἃ
