3192 5009
1293 254 1603 311 memus.
2550 234 2636 301 29

277 434 450 502 molis
496 433 882 500 vocabulum
925 433 1125 497 etiam
1176 428 1464 517 deligens
1511 426 1681 515 quod
1723 431 1929 492 metro
1976 428 2319 507 satisfacit;
2368 430 2479 494 sed
2515 451 2639 495 non

275 546 474 607 minus
531 540 824 606 mirabile
885 560 918 603 e
965 539 1276 604 contrario
1327 540 1492 602 esset
1536 536 1873 620 ingenium
1922 536 2061 599 eius
2078 583 2095 612 ,
2144 538 2257 620 qui
2300 534 2639 623 vulgatam

271 652 620 715 invenisset.
669 646 930 713 Accedit
976 645 1148 731 quod
1194 647 1409 709 minus
1457 646 1603 727 apte
1651 644 1991 728 genetivus
2038 648 2391 709 castrorum
2429 647 2639 733 iungi-

271 765 366 820 tur
429 777 580 820 cum
639 760 811 831 meta,
877 754 1059 838 quasi
1120 771 1271 815 vero
1333 752 1404 813 in
1450 750 1672 813 castris
1722 768 1885 814 unae
1932 750 2379 817 tantummodo
2425 758 2638 816 essent

267 861 494 941 molae,
542 882 778 947 eaeque
826 857 1172 923 trusatiles.

347 968 594 1034 Similis
641 965 1109 1053 quodammodo
1157 969 1253 1029 est
1301 966 1698 1041 coniectura,
1746 968 1823 1025 ut
1865 966 2105 1049 opinor,
2147 968 2436 1042 vetusta,
2480 964 2637 1030 olim

269 1078 382 1139 iam
422 1082 578 1139 nota
625 1096 702 1139 ex
749 1073 846 1151 V,
894 1093 1090 1158 quam
1137 1092 1305 1135 nunc
1341 1075 1602 1156 apparet
1642 1076 1895 1155 praeter
1930 1094 1987 1133 m
2011 1070 2063 1152 1)
2104 1074 2302 1136 etiam
2324 1073 2384 1136 A
2407 1046 2636 1138 habere

267 1202 346 1245 vs.
387 1180 560 1245 20οε
605 1182 817 1257 ,,1111116
857 1183 1019 1244 aries
1060 1178 1223 1243 ferro
1263 1176 1641 1264 ballistaque
1664 1176 1889 1241 limine
1915 1184 2074 1240 torta
2114 1178 2125 1265 Ι
2166 1180 2634 1257 881818ον681,”

265 1308 362 1371 pro
420 1294 667 1369 portae.
742 1284 1228 1371 Oudendorpius
1296 1287 1430 1349 iam
1497 1289 1765 1349 conatus
1830 1289 1927 1348 est
1989 1304 2131 1349 eam
2195 1285 2525 1351 defendere
2573 1292 2638 1351 et

266 1394 695 1458 commendare
712 1442 730 1471 ,
782 1391 952 1478 quod
1001 1394 1136 1457 sine
1180 1412 1420 1477 magna
1467 1396 1682 1455 tamen
1729 1394 2089 1456 mutatione
2137 1394 2196 1457 ei
2234 1414 2359 1457 non
2398 1414 2639 1458 sueces-

267 1503 370 1577 811;
421 1503 658 1565 60111611
696 1502 871 1565 6111111
911 1498 1211 1563 arundine
1228 1547 1245 1576 ,
1287 1500 1522 1563 verbere
1539 1547 1555 1576 ,
1599 1504 1712 1563 aut
1751 1498 1987 1561 turbine
2028 1505 2206 1563 torta.
2251 1498 2431 1565 Vidit
2468 1506 2637 1565 recte

267 1612 406 1670 torta
468 1606 764 1673 absolute
825 1609 978 1692 poni
1042 1628 1166 1671 non
1229 1626 1449 1691 posse,
1501 1604 1613 1669 sed
1662 1605 1883 1691 quidni
1931 1612 2078 1671 tum
2122 1612 2455 1672 teneamus
2500 1608 2639 1674 vul-

266 1718 504 1797 gatam,
559 1734 720 1799 quae
767 1712 1052 1799 aliquam
1098 1712 1289 1777 habet
1334 1710 1777 1789 offensionem,
1827 1714 1881 1775 si
1928 1732 1965 1776 a
2011 1717 2201 1797 poeta
2248 1719 2554 1800 tanquam
2601 1735 2639 1779 a

265 1822 454 1886 iurato
523 1826 689 1886 teste
753 1822 1026 1885 rationes
1075 1825 1341 1904 repetas.
1391 1817 1647 1883 Scilicet
1692 1818 1932 1884 Scaeva
1978 1819 2148 1883 saltu
2194 1823 2399 1886 evasit
2446 1842 2639 1907 supra

265 1926 456 1991 hostes
507 1926 870 1992 obsidentes
890 1975 907 2004 ,
955 1929 1174 2011 itaque
1220 1946 1388 1989 nunc
1434 1926 1502 1989 in
1548 1924 1761 1989 limite
1800 1931 2021 2011 portae
2061 1948 2197 1992 esse
2237 1949 2361 1993 non
2401 1932 2634 2013 potest.

266 2030 436 2097 Hunc
501 2031 884 2119 scrupulum
943 2035 1219 2109 exemit,
1285 2034 1396 2116 qui
1455 2051 1534 2095 ex
1584 2038 1807 2112 portae
1866 2031 2016 2096 fecit
2078 2039 2254 2097 torta.
2308 2033 2434 2099 Sed
2480 2034 2636 2099 satis

263 2138 590 2225 vulgatam
634 2138 912 2205 defendit
958 2136 1248 2204 Cor-tius:
1299 2144 1643 2223 antequam
1690 2140 1961 2203 excessit
2004 2136 2173 2203 881111
2222 2161 2257 2205 6
2302 2143 2524 2205 castris
2568 2142 2637 2204 in

263 2267 430 2311 muro
469 2253 605 2324 est,
647 2267 814 2310 nunc
854 2245 1042 2309 humi
1077 2247 1147 2308 in
1180 2247 1364 2330 porta
1401 2242 1639 2309 Scaeva
1656 2292 1673 2321 ,
1714 2244 1794 2308 ad
1818 2266 2012 2330 quam
2036 2248 2296 2311 recessit
2318 2267 2633 2333 pugnans.

339 2467 429 2533 De
491 2468 882 2533 correctione
942 2486 1166 2530 versus
1231 2461 1361 2530 207
1422 2463 1467 2528 1.
1515 2462 1605 2527 VI
1651 2464 1843 2530 verbo
1894 2462 2138 2530 dictum
2186 2473 2301 2531 est.
2374 2465 2629 2533 Scilicet

265 2572 485 2641 Scaeva
531 2597 598 2639 v.
652 2572 820 2638 205:

515 2683 655 2747 iam
699 2679 1002 2767 gradibus
1047 2680 1228 2743 fessis
1271 2681 1339 2743 in
1385 2699 1578 2764 quem
1624 2677 1806 2743 cadat
1849 2678 2033 2765 eligit
2076 2679 2330 2745 hostem

519 2810 640 2876 par
681 2786 899 2874 pelagi
941 2788 1264 2853 monstris.
1316 2785 1594 2873 Libycae
1642 2788 1731 2849 sie
1772 2785 1964 2850 belua
2009 2790 2212 2852 terrae

518 2894 798 2963 Getulus
846 2893 1054 2959 densis
1102 2893 1400 2980 elephans
1449 2892 1783 2978 obpressus
1832 2893 1910 2957 ab
1957 2897 2152 2958 armis

263 3000 1184 3087 (omne—missile—fiangit).
1247 3000 1350 3065 Sic
1411 3000 1511 3076 Α.,
1571 3020 1636 3065 v.
1687 2997 1819 3063 206
1881 3019 1918 3063 8
1963 3001 2175 3085 prima
2219 3021 2436 3065 manu.
2502 2999 2627 3067 Sed

261 3128 394 3174 eum
429 3112 574 3173 iure
611 3110 821 3193 prima
857 3127 1056 3172 manu
1095 3128 1220 3171 om.
1269 3105 1325 3169 V
1349 3104 1409 3169 U
1432 3104 1509 3169 M
1531 3104 1623 3183 R,
1671 3108 1966 3190 proximo
2013 3127 2205 3171 versu
2254 3106 2616 3173 offerentes:

264 3217 341 3279 sic
381 3214 668 3303 Libycus
716 3213 943 3278 densis.
991 3212 1167 3279 Haec
1205 3218 1424 3278 autem
1461 3232 1613 3277 cum
1648 3215 1832 3277 iuxta
1871 3234 2132 3279 versum
2169 3214 2628 3299 interpolatum

264 3328 412 3387 stare
457 3343 592 3387 non
634 3325 926 3407 possent,
976 3328 1332 3385 correctum
1379 3326 1476 3384 est
1528 3320 1851 3397 Gaetubew,
1898 3320 2181 3385 remedio
2227 3342 2457 3407 parum
2503 3323 2630 3388 effi-

266 3431 400 3493 mci.
447 3429 522 3494 Id
571 3434 822 3516 praeter
864 3428 942 3493 A.
989 3428 1226 3493 habent
1270 3426 1610 3492 deteriores
1657 3431 1914 3492 tantum
1931 3475 1949 3507 ,
1999 3428 2077 3492 cf.
2129 3425 2413 3494 Oudend.

348 3650 623 3715 Omnino
670 3671 749 3715 ex
791 3648 1083 3716 versibus
1131 3669 1288 3733 quos
1334 3668 1570 3734 magno
1615 3669 1881 3713 numero
1920 3669 1957 3712 a
2004 3648 2071 3712 1⁸
2109 3669 2199 3714 m.
2240 3652 2487 3715 omittit
2507 3651 2626 3731 Μ.,

267 3756 446 3821 multi
487 3760 562 3821 in
604 3757 684 3820 A.
730 3758 1164 3823 inveniuntur.

346 3862 484 3928 Non
534 3862 766 3927 adsunt
813 3884 850 3927 a
899 3862 968 3926 1⁸
1010 3884 1100 3926 m.
1147 3863 1215 3925 in
1261 3861 1376 3926 A.:
1419 3860 1532 3924 III.
1579 3856 1705 3926 167
1749 3863 2052 3948 egeritur,
2099 3860 2227 3927 168
2267 3866 2630 3949 pauperior—

269 3990 408 4053 que,
455 3967 567 4034 IV.
619 3966 706 4035 78
754 3971 1080 4054 quamvis,
1131 3965 1256 4034 171
1302 3972 1366 4032 61
1404 3968 1666 4047 fratres,
1710 3966 1838 4033 251
1883 3973 1947 4033 et
1986 3967 2331 4047 scelerum,
2360 3969 2465 4035 VI.
2499 3970 2626 4038 152

271 4097 302 4139 0
337 4075 594 4153 famuli,
643 4074 770 4141 188
809 4075 1119 4161 perdidit,
1161 4073 1298 4138 VII.
1345 4073 1430 4139 90
1470 4076 1716 4159 sitque,
1765 4072 1893 4138 103
1936 4076 1991 4138 si
2032 4074 2255 4153 mode,
2299 4074 2433 4143 200
2456 4078 2628 4157 80118,

271 4180 385 4247 257
445 4184 598 4249 11866
662 4182 919 4261 eadem,
983 4180 1116 4247 258
1178 4180 1432 4260 reddat,
1494 4180 1665 4245 VHI.
1723 4178 1853 4245 124
1901 4184 2146 4267 accipe,
2209 4182 2325 4247 IX.
2377 4183 2464 4249 83
2510 4184 2628 4251 lin-

333 4408 382 4473 1)
413 4410 610 4461 Litteris
644 4409 922 4461 minusculi·
953 4411 1155 4462 alteram
1186 4426 1382 4463 manum
1415 4411 1587 4464 indico.
