3192 5009
489 210 573 277 12
1494 226 1828 275 nomimis.

486 396 680 461 verba
696 444 713 473 ,
779 394 888 460 sed
949 397 1145 460 etiam
1203 397 1378 479 ipsae
1441 394 1733 479 strophae
1797 398 2051 479 totaque
2114 396 2391 460 carmina
2452 396 2807 459 contineant
2826 442 2845 471 ,

483 503 764 567 maxime
822 504 1186 588 agnoscitur
1227 522 1378 565 cum
1422 499 1697 564 aliorum
1742 506 2108 586 poematum
2154 502 2616 586 comparatione
2634 550 2650 578 ,
2700 508 2847 565 tum

482 628 704 673 eorum
720 656 737 685 ,
809 628 968 693 quae
1039 606 1114 672 de
1185 612 1548 692 temporum
1616 626 1687 671 ac
1754 626 2163 692 personarum
2230 610 2554 693 ipsiusque
2622 613 2847 693 poetae

477 714 742 778 historia
783 713 1180 778 tradiderunt
1227 715 1493 798 antiqui.

571 818 676 885 Sic
736 822 804 883 in
865 820 982 885 hac
1043 821 1182 905 ipsa
1242 816 1376 884 Oda
1418 817 1506 883 IV
1555 818 1618 896 4,
1666 839 1861 905 quam
1904 840 2029 883 non
2074 818 2233 885 falsa
2278 822 2404 884 sint
2450 818 2731 900 (Har-tm.
2780 841 2845 905 p.

481 923 566 991 65
593 932 755 1011 sqq.)
823 947 982 1011 quae
1037 926 1232 991 tradit
1281 925 1356 990 de
1400 924 1594 991 cladis
1640 923 2027 991 Metam-icae
2074 924 2299 991 effectu
2344 924 2846 1010 Hannibah'sque

479 1031 910 1117 desperatione
971 1038 1116 1098 tum
1177 1037 1392 1097 exorta
1407 1081 1424 1108 ,
1489 1030 1713 1096 docent
1777 1038 2025 1117 praeter
2070 1030 2195 1096 alia
2241 1030 2465 1097 Livius
2512 1028 2620 1097 27.
2648 1029 2730 1096 51
2782 1036 2847 1095 et

481 1139 790 1226 Polybius
842 1139 945 1205 11.
997 1138 1059 1204 3.

571 1245 767 1310 Porro
825 1247 881 1309 si
941 1266 1090 1310 cum
1150 1243 1368 1334 Epodo
1415 1243 1478 1308 11
1523 1243 1860 1323 (Beatus
1904 1243 2063 1309 ille
2112 1266 2166 1310 e.
2194 1265 2255 1329 q.
2282 1250 2361 1323 s.)
2408 1245 2847 1330 componimus

482 1372 642 1437 quae
686 1354 754 1415 in
801 1351 952 1416 hero
997 1372 1113 1416 suo
1158 1354 1481 1435 vituperat
1527 1349 1747 1415 Davus
1794 1349 1925 1415 Sat.
1973 1350 2033 1415 11
2077 1348 2136 1417 7.
2164 1350 2250 1416 23
2276 1372 2433 1437 sqq„
2472 1358 2847 1437 perpetuam

480 1456 829 1523 voluntatis
894 1460 1386 1523 inconstantiam
1445 1463 1509 1522 et
1571 1460 1998 1522 mutationem
2062 1478 2211 1523 cum
2272 1461 2340 1523 in
2403 1457 2544 1523 aliis
2591 1464 2737 1523 tum
2777 1461 2846 1523 in

481 1565 636 1629 hoc:
709 1564 1002 1629 Romae
1072 1585 1208 1628 rus
1277 1570 1549 1649 optas,
1624 1564 2056 1629 absentem
2118 1568 2501 1631 rusticus
2564 1566 2847 1632 urbem

482 1669 730 1736 tollis
777 1670 870 1735 ad
915 1675 1140 1735 astra
1181 1670 1436 1747 levis,
1479 1676 1741 1756 apparet
1777 1670 2087 1756 inEpodo
2112 1692 2235 1736 non
2257 1676 2513 1736 tantum
2537 1670 2848 1758 Alphium

483 1778 664 1863 tangi
680 1825 697 1853 ,
739 1776 1154 1841 feneratorem
1197 1778 1404 1841 nescio
1456 1798 1651 1861 quem
1668 1825 1684 1853 ,
1735 1782 1799 1842 et
1851 1782 2163 1863 quotquot
2211 1777 2363 1843 huic
2410 1777 2652 1843 similes
2698 1784 2851 1843 sunt

482 1884 647 1947 ruris
713 1881 1068 1947 laudatores
1128 1882 1236 1948 sed
1283 1883 1458 1947 urbis
1506 1886 2003 1948 constantissimi
2047 1883 2286 1949 incolae
2307 1934 2324 1961 ,
2371 1905 2602 1950 verum
2647 1890 2849 1949 semet

482 1991 700 2075 ipsum
761 1989 957 2055 simul
1016 1989 1232 2056 ludere
1294 1996 1550 2075 poetam
1566 2040 1583 2067 ,
1634 1994 1711 2054 ut
1758 1992 2123 2056 sexcenties.
2175 1988 2441 2076 Scripsit
2486 1994 2692 2077 igitur
2734 1991 2848 2055 hos

482 2096 730 2161 iambos
749 2145 765 2173 ,
829 2117 978 2161 cum
1036 2103 1181 2182 post
1226 2098 1563 2182 acceptam
1595 2096 1988 2182 aliquamdiu
2037 2096 2261 2162 villam
2308 2095 2609 2162 Sabinam
2652 2099 2847 2162 incer-

485 2208 592 2267 tus
640 2202 750 2266 diu
795 2203 1080 2269 haereret
1122 2206 1290 2268 inter
1333 2204 1509 2268 urbis
1559 2207 1849 2289 rurisque
1895 2202 2237 2269 illecebras.

572 2307 802 2374 Itidem
848 2329 926 2374 ex
963 2313 1424 2394 comparatione
1471 2309 1675 2394 Epodi
1720 2309 1817 2374 IX
1862 2331 2013 2375 cum
2058 2309 2171 2373 Od.
2219 2308 2252 2373 I
2292 2308 2375 2376 37
2423 2331 2547 2375 non
2592 2316 2846 2375 tantum

480 2417 813 2500 utriusque
851 2421 1136 2500 tempora
1173 2417 1524 2480 accuratius
1563 2420 2049 2502 cognoscuntur,
2090 2415 2199 2480 sed
2238 2419 2557 2481 evanescit
2598 2436 2845 2501 quoque

482 2520 817 2585 difficultas
854 2542 1046 2606 quam
1081 2522 1532 2606 interpretibus
1571 2524 1817 2607 peperit
1854 2521 2299 2607 imperfectum
2346 2543 2379 2587 e
2398 2527 2527 2587 rat
2566 2524 2635 2586 111
2676 2521 2845 2587 Odae

478 2649 542 2692 v.
593 2626 655 2690 4.
705 2628 986 2718 Apparet
1031 2632 1174 2714 post
1219 2628 1496 2713 epodum
1538 2626 1763 2705 illum,
1814 2630 2123 2713 scriptum
2163 2628 2281 2693 sub
2318 2627 2509 2693 finem
2547 2630 2695 2692 anni
2736 2626 2842 2705 31,

480 2732 824 2798 Horatium
874 2754 1090 2799 revera
1135 2740 1572 2819 repostum
1618 2732 2091 2800 Caecubum
2138 2733 2233 2798 ad
2280 2733 2551 2799 festas
2596 2732 2845 2818 dapes

477 2839 710 2904 bibisse
749 2862 896 2904 cum
934 2838 1300 2905 Maecenate
1338 2842 1406 2904 in
1444 2841 1751 2905 honorem
1790 2842 2091 2904 victoriae
2130 2840 2421 2904 Actiacae
2442 2888 2457 2916 ,
2482 2860 2609 2924 qua
2634 2841 2846 2904 omnia

477 2947 609 3010 iam
675 2945 952 3031 pericula
1013 2967 1050 3010 a
1111 2948 1368 3011 civitate
1433 2966 1655 3012 aversa
1712 2966 1847 3011 esse
1894 2945 2326 3011 credebantur.
2398 2944 2525 3010 Sed
2570 2946 2844 3009 correxit

478 3051 648 3115 hunc
709 3072 982 3117 errorem
1043 3052 1160 3117 oda
1209 3050 1313 3129 3¹7,
1377 3055 1613 3137 scripta
1672 3052 1788 3117 sub
1836 3051 2027 3117 finem
2072 3054 2461 3137 insequentis
2508 3054 2657 3115 anni
2702 3056 2845 3136 post

479 3157 727 3222 obitum
763 3160 1024 3223 Antonii
1061 3166 1125 3225 et
1163 3157 1528 3243 Cleopatrae
1567 3164 1944 3244 captamque
1982 3157 2433 3223 Alexandriam
2472 3156 2617 3222 Kal.
2646 3156 2841 3233 Sext„

481 3264 726 3348 quod,
792 3270 868 3328 ut
930 3271 1026 3330 est
1071 3268 1138 3329 in
1185 3264 1409 3342 titulo,
1458 3286 1544 3330 eo
1593 3264 1724 3330 die
1771 3267 1957 3348 imp.
2009 3262 2229 3330 Caes.
2280 3263 2457 3327 divi
2504 3263 2546 3327 f.
2596 3284 2841 3347 remp.

482 3370 992 3435 tristissimo
1053 3369 1439 3456 periculo
1500 3369 1839 3434 liberat.
1906 3368 2115 3456 Igitur
2160 3375 2303 3433 tum
2350 3368 2612 3433 demum
2658 3376 2845 3434 tem-

479 3495 630 3558 pus
677 3482 853 3539 erat
901 3475 1078 3540 festis
1116 3476 1415 3561 dapibuS,
1459 3475 1807 3540 antehac
1854 3475 2085 3539 nefas
2134 3474 2615 3559 depromere
2666 3471 2845 3541 Cae-

477 3579 788 3645 cubum.
839 3579 922 3644 Et
970 3588 1281 3667 quantum
1325 3581 1486 3646 lucis
1533 3581 1684 3644 huic
1733 3582 1999 3645 carmini
2046 3600 2125 3644 ex
2172 3584 2503 3664 poetarum
2550 3584 2615 3645 et
2651 3580 2843 3644 histo-

475 3687 752 3750 ricorum
816 3684 972 3751 locis
1042 3686 1277 3751 adfluat
1293 3736 1308 3763 ,
1383 3685 1526 3751 vide
1597 3685 1766 3769 apud
1832 3683 2302 3771 Kiesslingium
2320 3734 2336 3762 ,
2403 3687 2513 3770 qui
2575 3684 2843 3749 titulum

477 3811 726 3875 quoque
772 3793 1014 3856 citavit.

569 3896 748 3961 Addo
796 3894 909 3961 Od.
961 3896 1020 3960 II
1071 3898 1104 3961 1

743 3999 1062 4066 Motum
1109 4024 1200 4067 ex
1245 4000 1599 4067 Metello
1648 4000 1993 4067 consule
2040 4004 2405 4066 civicum

744 4107 1120 4193 bellique
1169 4128 1462 4173 causas
1511 4113 1590 4173 et
1639 4110 1857 4172 vitia
1902 4114 1979 4172 et
2026 4107 2303 4172 modos

744 4211 1203 4299 ludumque
1249 4213 1709 4291 Fortunae,
1757 4234 2228 4301 gravesque

749 4322 1226 4406 principum
1273 4323 1699 4387 amicitias
1750 4370 1765 4385 .
1795 4369 1809 4385 .
1840 4368 1855 4385 .
1885 4368 1899 4384 .
