3192 5009
1264 265 1574 315 nummus.
2518 249 2601 316 33

267 440 428 521 gente
469 433 687 511 cadat;
735 435 984 519 rapitur
1031 430 1330 496 civilibus
1369 431 1635 495 umbris.
1679 430 1689 515 Ι
1730 429 1793 495 N
1794 452 1863 495 ec
1900 433 2100 497 soceri
2136 436 2393 497 tantum
2430 452 2609 497 arma

269 540 440 625 fugit3
470 538 656 623 fuqit
701 558 808 603 ora
856 543 1110 603 senatus
1130 587 1145 615 ‚
1190 537 1200 622 Ι
1241 538 1423 602 cuius
1469 534 1861 602 Thessalicas
1906 542 2151 602 saturat
2188 560 2334 624 pars
2373 559 2610 626 magna

269 644 588 709 volucres.”
659 643 957 709 Alterum
1009 644 1198 729 suffit
1268 644 1592 708 omittitur
1659 646 1727 708 in
1787 641 2195 723 Taurinensi,
2259 649 2328 709 in
2386 646 2480 710 M.
2542 648 2610 710 in

271 772 456 815 rasura
499 756 596 815 est
613 771 629 828 ;
678 752 747 814 in
793 750 989 815 Ashb.
1043 772 1130 813 m.
1182 748 1224 814 2
1271 751 1339 813 in
1384 769 1592 835 marg.
1642 756 1834 827 tonet,
1885 750 2151 816 fortasse
2194 772 2227 816 e
2274 752 2439 816 timet
2484 773 2613 817 cor-

269 865 502 942 rupt-um
518 906 535 935 ‚
585 856 692 922 sed
740 864 1000 944 apparet
1031 855 1240 941 suffit·
1265 876 1470 920 errore
1518 854 1717 920 semel
1763 858 2051 940 positum
2096 878 2243 936 esse,
2274 864 2339 923 et
2395 857 2613 923 locum

273 963 462 1029 deinde
505 985 539 1029 e
579 965 940 1029 coniectura
977 961 1369 1048 suppletum.
1419 960 1561 1026 Non
1600 962 1937 1048 persuadet
1975 962 2379 1030 Burmannus
2418 966 2612 1031 verba

273 1076 532 1154 corrupta
579 1089 734 1134 esse.
799 1068 1146 1155 Pompeius
1193 1068 1366 1154 fugit
1413 1074 1746 1154 aspectum
1790 1075 2154 1134 senatorum
2176 1120 2192 1147 ,
2237 1073 2449 1156 inquit
2494 1071 2613 1135 Po-

269 1174 492 1253 thinus,
540 1195 767 1241 verene
815 1194 896 1239 an
943 1173 1100 1239 falso
1146 1194 1376 1261 parum
1420 1174 1633 1239 refert.
1681 1173 1901 1261 Magis
1948 1175 2217 1240 dubium
2258 1182 2354 1241 est
2392 1175 2613 1239 umbrie

265 1302 362 1365 pro
417 1302 539 1367 quo
613 1279 843 1345 AmV
867 1278 1086 1345 URT
1147 1280 1384 1345 habent
1445 1279 1672 1355 armi&
1721 1280 1943 1343 umbris
1988 1280 2063 1345 M
2089 1287 2132 1345 t.
2181 1280 2322 1347 Hoc
2368 1281 2615 1347 Ouden-

265 1386 500 1472 dorpius
559 1386 842 1453 defendit
886 1385 1079 1451 allato
1123 1385 1206 1450 X.
1237 1384 1402 1450 336:
1455 1386 1788 1464 „habitant
1834 1386 1953 1451 sub
1999 1392 2253 1473 pectore
2299 1389 2615 1469 (Pothini)

265 1514 458 1558 manes
516 1492 901 1578 ultricesque
970 1492 1120 1557 deae
1191 1492 1343 1557 dant
1403 1494 1472 1557 in
1533 1512 1703 1557 nova
1763 1499 2048 1558 monstra
2094 1494 2373 1560 furorem
2392 1495 2453 1573 ,”
2504 1496 2617 1559 ubi

263 1620 458 1664 manes
503 1599 819 1664 furiarum
863 1604 1075 1685 partes
1121 1598 1412 1683 explent,
1461 1601 1597 1663 sive
1653 1598 1916 1664 dearum
1956 1599 2264 1679 ultricum
2301 1602 2615 1687 Pompeii.

263 1704 480 1771 Parum
520 1711 748 1791 aptum
791 1704 870 1770 ad
918 1706 1139 1769 νεκύων
1185 1706 1462 1782 ἀμενηνὰ
1512 1704 1744 1785 κάρηνα
1791 1705 1956 1771 illud
1991 1708 2254 1789 rapitur.
2316 1707 2543 1773 Umbris
2585 1730 2619 1775 θ

263 1815 623 1877 correctione
688 1833 821 1878 esse
866 1812 1143 1889 videtur,
1194 1812 1416 1892 eadem
1462 1814 1708 1877 ratione
1758 1833 1883 1897 qua
1930 1811 2127 1879 altero
2170 1812 2307 1879 loco
2354 1815 2622 1881 ultrices-

263 1942 359 2003 que
421 1918 658 1981 umbrae
723 1916 968 2005 legitur
1026 1920 1096 1982 in
1155 1942 1196 1981 u
1220 1919 1277 1982 A
1300 1917 1360 1981 R
1381 1915 1433 1980 Τ
1501 1940 1614 2004 pro
1660 1917 2018 2004 ultricesque
2064 1922 2229 1983 deae.
2274 1921 2621 2007 Pompeius

261 2024 608 2109 rapiebatur
669 2022 968 2089 civilibus
1015 2024 1200 2087 armis
1217 2073 1234 2101 ,
1281 2022 1437 2089 belli
1483 2024 1693 2089 civilis
1740 2027 1992 2110 impetu
2041 2027 2319 2091 trahitur
2356 2030 2621 2093 invitus.

261 2127 456 2193 Sentis
517 2132 716 2193 etiam
733 2178 750 2207 ,
815 2150 1010 2216 quam
1072 2132 1235 2195 mire
1296 2129 1588 2195 dicantur
1632 2131 1899 2197 umbrae
1945 2131 2167 2197 civiles
2214 2155 2327 2218 pro
2374 2135 2621 2200 umbris

261 2236 488 2299 civium
547 2238 618 2300 in
677 2234 844 2301 bello
909 2243 1412 2323 peremptorum.
1465 2236 1689 2300 Oivibia
1736 2260 1905 2301 arma
1948 2238 2285 2324 aliquoties
2330 2240 2625 2307 Lucanus

265 2361 368 2425 pro
426 2339 595 2406 bello
657 2340 852 2406 civili.

341 2446 624 2512 Alterius
685 2445 810 2513 loci
870 2447 954 2512 X.
1007 2446 1138 2513 336
1199 2450 1379 2513 varia
1435 2446 1626 2514 lectio
1689 2448 1974 2515 adhiberi
2038 2457 2251 2537 potest
2295 2452 2374 2516 ad
2421 2474 2629 2519 emen-

263 2552 531 2617 dandum
578 2574 871 2633 versum,
937 2575 1130 2639 quem
1187 2556 1483 2640 quamvis
1546 2554 1751 2621 obiter
1794 2555 1940 2620 nolo
1987 2562 2202 2622 tamen
2249 2557 2454 2623 videri
2498 2558 2631 2625 levi

263 2679 451 2724 manu
536 2666 948 2746 pertractasse
967 2710 984 2739 ,
1072 2682 1224 2727 nam
1310 2660 1422 2725 diu
1506 2683 1611 2725 me
1696 2649 1906 2727 tenuit
1922 2682 1938 2740 3
2009 2669 2107 2728 est
2176 2663 2258 2728 II.
2325 2664 2412 2730 80
2431 2714 2448 2743 ,
2518 2666 2633 2731 ubi

263 2769 548 2829 narratur
592 2768 874 2852 impetus
921 2770 989 2831 in
1037 2788 1280 2833 carcere
1328 2767 1878 2833 Minturnensium
1921 2771 1991 2832 in
2049 2769 2337 2835 Marium
2396 2770 2633 2837 frustra

263 2890 296 2933 a
352 2868 614 2936 Cimbro
671 2877 1004 2957 susceptus
1021 2922 1038 2957 ,
1098 2894 1247 2938 cum
1311 2874 1596 2951 „ferrum
1655 2895 1854 2939 manu
1901 2879 2189 2960 torpente
2235 2875 2629 2942 remisisset''

264 2973 516 3043 OEmber
596 2978 894 3043 carnufex
909 2999 926 3056 ;
1008 2978 1249 3044 scilicet
1322 2982 1378 3043 is
1466 2978 1756 3056 „viderat
1836 2982 2221 3045 immensam
2304 2982 2632 3048 tenebroso

261 3084 323 3145 in
403 3103 650 3149 carcere
735 3082 949 3149 lucem
1025 3088 1142 3165 (sic
1159 3133 1174 3163 ,
1242 3106 1368 3149 non
1428 3086 1624 3149 bamen
1642 3134 1659 3163 ,
1721 3086 1780 3149 A
1804 3084 1877 3149 M
1903 3085 1957 3150 V
1984 3085 2069 3168 U)
2133 3088 2143 3173 Ι
2207 3087 2633 3175 terribilisque

265 3188 402 3254 deas
473 3192 591 3269 (sic
661 3187 944 3255 Oudend.
1015 3212 1128 3276 pro
1197 3192 1359 3272 deos)
1421 3190 1737 3256 scelerum
1796 3190 2208 3279 Mariumque
2271 3195 2631 3261 futurum.’'

265 3292 621 3360 Haskensio
685 3297 742 3360 si
801 3295 1002 3361 credis
1027 3345 1042 3375 ,
1091 3298 1385 3382 futurum
1448 3304 1546 3362 est
1592 3298 2018 3376 attributum;
2086 3300 2375 3377 „Marius
2440 3322 2509 3366 as
2556 3302 2636 3367 he

265 3421 386 3465 was
449 3399 740 3465 destined
801 3408 868 3466 to
931 3402 1009 3467 be
1064 3405 1108 3466 1.
1136 3423 1190 3467 e.
1255 3423 1324 3467 as
1371 3401 1659 3467 consul.’'
1710 3402 1965 3468 Similia
2011 3401 2129 3468 Th.
2180 3404 2527 3471 Famabius
2574 3414 2639 3471 et

267 3505 334 3575 C.
395 3507 487 3572 H.
537 3507 747 3573 Weise
766 3556 782 3585 ,
857 3528 1017 3594 quae
1076 3509 1398 3575 fluxerunt
1461 3530 1494 3573 e
1543 3508 1781 3575 scholio
1827 3510 2164 3576 Bernensi:
2218 3530 2639 3589 „MARIUMQUR

267 3632 566 3679 mmmm
626 3612 790 3680 clare
835 3618 1178 3699 pronuntia
1227 3614 1576 3693 ‚Marium',
1627 3620 1703 3680 ut
1746 3615 1859 3680 fiat
1906 3617 2247 3702 emphasis.
2300 3618 2635 3696 ‚futurum'

267 3728 476 3786 autem
528 3720 854 3785 consulem
898 3720 1004 3787 vel
1049 3724 1364 3786 victorem
1401 3720 1608 3807 qualis
1645 3742 1793 3787 vere
1834 3722 2024 3787 fuit.''
2076 3722 2405 3788 Nimirum
2442 3728 2640 3789 sensit

265 3825 388 3903 ille,
428 3827 566 3891 sine
614 3826 732 3891 hoc
777 3826 1042 3892 artificio
1073 3829 1366 3913 futurum
1414 3848 1731 3912 quemque
1774 3826 2078 3894 lectorem
2124 3850 2236 3914 pro
2283 3830 2640 3914 praedicato

267 3940 678 4019 accepturum
739 3933 954 3999 fuisse.
1018 3932 1104 3998 At
1169 3936 1427 3998 nomina
1471 3936 1728 4019 propria
1767 3934 2107 4000 hominum
2154 3956 2280 4000 non
2325 3938 2643 4023 recipiunt

269 4040 576 4104 attributa
591 4088 610 4115 ‚
673 4041 798 4103 nisi
860 4042 985 4103 sint
1047 4042 1460 4126 cognomina,
1511 4038 1693 4103 velut
1739 4039 2102 4118 MaximuS,
2155 4037 2431 4120 CaecuS,
2480 4042 2638 4121 alia;

271 4145 381 4210 hoc
418 4152 836 4231 praeceptum
873 4144 1240 4233 neglectum
1279 4152 1410 4223 est,
1453 4145 1624 4231 quod
1663 4166 1826 4231 aqua
1849 4147 2144 4212 haerebat
2167 4149 2641 4233 interpretibus.

273 4248 585 4337 Equidem
656 4253 770 4317 vix
829 4250 1084 4330 dubito,
1150 4254 1304 4337 quin
1364 4251 1675 4316 admoniti
1733 4252 1895 4317 1111111
1940 4255 2366 4318 assentiantur
2410 4253 2646 4320 latinae

273 4352 534 4443 linguae
593 4359 807 4443 periti.
879 4356 1004 4422 Sed
1061 4378 1260 4444 parva
1317 4359 1675 4423 mutatione
1737 4360 1975 4424 vitium
2037 4359 2183 4424 tolli
2242 4381 2369 4425 non
2415 4367 2643 4445 potest.

2328 4480 2359 4527 8
