3192 5009
1285 401 1370 452 An
1415 405 1741 454 wasemes.
2552 379 2679 453 431

315 569 475 649 lein,
517 594 635 660 ego
673 571 728 636 δ’
752 569 864 644 ἕεις
915 571 1145 654 [forma
1189 571 1536 636 admodum
1573 571 1791 654 dubia]
1831 570 2216 636 tentabam.'’
2263 571 2407 636 Non
2446 571 2684 638 felicior

314 680 451 744 fuit
495 701 696 765 nuper
737 677 1202 764 Papabasileios
1249 680 1562 743 coniciens
1608 677 1659 740 δ’
1700 679 1962 758 άρραγῆ.
2024 677 2164 743 Una
2218 677 2423 743 deleta
2471 678 2686 744 littera

316 785 603 870 prodibit
647 805 868 850 versus
913 785 1314 849 sanissimus:

594 890 732 969 τρία
782 890 835 955 δ’
885 889 1055 965 ίτης
1106 891 1267 963 σάκη
1316 891 1633 967 προτείνων
1678 897 1834 968 τρεῖς
1886 891 1941 953 τ’
1988 889 2304 954 ἐπισσείων
2350 888 2577 969 λόφους

593 1005 846 1076 στεῖχεν
891 994 1013 1066 icoc
1057 995 1230 1074 ’Ἄρει
1277 995 1447 1073 βίαν.

313 1101 688 1188 Hesychius
735 1099 946 1172 ἴτης·
998 1101 1257 1178 ἰταμός,
1306 1101 1559 1179 θρασύς,
1610 1101 1880 1181 ίσχυρός.
1928 1101 2162 1166 Pollux
2210 1100 2305 1166 III
2349 1099 2475 1166 135
2514 1101 2581 1165 τὸ
2620 1101 2681 1166 δὲ

319 1207 494 1282 ἴτης
560 1207 746 1272 κοινὸν
809 1209 914 1284 ἐφ’
978 1207 1295 1282 ἑκατέρου.
1361 1207 1495 1272 scil.
1545 1208 1651 1270 ἐπί
1701 1230 1771 1272 τε
1818 1212 1925 1272 τοῦ
1972 1210 2373 1287 ριψοκινδύνου
2423 1208 2528 1272 καὶ
2576 1211 2684 1272 τοῦ

319 1315 625 1395 εὐψύχου.
672 1313 990 1380 Vocabulo
1036 1316 1100 1379 h.
1126 1314 1170 1380 1.
1216 1317 1546 1400 aptissime
1593 1314 1669 1379 de
1719 1313 2010 1401 Geryone
2058 1315 2339 1380 adhibito
2389 1337 2422 1380 e
2462 1319 2687 1381 veteri-

319 1423 442 1486 bus
480 1424 712 1486 Atticis
757 1425 860 1486 usi
913 1427 1062 1486 sunt
1107 1421 1557 1506 Aristophanes
1604 1420 1772 1487 Nub.
1825 1420 1955 1485 445
2005 1422 2219 1499 θρασὺς
2245 1471 2261 1498 ,
2313 1421 2681 1500 εὔγλωττος,

322 1528 656 1605 τολμηρός,
719 1527 889 1606 ἴτης,
921 1529 946 1609 ΙΙ
974 1528 1302 1606 βδελυρός,
1351 1527 1584 1605 ψευδῶν
1635 1528 2063 1604 ξυγκολλήτης
2113 1534 2177 1593 et
2222 1527 2406 1593 Plato
2455 1527 2679 1615 Symp.

317 1655 384 1719 p.
435 1633 565 1698 203
591 1633 648 1698 D
695 1633 770 1698 (18
816 1634 1050 1698 Amore
1097 1639 1160 1698 et
1204 1634 1462 1719 Protag.
1510 1655 1572 1717 p.
1624 1631 1833 1697 349ss
1881 1633 1959 1698 de
2007 1636 2141 1699 viro
2188 1634 2356 1699 forti.

411 1849 591 1915 Idem
637 1851 710 1914 fr.
764 1848 845 1915 75
929 1852 994 1914 οὖ
1043 1851 1168 1928 γάρ
1218 1874 1275 1913 τι
1325 1849 1530 1929 μεῖζον
1578 1849 1738 1915 ἄλλο
1786 1850 2017 1915 τοῦδε
2072 1853 2366 1927 πείσομαι

319 1955 454 2020 soil.
504 1961 609 2020 τοῦ
655 1957 950 2033 θανάτου,
998 1960 1074 2020 ut
1119 1958 1406 2022 arbitror.
1457 1956 1552 2024 Cf.
1603 1955 1795 2043 Soph.
1846 1958 2065 2043 Antig.
2117 1957 2246 2022 235
2274 1981 2365 2044 sq.

411 2174 589 2241 Idem
631 2179 698 2240 in
746 2176 1084 2240 Prometheo
1131 2177 1330 2240 Soluto
1377 2177 1452 2241 fr.
1508 2176 1671 2242 192:

859 2281 1272 2359 Φοινικόπεδόν
1318 2283 1377 2346 τ’
1427 2285 1663 2364 ἐρυθρᾶς
1714 2285 1862 2363 ἱερὸν

860 2394 1077 2469 χεῦμα
1127 2391 1482 2466 θαλάσσης,

860 2494 1528 2574 χαλκοκεραυνόν
1575 2518 1645 2559 τε
1695 2497 1837 2570 παρ’
1884 2497 2173 2584 Ὠκεανῷ

861 2601 1087 2674 λίμναν
1133 2596 1378 2664 πάντων
1425 2603 1647 2679 τροφὸν
1696 2602 2015 2679 Αἰθιόπων,
2065 2603 2188 2667 κτὲ.

412 2703 466 2768 Ε
511 2708 885 2770 coniecturis
932 2705 1010 2770 ad
1049 2706 1112 2770 h.
1139 2705 1182 2769 1.
1224 2708 1596 2791 propositis,
1646 2727 1801 2791 quas
1848 2710 2165 2793 congessit
2214 2707 2437 2774 Nauck
2458 2758 2473 2787 ‚
2522 2710 2684 2773 mihi

322 2810 580 2894 quidem
643 2810 831 2896 longe
879 2811 1244 2875 felicissima
1287 2811 1543 2876 videtur
1585 2810 2061 2877 Hermanniana
2109 2837 2159 2893 χ
2178 2828 2276 2877 αλ
2296 2838 2329 2876 κ
2350 2815 2502 2890 ομά
2521 2840 2609 2891 ρα
2628 2839 2686 2878 υ-

321 2939 367 2992 γ
389 2938 462 2979 ον
483 2964 499 2993 ,
562 2919 685 2980 nisi
747 2915 914 3001 quod
973 2938 1087 3001 pro
1149 2917 1352 2982 forma
1399 2918 1825 2982 semibarbara
1868 2939 2096 3002 ponere
2143 2919 2442 2984 debuerat
2488 2944 2537 2999 χ
2557 2945 2598 2983 α
2619 2936 2685 2985 λ-

324 3023 826 3100 καμάρυγον.
879 3021 1025 3087 Sola
1071 3027 1244 3088 enim
1289 3023 1595 3088 vocabula
1642 3025 2014 3102 άμαρύσσω,
2065 3030 2359 3103 άμαρυγή
2409 3033 2473 3090 et
2520 3027 2687 3103 αἱμά-

322 3151 536 3204 ρυγμα
621 3134 770 3192 sunt
852 3132 1149 3213 antiquae
1234 3137 1298 3194 et
1368 3132 1645 3195 sincerae
1714 3126 2130 3208 GraecitatiS‚
2204 3141 2553 3210 μαραυγεῖν
2622 3139 2687 3198 et

323 3234 651 3311 μαραυγία
699 3236 1091 3319 sequioribus
1135 3236 1589 3321 relinquantur.
2212 3219 2215 3224 ¹

413 3436 594 3502 Idem
635 3440 703 3502 in
750 3439 1120 3501 Incertarum
1149 3439 1516 3524 fabularum
1543 3441 1783 3524 fraqm.
1835 3439 2000 3506 300:

593 3545 826 3620 γένος
872 3545 985 3621 μὲν
1032 3547 1219 3610 αἰνεῖν
1267 3545 1541 3619 ἐκμαθὼν
1592 3539 1941 3622 ἐπίσταμαι

596 3650 930 3722 Αἰθιοπίδος
976 3657 1131 3728 γῆς,
1179 3649 1318 3714 ἔνθα
1367 3660 1587 3722 Νεῖλος
1639 3652 1934 3730 ἓπτάρους

595 3763 846 3833 γαῖαν
896 3755 1281 3821 κυλίνδων
1329 3756 1695 3833 πνευμάτων
1741 3758 2054 3842 ἕπομβρίοι
2101 3761 2228 3826 κτὲ.

325 3860 790 3949 Corrigendum
835 3870 1026 3948 puto:
1109 3895 1114 3898 ·

595 3969 840 4047 γάνος
891 3971 1116 4050 (decu-9)
1163 3970 1275 4044 μὲν
1323 3971 1510 4036 αἰνεῖν
1560 3972 1833 4044 ἐκμαθὼν
1883 3971 2229 4048 ἐπίσταμαι

598 4077 932 4146 Αίθιοπίδος
979 4084 1135 4154 γῆς,
1185 4074 1321 4140 ἔνθα
1371 4084 1592 4148 Νεῖλος
1646 4078 1939 4154 ἓπτάρους

597 4183 927 4259 νάματα
978 4183 1336 4246 κυλίνδει
1391 4182 1756 4256 πνευμάτων
1806 4184 2116 4267 ε’πομβρίοι
2162 4201 2303 4250 κτλ.

320 4293 389 4355 in
436 4290 664 4375 quibus
711 4288 972 4363 νάματα
1021 4309 1164 4354 mea
1210 4293 1570 4355 coniectura
1619 4295 1750 4369 est,
1804 4291 2063 4356 κυλίνδει
2112 4291 2441 4366 Salmasii,
2489 4291 2678 4369 γάνος

322 4396 720 4473 Deventerii‚
784 4415 944 4479 quae
1005 4397 1306 4460 correctio
1368 4397 1533 4460 mihi
1593 4401 1846 4462 tantum
1906 4417 2034 4462 non
2101 4403 2305 4473 certa,
2355 4396 2643 4462 Nauokio
2661 4446 2679 4478 ‚

323 4504 535 4568 nescio
579 4522 709 4578 our,
755 4523 986 4588 parum
1031 4501 1374 4587 probabilis
1422 4503 1695 4568 videtur.
