3192 5009
575 345 707 416 312
1429 367 2078 421 ossnavimtmcutffl

569 546 635 604 et
681 558 830 602 cum
875 558 947 602 66
991 536 1328 621 prudentia
1372 558 1532 622 quae
1579 558 1617 602 a
1662 537 2003 604 Iustiniani
2051 539 2417 625 aequalibus
2456 541 2775 625 expectari
2810 561 2967 624 pu&

569 648 654 710 sit
684 645 751 724 ¹),
813 643 1051 720 dicam,
1114 641 1369 728 qualem
1431 646 1746 708 actionem
1808 648 2045 711 veteris
2107 649 2265 710 iuris
2314 644 2777 733 Compilatores
2823 647 2962 710 sub

566 752 774 835 specie
841 748 1250 814 condictionis
1317 750 1472 812 certi
1538 751 1607 813 in
1669 750 1960 815 medium
2025 751 2301 835 proferre
2351 751 2739 816 studuerint.
2806 750 2959 830 Qua

564 857 642 922 de
710 877 778 921 re
845 875 1076 919 novam
1138 876 1340 939 quum
1393 875 1596 939 nuper
1642 859 2003 941 opinionem
2053 856 2321 922 ediderit
2369 857 2572 922 Baron
2620 856 2785 922 libro
2834 859 2965 942 qui

561 965 632 1026 in
701 961 996 1026 manibus
1065 959 1420 1026 multorum
1487 967 1811 1026 versatur:
1882 963 1983 1026 die
2054 963 2475 1026 condiet-ionem
2533 963 2803 1044 (1881),
2868 965 2960 1027 ab

564 1069 682 1134 hac
723 1070 988 1131 initium
1034 1067 1198 1130 mihi
1243 1087 1496 1132 sumere
1538 1066 1749 1132 liceat.
1800 1066 2109 1147 Quamvis
2156 1071 2329 1133 6111111
2378 1069 2486 1135 1116
2531 1091 2657 1134 11011
2698 1069 2961 1134 dubitet

563 1173 837 1259 Ulpiano
905 1173 1065 1236 hanc
1127 1175 1439 1237 actionem
1501 1172 1881 1250 adscribere,
1948 1177 2161 1259 potuit
2224 1195 2371 1240 sane
2434 1173 2541 1239 vel
2602 1177 2692 1239 616
2737 1177 2959 1260 ipsam

564 1281 827 1346 actionis
890 1285 1181 1343 naturam
1204 1326 1220 1356 ,
1285 1299 1446 1362 quae
1505 1282 1669 1343 actio
1732 1283 2107 1365 proponitur
2168 1280 2211 1344 l.
2263 1278 2303 1345 9
2352 1279 2430 1345 D.
2486 1280 2590 1345 12.
2622 1282 2680 1358 1,
2730 1283 2823 1344 ita
2864 1279 2959 1343 ad

567 1388 908 1452 veritatem
953 1386 1340 1468 exprimere,
1390 1391 1466 1448 ut
1509 1383 1929 1450 Tribonianus
1976 1394 2232 1472 partum
2280 1395 2669 1473 agnosceret.
2742 1385 2959 1450 Baron

567 1495 774 1580 igitur
819 1492 899 1557 ad
943 1495 1341 1577 praesentem
1387 1510 1578 1555 usum
1627 1513 1700 1556 eo
1738 1513 2037 1558 converso
2078 1494 2250 1578 quod
2287 1494 2363 1558 de
2403 1496 2698 1558 cautione
2741 1501 2961 1558 exstat

559 1599 605 1664 1.
657 1597 762 1662 25-
792 1600 828 1682 ς
854 1596 895 1660 4
941 1596 1021 1662 D.
1071 1596 1180 1661 22.
1209 1595 1248 1660 3
1312 1599 1469 1661 certi
1522 1597 1990 1664 condictionem
2052 1602 2365 1664 actionem
2425 1620 2561 1664 esse
2610 1602 2739 1677 ait,
2789 1619 2961 1684 (11166

559 1705 880 1768 indiscrete
938 1703 1296 1788 loqumjtur,
1361 1700 1613 1787 planius
1676 1710 1751 1768 ut
1804 1703 2011 1770 dicam
2029 1752 2047 1781 ,
2098 1706 2413 1770 actionem
2460 1726 2594 1770 esse
2643 1725 2771 1790 qua
2818 1725 2953 1769 non

559 1813 781 1875 statim
804 1852 806 1854 ψ
827 1809 904 1873 61)
950 1810 1135 1873 1111110
1181 1808 1435 1893 petendi
1479 1829 1671 1873 661166
1715 1808 2199 1875 demonstretur.
2250 1809 2418 1875 Nam
2456 1810 2959 1876 demonstranda

561 1919 783 2002 utique
827 1919 983 1992 erit,
1030 1921 1372 2002 antequam
1416 1915 1611 1980 iudex
1659 1919 2041 1980 sententiam
2091 1917 2401 2000 proferat,
2454 1920 2751 2002 quamvis
2790 1923 2956 1981 tunc

561 2011 772 2108 quum‘
822 2021 904 2086 lis
965 2022 1190 2087 edatur
1247 2024 1316 2085 in
1377 2020 1643 2086 obscuro
1706 2021 1924 2086 relicta
1980 2025 2085 2086 sit.
2156 2024 2244 2087 At
2288 2026 2356 2088 in
2406 2027 2733 2100 cautione,
2784 2044 2959 2108 quae

560 2129 826 2214 loquitur
863 2127 1215 2203 indiscrete,
1265 2147 1424 2212 quae
1472 2147 1661 2192 causa
1706 2128 1913 2192 subsit
1958 2149 2082 2192 non
2130 2131 2497 2214 requiritur,
2540 2131 2661 2193 nisi
2702 2148 2781 2193 ex
2828 2127 2959 2192 tali

561 2238 852 2299 cautione
911 2236 1014 2298 ius
1075 2233 1202 2298 dici
1260 2231 1366 2298 lex
1426 2232 1528 2297 vel
1593 2234 2221 2300 senatusconsultum
2269 2235 2376 2300 vel
2420 2237 2793 2299 constitutio
2842 2255 2954 2300 ve—

561 2343 777 2405 tuerit.
825 2339 944 2404 Est
989 2343 1162 2403 enim
1207 2360 1516 2426 perquam
1564 2339 1861 2406 credibile
1904 2343 2146 2406 iustam
2193 2361 2449 2406 causam
2490 2340 2755 2406 debendi
2795 2341 2951 2404 sub—

560 2467 727 2529 esse,
793 2445 905 2510 ubi
966 2465 1032 2509 se
1093 2444 1318 2510 debere
1381 2466 1526 2510 reus
1589 2449 1911 2530 scripserit
1936 2446 2009 2526 ⁹),
2074 2452 2139 2510 et
2192 2447 2446 2531 propria
2492 2446 2795 2511 standum
2844 2453 2955 2510 est

561 2552 968 2616 confessione.
1038 2551 1182 2615 Non
1251 2551 1511 2635 perinde
1579 2549 1655 2615 fit
1722 2550 2017 2617 credibile
2077 2554 2319 2617 iustam
2378 2572 2635 2616 causam
2680 2553 2955 2638 petendi

559 2657 815 2722 subesse
833 2704 850 2733 ,
895 2677 972 2721 ex
1019 2677 1092 2720 60
1139 2655 1272 2720 6010
1321 2655 1487 2741 quod
1532 2659 1845 2722 actionem
1894 2659 2035 2742 quis
2080 2658 2443 2722 intenderit.

649 2762 910 2828 Pridem
953 2762 1236 2827 vidimus
1283 2768 1502 2848 (supra
1538 2783 1602 2847 p.
1650 2762 1802 2842 112)
1844 2762 2188 2827 formulam
2228 2784 2354 2848 qua
2392 2770 2633 2828 certam
2662 2767 2957 2849 petimus

557 2872 894 2956 pec-uniam
963 2868 1283 2932 indiscrete
1349 2868 1540 2951 loqui,
1607 2868 1773 2953 quod
1834 2875 2084 2933 constat
2149 2866 2469 2935 Ciceronis
2514 2873 2583 2933 in
2628 2868 2951 2935 Rosciana

557 2995 746 3041 eausa
802 2977 1187 3040 testimonio.
1249 2973 1718 3060 Porrigendum
1778 2973 1846 3038 id
1908 2995 2044 3039 esse
2106 2975 2187 3039 ad
2232 2983 2470 3040 ceteras
2519 2995 2775 3060 quoque
2821 2975 2957 3040 for-

558 3081 798 3158 mulas,
860 3081 1092 3166 quibus
1152 3079 1545 3144 intendimus
1608 3080 1795 3142 dari
1840 3081 2060 3144 nobie
2106 3087 2511 3162 oportere,
2561 3087 2639 3146 ut
2688 3080 2953 3146 credam

561 3183 763 3253 Gaius
825 3186 1016 3251 efficit
1077 3183 1192 3264 (IV
1239 3184 1413 3270 5333)
1473 3188 1710 3250 interse
1757 3186 2124 3270 opponendo
2154 3187 2473 3272 formulae
2518 3188 2727 3272 quibus
2761 3210 2957 3269 pecu—

559 3295 722 3356 niam
780 3299 886 3354 aut
931 3315 1052 3356 rem
1099 3291 1364 3376 aliquam
1409 3292 1575 3354 nobis
1622 3292 1763 3354 dari
1808 3300 2073 3374 oportere
2116 3292 2480 3356 intendimus
2526 3301 2717 3378 atque
2764 3295 2955 3357 actio-

561 3422 662 3462 nes
723 3398 1100 3475 commodati,
1145 3398 1419 3480 fiduciae
1438 3446 1454 3474 ,
1517 3398 1879 3478 neyotiorum
1933 3405 2229 3479 yestorum
2281 3397 2393 3463 rel.
2444 3398 2777 3484 Siquidem
2824 3399 2951 3464 hae

561 3525 598 3569 a
643 3525 831 3569 causa
875 3507 1196 3589 proposita
1242 3524 1470 3568 nomen
1514 3508 1856 3581 traxerint,
1896 3504 2045 3570 illae
2086 3507 2153 3568 ni
2190 3504 2375 3570 fallor
2414 3505 2555 3570 ideo
2598 3506 2676 3571 ab
2715 3503 2947 3570 effectu

560 3613 921 3675 nominatae
983 3620 1134 3674 sunt
1151 3658 1168 3687 ,
1231 3613 1380 3694 quia
1443 3613 1576 3675 sine
1638 3630 1861 3675 causae
1909 3611 2448 3676 demonstratione
2494 3610 2945 3695 procedebant.

559 3716 738 3782 Idem
797 3719 936 3780 iure
998 3737 1162 3780 novo
1215 3719 1284 3779 in
1329 3714 1550 3780 libello
1600 3716 1863 3780 obtinet.
1936 3715 2132 3782 Recte
2176 3719 2245 3780 in
2292 3716 2607 3781 iudicium
2655 3737 2793 3780 rem
2842 3717 2951 3782 de-

561 3823 772 3900 ducit,
835 3824 1267 3887 conventionis
1327 3821 1625 3886 libellum
1689 3825 1799 3908 qui
1864 3826 2259 3887 transmittat
2331 3822 2691 3887 adversario
2708 3869 2723 3897 ,
2800 3821 2949 3887 lieet

553 3928 919 4010 genev-obiter
982 3928 1215 3992 nultius
1282 3951 1495 3992 causae
1561 3931 1909 3992 mentionem
1978 3931 2275 3992 habentem
2349 3935 2429 4008 (c.
2480 3927 2521 3992 3
2588 3926 2659 3994 C.
2712 3925 2772 3993 7.
2801 3925 2945 4009 40).

627 4155 676 4216 l)
725 4153 881 4204 ..sede
922 4157 1290 4218 aujjqesundene
1332 4155 1680 4218 Inter-,volation-
1722 4159 1859 4206 stelle
1905 4172 1994 4205 w
2024 4171 2107 4205 vor
2141 4157 2221 4205 die
2254 4159 2409 4220 Fraqe
2440 4157 2561 4205 nach
2597 4157 2701 4205 dem
2742 4157 2946 4207 Varum

559 4240 658 4287 aad
709 4239 894 4295 Woher,
928 4235 1046 4286 ‘und
1084 4243 1182 4286 ent
1227 4255 1356 4287 menn
1399 4239 1524 4288 diese
1573 4243 1719 4302 Fraqe
1762 4239 2075 4288 beaaetaoortet
2122 4239 2212 4296 ist,
2248 4238 2425 4300 sitalem
2458 4239 2545 4288 uvir
2574 4240 2663 4288 dae
2695 4238 2953 4302 Eryohniu

548 4317 834 4384 quietare&
873 4319 1121 4380 (Zeitsehr.
1154 4321 1242 4368 der
1275 4321 1480 4370 San-St.
1523 4321 1587 4369 lx
1626 4337 1668 4384 p.
1711 4321 1840 4379 182).

621 4403 672 4464 2)
710 4403 766 4452 111
801 4416 904 4450 eam
937 4401 1220 4450 sententiam
1253 4406 1301 4450 et
1339 4417 1394 4452 ex
1428 4401 1671 4450 contraria
1700 4406 1835 4467 parte
1872 4417 1991 4466 (11166
2029 4403 2204 4453 adferri
2236 4403 2391 4453 solent
2422 4405 2706 4467 6136111661·
2732 4403 2953 4456 examini

557 4484 736 4534 subieci
767 4501 867 4550 cap.
907 4484 962 4534 V.
