3192 5009
1265 363 1781 414 rnormusrus.
2580 345 2710 414 325

327 536 590 619 nuptias
650 541 762 598 aut
824 532 1002 598 aliud
1062 531 1230 618 quod
1291 534 1661 597 convivium
1722 531 2005 597 facturus
2067 553 2217 598 vasa
2276 539 2577 620 argentea
2632 533 2708 597 ab

327 643 540 705 amico
606 639 843 705 utenda
911 641 1145 716 sumit,
1219 659 1291 704 ea
1310 687 1327 717 ,
1401 657 1560 724 quae
1626 641 1867 703 amicus
1931 638 2143 716 offert,
2210 643 2582 724 aspernatur
2646 646 2711 705 et

327 749 545 811 reiicit
605 749 798 811 nimis
860 744 1073 810 futilia
1135 745 1346 810 dicens
1364 794 1380 822 ,
1431 752 1495 810 et
1541 744 1772 823 simul,
1820 747 2287 830 permutatione
2334 745 2531 823 facta,
2582 745 2710 811 alia

327 851 460 916 sibi
519 850 783 916 sumit”.
846 851 978 916 Nec
1037 850 1286 916 coelum
1307 899 1322 928 ,
1371 872 1485 916 nec
1531 857 1768 915 terram
1812 850 1966 917 haec
2013 857 2322 937 tangunt,
2373 857 2447 915 ut
2492 854 2675 915 aiunt
2691 871 2707 930 3

327 955 446 1022 sed
504 977 617 1022 cur
674 963 811 1020 tam
871 955 1316 1041 improbabilia
1377 965 1777 1021 commentus
1840 953 1978 1020 est?
2028 954 2170 1041 Ipse
2215 957 2415 1022 dicet:
2469 955 2711 1042 „vulgo

325 1083 632 1127 nummos
675 1061 1050 1149 intelligunt
1067 1111 1082 1138 ,
1130 1062 1581 1147 hominemque
1628 1067 1859 1146 putant
1904 1083 2203 1127 nummos
2252 1069 2473 1128 tenues
2517 1065 2715 1128 iusto-

325 1189 458 1254 que
514 1167 786 1233 leviores
847 1168 1209 1254 reprobasse
1271 1174 1336 1233 et
1396 1167 1748 1253 postulasse
1770 1216 1785 1244 ,
1842 1175 1911 1232 ut
1960 1167 2101 1232 aliis
2147 1175 2707 1253 permutarentur3

325 1274 445 1339 sed
504 1295 616 1340 nec
679 1278 902 1350 λυπρὸν
961 1273 1104 1340 leve
1153 1273 1506 1360 significat,
1555 1295 1669 1340 nec
1716 1276 2140 1338 ἀλλάττεσθαι
2189 1274 2547 1360 postulare,
2596 1295 2711 1340 nec

327 1382 596 1445 omnino
657 1383 917 1457 rustici,
982 1380 1090 1446 sed
1155 1382 1432 1446 accurati
1492 1380 1771 1445 hominis
1836 1386 1933 1444 est
1994 1379 2207 1445 videre
2226 1427 2241 1457 ,
2289 1386 2398 1457 ut,
2448 1383 2502 1444 si
2550 1401 2711 1466 quae

323 1489 602 1570 pecunia
647 1487 769 1551 sibi
814 1487 1135 1563 debeatur,
1185 1491 1354 1552 recta
1400 1492 1464 1550 et
1508 1486 1707 1570 proba
1754 1485 2118 1550 reddatur.”
2184 1483 2519 1552 Consensit
2564 1485 2711 1552 Rib-

325 1593 629 1669 beckius‚
701 1595 812 1678 qui
882 1591 1206 1658 contendit
1272 1613 1399 1656 non
1467 1595 1784 1656 rusticum
1840 1594 2047 1655 notari
2110 1591 2219 1656 sed
2299 1595 2711 1672 μεμψίμοιρον

321 1697 711 1784 laudataque
770 1698 964 1762 verba
1010 1697 1269 1782 proinde
1315 1697 1717 1762 tranferendo.
1760 1717 1895 1762 esse
1932 1699 1998 1760 in
2037 1717 2171 1781 cap.
2218 1693 2321 1762 17.
2392 1696 2709 1782 Equidem

327 1803 414 1868 ad
474 1805 734 1869 Aetium
793 1823 1110 1870 recurrere
1157 1801 1328 1868 malo
1347 1850 1364 1880 ‚
1413 1805 1559 1887 qui,
1610 1805 1865 1867 etiamsi
1910 1823 2137 1868 verum
2184 1824 2311 1868 non
2357 1805 2673 1868 invenerit
2692 1852 2709 1882 ‚

325 1910 452 1975 hoc
513 1915 728 1975 tamen
775 1917 942 1975 recte
988 1909 1382 1974 observavit:
1435 1908 1755 1994 „Egregie
1802 1911 2079 1973 rusticus
2128 1911 2510 1993 exprimitur
2554 1909 2711 1974 diffi-

328 2014 486 2080 dens
545 2023 610 2081 et
672 2015 958 2081 fraudem
1021 2014 1300 2100 undique
1364 2013 1798 2099 suspectans”.
1848 2013 1941 2080 De
1990 2014 2336 2079 diffidentia
2382 2017 2709 2092 assentior,

327 2119 441 2185 ssd
508 2120 664 2186 dum
731 2125 867 2207 ipse
928 2121 1263 2199 ἀργυρίδιον
1321 2119 1486 2184 illud
1546 2126 1769 2198 λυπρὸν
1832 2122 2078 2205 quaerit
2122 2122 2708 2198 ἀπαλλάττεσθαι,

329 2247 446 2291 cur
489 2226 600 2292 alii
643 2229 814 2292 cives
859 2229 1074 2291 minus
1121 2228 1474 2312 suspicaces
1519 2229 1580 2290 ei
1627 2245 1875 2290 morem
1918 2231 2155 2312 gerunt
2192 2237 2257 2291 et
2294 2226 2487 2291 bonos
2526 2248 2711 2290 num-

283 2419 292 2426 ·
327 2353 472 2397 mos
518 2338 883 2418 permutant
911 2331 1070 2397 aliis
1117 2328 1593 2396 vitiosioribus?
1641 2329 1890 2396 Rustici
1936 2340 2000 2396 et
2048 2331 2274 2396 urbani
2318 2331 2709 2397 adulterinos

327 2460 632 2504 nummos
692 2442 928 2525 pariter
989 2438 1273 2504 oderunt.
1337 2436 1510 2503 Mihi
1571 2436 1785 2504 crede:
1848 2436 1915 2503 id
1976 2438 2146 2524 quod
2208 2450 2306 2503 est
2367 2440 2593 2519 λυπρὸν
2640 2441 2707 2503 in

327 2545 560 2610 mendo
622 2547 843 2610 cubat:
907 2547 1151 2630 accepit
1203 2547 1479 2608 rusticus
1523 2543 1862 2622 ἀργυρίδιον
1911 2564 2035 2607 11011
2083 2545 2309 2621 λυπρὸν
2358 2544 2467 2609 sed
2514 2560 2713 2619 λαμ-

331 2677 378 2715 π
399 2679 428 2731 ρ
446 2655 473 2717 ὸ
491 2675 556 2716 ν·
603 2654 737 2738 ipse
787 2649 1049 2729 diffidit,
1098 2671 1248 2715 nam
1292 2652 1601 2714 inusitata
1648 2652 1887 2734 species
1936 2648 2085 2715 ferit
2132 2652 2423 2714 animum
2470 2657 2535 2714 et
2581 2671 2710 2716 me-

329 2761 460 2822 tuit
529 2779 608 2822 ne
676 2778 982 2822 nummus
1042 2755 1450 2821 adulterinus
1499 2757 1618 2832 sit;
1681 2758 1927 2821 amicus
1994 2762 2213 2821 autem
2284 2755 2707 2822 libentissime

332 2864 868 2929 ἀνταλλάττεται.
932 2860 1234 2929 Ceterum
1284 2860 1462 2926 locus
1510 2858 1680 2946 apud
1724 2861 2216 2947 Aristophanem
2258 2864 2327 2926 in
2373 2861 2567 2928 Ranis
2613 2884 2707 2927 vs.

335 2967 465 3035 718
523 2972 729 3055 specie
791 2971 1118 3046 convenit,
1165 2987 1382 3052 reapse
1429 2974 1647 3033 tamen
1692 2967 2025 3052 discrepat.
2075 2964 2310 3035 Contra
2358 2968 2385 3031 ὃ
2435 2978 2715 3049 μικροφι-

331 3075 581 3152 λότιμος
628 3075 843 3141 studet
891 3074 1146 3140 reddere
1192 3074 1474 3151 ἀργύριον
1523 3073 1743 3152 καινόν,
1794 3095 1847 3138 c.
1897 3073 2006 3138 21.

423 3179 574 3266 Cap.
627 3181 687 3247 5.
739 3180 1079 3259 ἀρεσκείας.

421 3289 506 3353 τὰ.
548 3286 609 3352 δὲ
637 3288 910 3368 (παιδία)
947 3287 1045 3351 ἐπὶ
1089 3293 1196 3360 τῆς
1224 3286 1452 3362 yae-abc
1481 3287 1586 3350 ε’ἆν
1613 3286 1918 3350 καθεύδειν
1968 3283 2143 3362 ἅμα
2194 3286 2707 3365 θλιβόμενος.

329 3391 536 3474 Quam
574 3395 692 3460 hoc
728 3393 995 3481 languet
1031 3391 1172 3467 ἅμα
1200 3389 1592 3469 θλιβόμενοςῐ
1624 3389 1969 3460 Commode
1994 3391 2267 3457 Achillis
2290 3400 2354 3458 et
2376 3393 2710 3460 Phoenicis

327 3502 492 3565 mihi
551 3503 728 3566 venit
788 3503 857 3565 in
918 3502 1202 3565 mentem
1249 3506 1314 3564 et
1360 3499 1669 3564 rescribo:
1721 3496 2487 3577 καταβλυζόμενος.
2553 3498 2713 3565 'Pam

329 3607 404 3672 fit
440 3610 576 3673 eius
616 3609 814 3673 vest-is
851 3607 1176 3672 maculosa
1214 3626 1407 3692 quam
1449 3613 1545 3670 est
1585 3607 1853 3670 nutricis
1888 3603 2163 3690 pallium
2187 3605 2358 3690 apud
2380 3603 2712 3672 Plautum.

420 3712 578 3779 Ibid.
650 3714 754 3778 καὶ
822 3713 1149 3794 ἀγοράζειν
1212 3712 1376 3792 αὐτῷ
1439 3713 1552 3788 μὲν
1618 3713 1826 3790 μηδὲν,
1892 3709 2079 3788 ξένοις
2145 3711 2207 3774 δὲ
2263 3713 2321 3781 ἐς
2390 3711 2714 3792 Βυζάντιον

329 3819 743 3897 ἔπιςάλμοιτοι
808 3820 912 3884 καὶ
977 3819 1344 3890 Λακωνικὰς
1410 3818 1594 3888 κύνας
1648 3819 1732 3886 εἰς
1784 3816 2057 3897 Κύζικον.
2107 3815 2245 3881 Viri
2292 3815 2463 3882 docti
2509 3819 2703 3882 variis

326 3925 534 3991 modis
600 3931 930 3990 tentarunt
985 3924 1149 3990 illud
1212 3924 1630 3998 ἔνι-ιςάλματα
1650 3973 1666 4001 ,
1739 3922 1847 3988 sed
1906 3925 2159 3988 etiamsi
2222 3925 2357 3988 sine
2419 3921 2713 4009 exemplo

324 4034 420 4097 ita
478 4032 840 4097 adhibitum
899 4031 1214 4108 videatur,
1262 4029 1558 4115 equidem
1608 4036 1819 4094 tamen
1870 4049 1994 4093 non
2046 4027 2402 4093 sollicitabo
2450 4035 2515 4093 et
2560 4049 2710 4094 cum

325 4141 508 4204 Astio
569 4160 668 4204 res
730 4159 842 4223 per
899 4137 1118 4202 literas
1179 4135 1510 4202 mandatas
1557 4136 1940 4223 intelligam.
1990 4135 2247 4200 Excidit
2278 4138 2510 4216 ‘autem
2558 4135 2709 4219 quid

324 4245 516 4309 homo
563 4245 974 4329 obsequiosus
1021 4243 1410 4329 Byzantium
1455 4245 1738 4320 miserit3
1780 4243 1983 4306 vinwm
2020 4241 2213 4306 fuisse
2252 4237 2709 4306 Demosthenes

323 4350 573 4416 docebit
631 4371 684 4416 c.
732 4349 1061 4416 Lacritum
1122 4347 1319 4434 §36:
1385 4349 1469 4420 εἷς
1533 4348 1636 4413 τὸν
1703 4350 1927 4414 Πόντον
1993 4345 2021 4411 ὃ
2068 4343 2213 4418 οἶνος
2262 4345 2593 4424 εἰσάγεται
2642 4347 2710 4411 ἐκ

323 4463 444 4524 τῶν
489 4457 687 4522 τόπων
734 4463 848 4522 τῶν
899 4457 1032 4538 περὶ
1084 4458 1272 4534 ἡμᾶς.
