<?xml version="1.0" encoding="UTF-8"?>
<!DOCTYPE html PUBLIC "-//W3C//DTD XHTML 1.0 Transitional//EN"
    "http://www.w3.org/TR/xhtml1/DTD/xhtml1-transitional.dtd">
<html xmlns="http://www.w3.org/1999/xhtml" xml:lang="en" lang="en">
 <head>
  <title>
</title>
<meta http-equiv="Content-Type" content="text/html;charset=utf-8" />
  <meta name='ocr-system' content='tesseract 3.04.00' />
  <meta name='ocr-capabilities' content='ocr_page ocr_carea ocr_par ocr_line ocrx_word'/>
</head>
<body>
  <div class='ocr_page' id='page_1' title='image "./mnemosyne07servgoog_0513.png"; bbox 0 0 3192 5009; ppageno 0'>
   <div class='ocr_carea' id='block_1_1' title="bbox 769 656 2235 743">
    <p class='ocr_par' dir='ltr' id='par_1_1' title="bbox 769 656 2235 743">
     <span class='ocr_line' id='line_1_1' title="bbox 769 656 2235 743; baseline -0.001 -5"><span class='ocrx_word' id='word_1_1' title='bbox 769 656 1368 743; x_wconf 84' lang='grc' dir='ltr'>ΗΡΩΙΔΟΤ</span> <span class='ocrx_word' id='word_1_2' title='bbox 1448 656 2235 741; x_wconf 89' lang='grc' dir='ltr'><strong>ΜΙΜΙΑΜΒΟΙ</strong></span> 
     </span>
    </p>
   </div>
   <div class='ocr_carea' id='block_1_2' title="bbox 1407 858 1595 899">
    <p class='ocr_par' dir='ltr' id='par_1_2' title="bbox 1407 858 1595 899">
     <span class='ocr_line' id='line_1_2' title="bbox 1407 858 1595 899; baseline 0 0"><span class='ocrx_word' id='word_1_3' title='bbox 1407 858 1595 899; x_wconf 67' lang='lat' dir='ltr'><strong>anum·</strong></span> 
     </span>
    </p>
   </div>
   <div class='ocr_carea' id='block_1_3' title="bbox 1037 1018 1964 1094">
    <p class='ocr_par' dir='ltr' id='par_1_3' title="bbox 1037 1018 1964 1094">
     <span class='ocr_line' id='line_1_3' title="bbox 1037 1018 1964 1094; baseline -0.001 -1"><span class='ocrx_word' id='word_1_4' title='bbox 1037 1027 1122 1094; x_wconf 91' lang='lat' dir='ltr'><strong>H.</strong></span> <span class='ocrx_word' id='word_1_5' title='bbox 1171 1028 1346 1094; x_wconf 86' lang='lat' dir='ltr'><strong>VAN</strong></span> <span class='ocrx_word' id='word_1_6' title='bbox 1390 1018 1964 1094; x_wconf 74' lang='lat' dir='ltr'>HERWERDEN.</span> 
     </span>
    </p>
   </div>
   <div class='ocr_carea' id='block_1_4' title="bbox 1315 1283 1689 1329">
    <p class='ocr_par' dir='ltr' id='par_1_4' title="bbox 1315 1283 1689 1329">
     <span class='ocr_line' id='line_1_4' title="bbox 1315 1283 1689 1329; baseline 0.008 -17"><span class='ocrx_word' id='word_1_7' title='bbox 1315 1283 1689 1329; x_wconf 51' lang='grc' dir='ltr'><strong>ψ-</strong></span> 
     </span>
    </p>
   </div>
   <div class='ocr_carea' id='block_1_5' title="bbox 1257 1516 1745 1564">
    <p class='ocr_par' dir='ltr' id='par_1_5' title="bbox 1257 1516 1745 1564">
     <span class='ocr_line' id='line_1_5' title="bbox 1257 1516 1745 1564; baseline 0 -1"><span class='ocrx_word' id='word_1_8' title='bbox 1257 1516 1745 1564; x_wconf 68' lang='lat' dir='ltr'>PRAEFATIO.</span> 
     </span>
    </p>
   </div>
   <div class='ocr_carea' id='block_1_6' title="bbox 304 1678 2697 4210">
    <p class='ocr_par' dir='ltr' id='par_1_6' title="bbox 304 1678 2697 4210">
     <span class='ocr_line' id='line_1_6' title="bbox 397 1678 2689 1767; baseline -0.003 -18"><span class='ocrx_word' id='word_1_9' title='bbox 397 1683 662 1749; x_wconf 86' lang='lat' dir='ltr'><strong>Adfecta</strong></span> <span class='ocrx_word' id='word_1_10' title='bbox 706 1685 838 1747; x_wconf 85' lang='lat' dir='ltr'><strong>iam</strong></span> <span class='ocrx_word' id='word_1_11' title='bbox 883 1702 1080 1767; x_wconf 88' lang='lat' dir='ltr'><strong>prope</strong></span> <span class='ocrx_word' id='word_1_12' title='bbox 1127 1685 1364 1745; x_wconf 76' lang='lat' dir='ltr'><strong>aestate</strong></span> <span class='ocrx_word' id='word_1_13' title='bbox 1405 1682 1554 1745; x_wconf 92' lang='lat' dir='ltr'><strong>anni</strong></span> <span class='ocrx_word' id='word_1_14' title='bbox 1608 1678 1777 1745; x_wconf 88' lang='grc'>1891</span> <span class='ocrx_word' id='word_1_15' title='bbox 1828 1678 1900 1745; x_wconf 77' lang='lat' dir='ltr'><strong>F.</strong></span> <span class='ocrx_word' id='word_1_16' title='bbox 1951 1678 2031 1747; x_wconf 83' lang='lat' dir='ltr'><strong>G.</strong></span> <span class='ocrx_word' id='word_1_17' title='bbox 2078 1679 2355 1767; x_wconf 85' lang='lat' dir='ltr'><strong>Kenyon</strong></span> <span class='ocrx_word' id='word_1_18' title='bbox 2398 1681 2469 1743; x_wconf 93' lang='lat' dir='ltr'><strong>in</strong></span> <span class='ocrx_word' id='word_1_19' title='bbox 2505 1698 2689 1762; x_wconf 91' lang='lat' dir='ltr'><strong>opere</strong></span> 
     </span>
     <span class='ocr_line' id='line_1_7' title="bbox 315 1785 2687 1874; baseline -0.003 -19"><span class='ocrx_word' id='word_1_20' title='bbox 315 1788 610 1855; x_wconf 70' lang='lat' dir='ltr'><em>Classical</em></span> <span class='ocrx_word' id='word_1_21' title='bbox 652 1796 805 1853; x_wconf 68' lang='lat' dir='ltr'><strong>texts</strong></span> <span class='ocrx_word' id='word_1_22' title='bbox 833 1789 1014 1874; x_wconf 83' lang='lat' dir='ltr'><strong>from</strong></span> <span class='ocrx_word' id='word_1_23' title='bbox 1061 1788 1159 1850; x_wconf 71' lang='lat' dir='ltr'><strong>che</strong></span> <span class='ocrx_word' id='word_1_24' title='bbox 1206 1785 1448 1849; x_wconf 70' lang='lat' dir='ltr'><strong>British</strong></span> <span class='ocrx_word' id='word_1_25' title='bbox 1495 1786 1771 1849; x_wconf 68' lang='lat' dir='ltr'><strong>Muscam</strong></span> <span class='ocrx_word' id='word_1_26' title='bbox 1829 1786 2131 1852; x_wconf 75' lang='lat' dir='ltr'><strong>Londinii</strong></span> <span class='ocrx_word' id='word_1_27' title='bbox 2175 1786 2329 1851; x_wconf 84' lang='lat' dir='ltr'><strong>haec</strong></span> <span class='ocrx_word' id='word_1_28' title='bbox 2371 1786 2653 1849; x_wconf 77' lang='lat' dir='ltr'><strong>carmina</strong></span> <span class='ocrx_word' id='word_1_29' title='bbox 2670 1832 2687 1861; x_wconf 93' lang='lat'>‚</span> 
     </span>
     <span class='ocr_line' id='line_1_8' title="bbox 305 1888 2685 1982; baseline -0.003 -21"><span class='ocrx_word' id='word_1_30' title='bbox 305 1916 468 1982; x_wconf 89' lang='lat' dir='ltr'><strong>quae</strong></span> <span class='ocrx_word' id='word_1_31' title='bbox 504 1894 795 1961; x_wconf 86' lang='lat' dir='ltr'><strong>Herodae</strong></span> <span class='ocrx_word' id='word_1_32' title='bbox 833 1893 1249 1959; x_wconf 76' lang='lat' dir='ltr'><strong>mimiambos</strong></span> <span class='ocrx_word' id='word_1_33' title='bbox 1291 1912 1424 1958; x_wconf 87' lang='lat' dir='ltr'><strong>esse</strong></span> <span class='ocrx_word' id='word_1_34' title='bbox 1447 1912 1649 1977; x_wconf 91' lang='lat' dir='ltr'><strong>pauca</strong></span> <span class='ocrx_word' id='word_1_35' title='bbox 1672 1892 2033 1978; x_wconf 83' lang='lat' dir='ltr'><strong>fragmenta</strong></span> <span class='ocrx_word' id='word_1_36' title='bbox 2057 1891 2321 1957; x_wconf 88' lang='lat' dir='ltr'><strong>collecta</strong></span> <span class='ocrx_word' id='word_1_37' title='bbox 2344 1912 2381 1956; x_wconf 92' lang='lat' dir='ltr'><strong>a</strong></span> <span class='ocrx_word' id='word_1_38' title='bbox 2402 1888 2685 1977; x_wconf 84' lang='lat' dir='ltr'><strong>Bergkio</strong></span> 
     </span>
     <span class='ocr_line' id='line_1_9' title="bbox 304 1995 2688 2087; baseline -0.003 -20"><span class='ocrx_word' id='word_1_39' title='bbox 304 2006 374 2067; x_wconf 91' lang='lat' dir='ltr'><strong>in</strong></span> <span class='ocrx_word' id='word_1_40' title='bbox 425 2002 627 2085; x_wconf 69' lang='lat' dir='ltr'><strong>poetis</strong></span> <span class='ocrx_word' id='word_1_41' title='bbox 689 2000 930 2085; x_wconf 54' lang='lat' dir='ltr'><strong>Isyricis</strong></span> <span class='ocrx_word' id='word_1_42' title='bbox 992 1998 1262 2078; x_wconf 89' lang='lat' dir='ltr'>(1V=I</span> <span class='ocrx_word' id='word_1_43' title='bbox 1313 1998 1394 2063; x_wconf 87' lang='lat'><strong>15</strong></span> <span class='ocrx_word' id='word_1_44' title='bbox 1428 2020 1543 2083; x_wconf 69' lang='lat' dir='ltr'><strong>sq„</strong></span> <span class='ocrx_word' id='word_1_45' title='bbox 1609 1997 1853 2063; x_wconf 85' lang='lat' dir='ltr'><strong>V1=1</strong></span> <span class='ocrx_word' id='word_1_46' title='bbox 1904 1996 1988 2065; x_wconf 91' lang='grc'><strong>67</strong></span> <span class='ocrx_word' id='word_1_47' title='bbox 2016 2020 2131 2084; x_wconf 69' lang='lat' dir='ltr'><strong>sq„</strong></span> <span class='ocrx_word' id='word_1_48' title='bbox 2198 1996 2533 2087; x_wconf 71' lang='lat' dir='ltr'><strong>VIII==V</strong></span> <span class='ocrx_word' id='word_1_49' title='bbox 2580 1995 2688 2075; x_wconf 89' lang='grc'><strong>32,</strong></span> 
     </span>
     <span class='ocr_line' id='line_1_10' title="bbox 304 2102 2693 2192; baseline -0.003 -18"><span class='ocrx_word' id='word_1_50' title='bbox 304 2107 372 2174; x_wconf 95' lang='lat' dir='ltr'><strong>II</strong></span> <span class='ocrx_word' id='word_1_51' title='bbox 394 2146 474 2172; x_wconf 89' lang='lat'><strong>=.</strong></span> <span class='ocrx_word' id='word_1_52' title='bbox 496 2106 584 2173; x_wconf 89' lang='lat' dir='ltr'><strong>VI</strong></span> <span class='ocrx_word' id='word_1_53' title='bbox 631 2104 924 2187; x_wconf 80' lang='grc'><strong>37-39)</strong></span> <span class='ocrx_word' id='word_1_54' title='bbox 974 2106 1352 2183; x_wconf 77' lang='lat' dir='ltr'><strong>docuerant,</strong></span> <span class='ocrx_word' id='word_1_55' title='bbox 1403 2107 1652 2192; x_wconf 88' lang='lat' dir='ltr'><strong>primus</strong></span> <span class='ocrx_word' id='word_1_56' title='bbox 1700 2105 1899 2170; x_wconf 80' lang='lat' dir='ltr'><strong>edidit</strong></span> <span class='ocrx_word' id='word_1_57' title='bbox 1944 2125 1979 2170; x_wconf 92' lang='lat' dir='ltr'><strong>e</strong></span> <span class='ocrx_word' id='word_1_58' title='bbox 2018 2125 2264 2191; x_wconf 82' lang='lat' dir='ltr'>papyro</span> <span class='ocrx_word' id='word_1_59' title='bbox 2303 2103 2518 2170; x_wconf 90' lang='lat' dir='ltr'><strong>Musei</strong></span> <span class='ocrx_word' id='word_1_60' title='bbox 2556 2102 2693 2168; x_wconf 88' lang='lat' dir='ltr'><strong>Bri-</strong></span> 
     </span>
     <span class='ocr_line' id='line_1_11' title="bbox 307 2210 2695 2299; baseline -0.002 -19"><span class='ocrx_word' id='word_1_61' title='bbox 307 2217 546 2297; x_wconf 85' lang='lat' dir='ltr'><strong>tannici</strong></span> <span class='ocrx_word' id='word_1_62' title='bbox 592 2211 916 2291; x_wconf 82' lang='lat' dir='ltr'><strong>CXXXV,</strong></span> <span class='ocrx_word' id='word_1_63' title='bbox 967 2234 1161 2299; x_wconf 92' lang='lat' dir='ltr'><strong>quem</strong></span> <span class='ocrx_word' id='word_1_64' title='bbox 1205 2233 1529 2299; x_wconf 83' lang='lat' dir='ltr'><strong>papyrum</strong></span> <span class='ocrx_word' id='word_1_65' title='bbox 1572 2214 1951 2297; x_wconf 81' lang='lat' dir='ltr'><strong>priusquam</strong></span> <span class='ocrx_word' id='word_1_66' title='bbox 1996 2214 2065 2275; x_wconf 94' lang='lat' dir='ltr'><strong>in</strong></span> <span class='ocrx_word' id='word_1_67' title='bbox 2114 2213 2383 2298; x_wconf 88' lang='lat' dir='ltr'><strong>paginas</strong></span> <span class='ocrx_word' id='word_1_68' title='bbox 2430 2210 2695 2276; x_wconf 86' lang='lat' dir='ltr'><strong>disseca-</strong></span> 
     </span>
     <span class='ocr_line' id='line_1_12' title="bbox 306 2316 2692 2405; baseline -0.002 -19"><span class='ocrx_word' id='word_1_69' title='bbox 306 2326 487 2387; x_wconf 90' lang='lat' dir='ltr'><strong>retur</strong></span> <span class='ocrx_word' id='word_1_70' title='bbox 553 2320 859 2386; x_wconf 84' lang='lat' dir='ltr'><strong>volumen</strong></span> <span class='ocrx_word' id='word_1_71' title='bbox 929 2319 1201 2405; x_wconf 90' lang='lat' dir='ltr'><strong>longum</strong></span> <span class='ocrx_word' id='word_1_72' title='bbox 1268 2318 1348 2383; x_wconf 88' lang='lat'><strong>14</strong></span> <span class='ocrx_word' id='word_1_73' title='bbox 1409 2317 1601 2404; x_wconf 91' lang='lat' dir='ltr'><strong>pedes</strong></span> <span class='ocrx_word' id='word_1_74' title='bbox 1668 2322 1733 2383; x_wconf 89' lang='lat' dir='ltr'><strong>et</strong></span> <span class='ocrx_word' id='word_1_75' title='bbox 1796 2317 1835 2383; x_wconf 89' lang='lat'>6</span> <span class='ocrx_word' id='word_1_76' title='bbox 1900 2318 2142 2405; x_wconf 77' lang='lat' dir='ltr'><strong>digitos</strong></span> <span class='ocrx_word' id='word_1_77' title='bbox 2187 2316 2436 2404; x_wconf 86' lang='lat' dir='ltr'><strong>(Angl.)</strong></span> <span class='ocrx_word' id='word_1_78' title='bbox 2481 2316 2692 2383; x_wconf 84' lang='lat' dir='ltr'><strong>latum</strong></span> 
     </span>
     <span class='ocr_line' id='line_1_13' title="bbox 306 2423 2691 2515; baseline -0.002 -23"><span class='ocrx_word' id='word_1_79' title='bbox 306 2428 544 2515; x_wconf 77' lang='lat' dir='ltr'><strong>digitos</strong></span> <span class='ocrx_word' id='word_1_80' title='bbox 607 2425 648 2492; x_wconf 89' lang='lat'>6</span> <span class='ocrx_word' id='word_1_81' title='bbox 709 2426 906 2491; x_wconf 85' lang='lat' dir='ltr'><strong>fuisse</strong></span> <span class='ocrx_word' id='word_1_82' title='bbox 963 2425 1136 2490; x_wconf 88' lang='lat' dir='ltr'><strong>dicit.</strong></span> <span class='ocrx_word' id='word_1_83' title='bbox 1186 2424 1548 2491; x_wconf 86' lang='lat' dir='ltr'><strong>Voluminis</strong></span> <span class='ocrx_word' id='word_1_84' title='bbox 1597 2426 1862 2489; x_wconf 88' lang='lat' dir='ltr'><strong>initium</strong></span> <span class='ocrx_word' id='word_1_85' title='bbox 1910 2429 2242 2490; x_wconf 85' lang='lat' dir='ltr'><strong>servatum</strong></span> <span class='ocrx_word' id='word_1_86' title='bbox 2289 2423 2397 2489; x_wconf 93' lang='lat' dir='ltr'><strong>sed</strong></span> <span class='ocrx_word' id='word_1_87' title='bbox 2442 2428 2691 2510; x_wconf 90' lang='lat' dir='ltr'><strong>partem</strong></span> 
     </span>
     <span class='ocr_line' id='line_1_14' title="bbox 305 2530 2691 2616; baseline -0.001 -18"><span class='ocrx_word' id='word_1_88' title='bbox 305 2532 608 2599; x_wconf 81' lang='lat' dir='ltr'><strong>ultimam</strong></span> <span class='ocrx_word' id='word_1_89' title='bbox 670 2536 1030 2597; x_wconf 83' lang='lat' dir='ltr'><strong>truncatam</strong></span> <span class='ocrx_word' id='word_1_90' title='bbox 1093 2552 1228 2597; x_wconf 90' lang='lat' dir='ltr'><strong>esse</strong></span> <span class='ocrx_word' id='word_1_91' title='bbox 1245 2580 1262 2609; x_wconf 93' lang='lat'>‚</span> <span class='ocrx_word' id='word_1_92' title='bbox 1329 2530 1578 2596; x_wconf 86' lang='lat' dir='ltr'><strong>finitam</strong></span> <span class='ocrx_word' id='word_1_93' title='bbox 1640 2530 1830 2596; x_wconf 92' lang='lat' dir='ltr'><strong>hodie</strong></span> <span class='ocrx_word' id='word_1_94' title='bbox 1876 2532 2084 2596; x_wconf 88' lang='lat' dir='ltr'><strong>tribus</strong></span> <span class='ocrx_word' id='word_1_95' title='bbox 2126 2534 2356 2616; x_wconf 87' lang='lat' dir='ltr'><strong>primis</strong></span> <span class='ocrx_word' id='word_1_96' title='bbox 2401 2531 2691 2595; x_wconf 85' lang='lat' dir='ltr'><strong>versibus</strong></span> 
     </span>
     <span class='ocr_line' id='line_1_15' title="bbox 307 2636 2694 2723; baseline -0.001 -19"><span class='ocrx_word' id='word_1_97' title='bbox 307 2641 497 2704; x_wconf 88' lang='lat' dir='ltr'><strong>mimi</strong></span> <span class='ocrx_word' id='word_1_98' title='bbox 556 2641 766 2705; x_wconf 83' lang='lat' dir='ltr'><strong>octavi</strong></span> <span class='ocrx_word' id='word_1_99' title='bbox 785 2687 800 2715; x_wconf 91' lang='lat'><strong>,</strong></span> <span class='ocrx_word' id='word_1_100' title='bbox 863 2637 1040 2703; x_wconf 91' lang='lat' dir='ltr'><strong>idem</strong></span> <span class='ocrx_word' id='word_1_101' title='bbox 1109 2644 1327 2703; x_wconf 80' lang='lat' dir='ltr'><strong>auctor</strong></span> <span class='ocrx_word' id='word_1_102' title='bbox 1395 2643 1492 2701; x_wconf 88' lang='lat' dir='ltr'><strong>est</strong></span> <span class='ocrx_word' id='word_1_103' title='bbox 1509 2685 1526 2715; x_wconf 91' lang='lat'><strong>,</strong></span> <span class='ocrx_word' id='word_1_104' title='bbox 1588 2658 1704 2702; x_wconf 90' lang='lat' dir='ltr'><strong>nec</strong></span> <span class='ocrx_word' id='word_1_105' title='bbox 1764 2642 2076 2723; x_wconf 88' lang='lat' dir='ltr'><strong>quantum</strong></span> <span class='ocrx_word' id='word_1_106' title='bbox 2136 2640 2399 2723; x_wconf 89' lang='lat' dir='ltr'><strong>perierit</strong></span> <span class='ocrx_word' id='word_1_107' title='bbox 2446 2636 2694 2702; x_wconf 89' lang='lat' dir='ltr'><strong>definiri</strong></span> 
     </span>
     <span class='ocr_line' id='line_1_16' title="bbox 304 2742 2689 2833; baseline -0.001 -21"><span class='ocrx_word' id='word_1_108' title='bbox 304 2766 488 2833; x_wconf 88' lang='lat' dir='ltr'><strong>posse</strong></span> <span class='ocrx_word' id='word_1_109' title='bbox 505 2794 522 2823; x_wconf 95' lang='lat'><strong>,</strong></span> <span class='ocrx_word' id='word_1_110' title='bbox 570 2746 771 2830; x_wconf 89' lang='lat' dir='ltr'><strong>partis</strong></span> <span class='ocrx_word' id='word_1_111' title='bbox 816 2748 1033 2809; x_wconf 89' lang='lat' dir='ltr'><strong>tamen</strong></span> <span class='ocrx_word' id='word_1_112' title='bbox 1081 2742 1363 2828; x_wconf 81' lang='lat' dir='ltr'><strong>perditae</strong></span> <span class='ocrx_word' id='word_1_113' title='bbox 1404 2764 1731 2827; x_wconf 84' lang='lat' dir='ltr'><strong>superesse</strong></span> <span class='ocrx_word' id='word_1_114' title='bbox 1771 2747 2007 2830; x_wconf 83' lang='lat' dir='ltr'><strong>exigua</strong></span> <span class='ocrx_word' id='word_1_115' title='bbox 2045 2744 2358 2829; x_wconf 85' lang='lat' dir='ltr'><strong>quaedam</strong></span> <span class='ocrx_word' id='word_1_116' title='bbox 2394 2742 2689 2820; x_wconf 88' lang='lat' dir='ltr'><strong>frustula,</strong></span> 
     </span>
     <span class='ocr_line' id='line_1_17' title="bbox 304 2848 2693 2937; baseline -0.001 -20"><span class='ocrx_word' id='word_1_117' title='bbox 304 2855 374 2917; x_wconf 94' lang='lat' dir='ltr'><strong>in</strong></span> <span class='ocrx_word' id='word_1_118' title='bbox 420 2852 695 2937; x_wconf 86' lang='lat' dir='ltr'><strong>quor‘um</strong></span> <span class='ocrx_word' id='word_1_119' title='bbox 733 2871 860 2915; x_wconf 92' lang='lat' dir='ltr'><strong>uno</strong></span> <span class='ocrx_word' id='word_1_120' title='bbox 899 2857 1114 2915; x_wconf 86' lang='lat' dir='ltr'><strong>extare</strong></span> <span class='ocrx_word' id='word_1_121' title='bbox 1153 2852 1306 2914; x_wconf 86' lang='lat' dir='ltr'><strong>novi</strong></span> <span class='ocrx_word' id='word_1_122' title='bbox 1344 2848 1619 2915; x_wconf 89' lang='lat' dir='ltr'><strong>alicuius</strong></span> <span class='ocrx_word' id='word_1_123' title='bbox 1658 2852 1849 2914; x_wconf 81' lang='lat' dir='ltr'><strong>mimi</strong></span> <span class='ocrx_word' id='word_1_124' title='bbox 1886 2850 2157 2915; x_wconf 89' lang='lat' dir='ltr'><strong>titulum</strong></span> <span class='ocrx_word' id='word_1_125' title='bbox 2176 2899 2193 2927; x_wconf 96' lang='lat'>‚</span> <span class='ocrx_word' id='word_1_126' title='bbox 2238 2852 2443 2934; x_wconf 70' lang='lat' dir='ltr'><strong>quem·</strong></span> <span class='ocrx_word' id='word_1_127' title='bbox 2469 2850 2693 2935; x_wconf 90' lang='lat' dir='ltr'><strong>quidni</strong></span> 
     </span>
     <span class='ocr_line' id='line_1_18' title="bbox 306 2954 2691 3040; baseline -0.001 -18"><span class='ocrx_word' id='word_1_128' title='bbox 306 2959 826 3023; x_wconf 87' lang='lat' dir='ltr'><strong>commemorarit</strong></span> <span class='ocrx_word' id='word_1_129' title='bbox 884 2978 1034 3021; x_wconf 90' lang='lat' dir='ltr'><strong>cum</strong></span> <span class='ocrx_word' id='word_1_130' title='bbox 1092 2955 1356 3040; x_wconf 90' lang='lat' dir='ltr'><strong>reliquis</strong></span> <span class='ocrx_word' id='word_1_131' title='bbox 1418 2954 1752 3033; x_wconf 79' lang='lat' dir='ltr'><strong>vocabulis</strong></span> <span class='ocrx_word' id='word_1_132' title='bbox 1814 2958 1883 3021; x_wconf 93' lang='lat' dir='ltr'><strong>in</strong></span> <span class='ocrx_word' id='word_1_133' title='bbox 1940 2954 2072 3021; x_wconf 88' lang='lat' dir='ltr'><strong>illis</strong></span> <span class='ocrx_word' id='word_1_134' title='bbox 2116 2956 2337 3022; x_wconf 88' lang='lat' dir='ltr'><strong>frustis</strong></span> <span class='ocrx_word' id='word_1_135' title='bbox 2384 2959 2657 3021; x_wconf 87' lang='lat' dir='ltr'><strong>exaratis</strong></span> <span class='ocrx_word' id='word_1_136' title='bbox 2673 3004 2691 3033; x_wconf 93' lang='lat'><strong>,</strong></span> 
     </span>
     <span class='ocr_line' id='line_1_19' title="bbox 307 3061 2693 3149; baseline -0.002 -20"><span class='ocrx_word' id='word_1_137' title='bbox 307 3083 565 3129; x_wconf 92' lang='lat' dir='ltr'><strong>monere</strong></span> <span class='ocrx_word' id='word_1_138' title='bbox 625 3062 930 3129; x_wconf 88' lang='lat' dir='ltr'><strong>lectorem</strong></span> <span class='ocrx_word' id='word_1_139' title='bbox 995 3061 1382 3149; x_wconf 85' lang='lat' dir='ltr'><strong>supersedet.</strong></span> <span class='ocrx_word' id='word_1_140' title='bbox 1433 3061 1588 3126; x_wconf 84' lang='lat' dir='ltr'><strong>Pars</strong></span> <span class='ocrx_word' id='word_1_141' title='bbox 1634 3067 1884 3128; x_wconf 84' lang='lat' dir='ltr'><strong>servata</strong></span> <span class='ocrx_word' id='word_1_142' title='bbox 1930 3063 2156 3129; x_wconf 91' lang='lat' dir='ltr'><strong>eodem</strong></span> <span class='ocrx_word' id='word_1_143' title='bbox 2203 3068 2366 3129; x_wconf 89' lang='lat' dir='ltr'><strong>teste</strong></span> <span class='ocrx_word' id='word_1_144' title='bbox 2410 3065 2693 3128; x_wconf 82' lang='lat' dir='ltr'><strong>continet</strong></span> 
     </span>
     <span class='ocr_line' id='line_1_20' title="bbox 308 3166 2687 3256; baseline -0.001 -21"><span class='ocrx_word' id='word_1_145' title='bbox 308 3170 393 3235; x_wconf 86' lang='lat'><strong>41</strong></span> <span class='ocrx_word' id='word_1_146' title='bbox 459 3168 784 3235; x_wconf 88' lang='lat' dir='ltr'><strong>columnas</strong></span> <span class='ocrx_word' id='word_1_147' title='bbox 805 3218 822 3247; x_wconf 89' lang='lat'><strong>,</strong></span> <span class='ocrx_word' id='word_1_148' title='bbox 895 3167 1313 3256; x_wconf 73' lang='lat' dir='ltr'><strong>singulaeque</strong></span> <span class='ocrx_word' id='word_1_149' title='bbox 1374 3168 1710 3234; x_wconf 80' lang='lat' dir='ltr'><strong>columnae</strong></span> <span class='ocrx_word' id='word_1_150' title='bbox 1777 3166 2042 3234; x_wconf 86' lang='lat'>15-19</span> <span class='ocrx_word' id='word_1_151' title='bbox 2109 3168 2513 3254; x_wconf 90' lang='lat' dir='ltr'><strong>(plerumque</strong></span> <span class='ocrx_word' id='word_1_152' title='bbox 2578 3167 2687 3250; x_wconf 90' lang='grc'><strong>18)</strong></span> 
     </span>
     <span class='ocr_line' id='line_1_21' title="bbox 306 3274 2691 3361; baseline 0 -22"><span class='ocrx_word' id='word_1_153' title='bbox 306 3296 530 3341; x_wconf 80' lang='lat' dir='ltr'><strong>versus</strong></span> <span class='ocrx_word' id='word_1_154' title='bbox 578 3314 654 3324; x_wconf 89' lang='lat'>—</span> <span class='ocrx_word' id='word_1_155' title='bbox 715 3296 998 3361; x_wconf 89' lang='lat' dir='ltr'><strong>quaeque</strong></span> <span class='ocrx_word' id='word_1_156' title='bbox 1071 3281 1290 3341; x_wconf 86' lang='lat' dir='ltr'><strong>autem</strong></span> <span class='ocrx_word' id='word_1_157' title='bbox 1357 3274 1528 3339; x_wconf 84' lang='lat' dir='ltr'><strong>linea</strong></span> <span class='ocrx_word' id='word_1_158' title='bbox 1592 3278 1927 3361; x_wconf 88' lang='lat' dir='ltr'><strong>integrum</strong></span> <span class='ocrx_word' id='word_1_159' title='bbox 2000 3295 2262 3340; x_wconf 85' lang='lat' dir='ltr'><strong>versum</strong></span> <span class='ocrx_word' id='word_1_160' title='bbox 2330 3274 2522 3340; x_wconf 90' lang='lat' dir='ltr'><strong>habet</strong></span> <span class='ocrx_word' id='word_1_161' title='bbox 2586 3311 2691 3340; x_wconf 90' lang='lat'><strong>-.</strong></span> 
     </span>
     <span class='ocr_line' id='line_1_22' title="bbox 307 3380 2693 3458; baseline -0.001 -11"><span class='ocrx_word' id='word_1_162' title='bbox 307 3382 592 3447; x_wconf 82' lang='lat' dir='ltr'><strong>Litterae</strong></span> <span class='ocrx_word' id='word_1_163' title='bbox 651 3388 802 3447; x_wconf 88' lang='lat' dir='ltr'><strong>sunt</strong></span> <span class='ocrx_word' id='word_1_164' title='bbox 859 3380 1139 3447; x_wconf 79' lang='lat' dir='ltr'><strong>unciales</strong></span> <span class='ocrx_word' id='word_1_165' title='bbox 1205 3383 1360 3445; x_wconf 87' lang='lat' dir='ltr'><strong>satis</strong></span> <span class='ocrx_word' id='word_1_166' title='bbox 1425 3382 1714 3445; x_wconf 85' lang='lat' dir='ltr'><strong>minutae</strong></span> <span class='ocrx_word' id='word_1_167' title='bbox 1760 3380 1870 3446; x_wconf 91' lang='lat' dir='ltr'><strong>sed</strong></span> <span class='ocrx_word' id='word_1_168' title='bbox 1887 3430 1904 3458; x_wconf 96' lang='lat'>‚</span> <span class='ocrx_word' id='word_1_169' title='bbox 1955 3380 2069 3445; x_wconf 92' lang='lat' dir='ltr'><strong>ubi</strong></span> <span class='ocrx_word' id='word_1_170' title='bbox 2114 3380 2465 3445; x_wconf 86' lang='lat' dir='ltr'><strong>incolumes</strong></span> <span class='ocrx_word' id='word_1_171' title='bbox 2509 3384 2693 3457; x_wconf 90' lang='lat' dir='ltr'><strong>sunt,</strong></span> 
     </span>
     <span class='ocr_line' id='line_1_23' title="bbox 307 3484 2697 3574; baseline -0.001 -21"><span class='ocrx_word' id='word_1_172' title='bbox 307 3487 485 3553; x_wconf 90' lang='lat' dir='ltr'><strong>lectu</strong></span> <span class='ocrx_word' id='word_1_173' title='bbox 545 3487 760 3553; x_wconf 85' lang='lat' dir='ltr'><strong>faciles</strong></span> <span class='ocrx_word' id='word_1_174' title='bbox 777 3537 794 3565; x_wconf 92' lang='lat'><strong>,</strong></span> <span class='ocrx_word' id='word_1_175' title='bbox 859 3494 936 3550; x_wconf 90' lang='lat' dir='ltr'><strong>ut</strong></span> <span class='ocrx_word' id='word_1_176' title='bbox 995 3485 1176 3551; x_wconf 92' lang='lat' dir='ltr'><strong>docet</strong></span> <span class='ocrx_word' id='word_1_177' title='bbox 1237 3492 1627 3574; x_wconf 82' lang='lat' dir='ltr'><strong>autotypum</strong></span> <span class='ocrx_word' id='word_1_178' title='bbox 1686 3490 1755 3551; x_wconf 85' lang='lat' dir='ltr'><strong>in</strong></span> <span class='ocrx_word' id='word_1_179' title='bbox 1816 3485 2033 3553; x_wconf 89' lang='lat' dir='ltr'><strong>tabula</strong></span> <span class='ocrx_word' id='word_1_180' title='bbox 2077 3486 2129 3551; x_wconf 93' lang='grc' dir='ltr'><strong>Ι.</strong></span> <span class='ocrx_word' id='word_1_181' title='bbox 2194 3485 2395 3574; x_wconf 86' lang='lat' dir='ltr'><strong>Saepe</strong></span> <span class='ocrx_word' id='word_1_182' title='bbox 2440 3488 2577 3571; x_wconf 90' lang='lat' dir='ltr'><strong>ipse</strong></span> <span class='ocrx_word' id='word_1_183' title='bbox 2622 3484 2697 3550; x_wconf 88' lang='lat' dir='ltr'><strong>li-</strong></span> 
     </span>
     <span class='ocr_line' id='line_1_24' title="bbox 310 3591 2695 3679; baseline -0.001 -20"><span class='ocrx_word' id='word_1_184' title='bbox 310 3594 561 3659; x_wconf 87' lang='lat' dir='ltr'><strong>brarius</strong></span> <span class='ocrx_word' id='word_1_185' title='bbox 579 3642 596 3671; x_wconf 93' lang='lat'>‚</span> <span class='ocrx_word' id='word_1_186' title='bbox 660 3613 801 3658; x_wconf 88' lang='lat' dir='ltr'><strong>raro</strong></span> <span class='ocrx_word' id='word_1_187' title='bbox 860 3591 1024 3658; x_wconf 89' lang='lat' dir='ltr'><strong>alius</strong></span> <span class='ocrx_word' id='word_1_188' title='bbox 1086 3594 1322 3677; x_wconf 90' lang='lat' dir='ltr'><strong>scripta</strong></span> <span class='ocrx_word' id='word_1_189' title='bbox 1384 3596 1657 3657; x_wconf 86' lang='lat' dir='ltr'><strong>correxit</strong></span> <span class='ocrx_word' id='word_1_190' title='bbox 1704 3592 2082 3679; x_wconf 88' lang='lat' dir='ltr'><strong>plerumque</strong></span> <span class='ocrx_word' id='word_1_191' title='bbox 2127 3593 2287 3658; x_wconf 93' lang='lat' dir='ltr'><strong>bene</strong></span> <span class='ocrx_word' id='word_1_192' title='bbox 2303 3642 2320 3670; x_wconf 98' lang='lat'><strong>,</strong></span> <span class='ocrx_word' id='word_1_193' title='bbox 2369 3592 2695 3658; x_wconf 86' lang='lat' dir='ltr'><strong>interdum</strong></span> 
     </span>
     <span class='ocr_line' id='line_1_25' title="bbox 309 3698 2695 3785; baseline -0.001 -20"><span class='ocrx_word' id='word_1_194' title='bbox 309 3722 524 3778; x_wconf 81' lang='lat' dir='ltr'><strong>secus3</strong></span> <span class='ocrx_word' id='word_1_195' title='bbox 575 3720 849 3785; x_wconf 89' lang='lat' dir='ltr'><strong>quorum</strong></span> <span class='ocrx_word' id='word_1_196' title='bbox 895 3698 1009 3763; x_wconf 89' lang='lat' dir='ltr'><strong>ille</strong></span> <span class='ocrx_word' id='word_1_197' title='bbox 1057 3700 1458 3785; x_wconf 85' lang='lat' dir='ltr'><strong>paucissimis</strong></span> <span class='ocrx_word' id='word_1_198' title='bbox 1503 3698 1659 3764; x_wconf 91' lang='lat' dir='ltr'><strong>locis</strong></span> <span class='ocrx_word' id='word_1_199' title='bbox 1709 3698 1953 3764; x_wconf 86' lang='lat' dir='ltr'><strong>addidit</strong></span> <span class='ocrx_word' id='word_1_200' title='bbox 1996 3700 2301 3784; x_wconf 87' lang='lat' dir='ltr'><strong>spiritum</strong></span> <span class='ocrx_word' id='word_1_201' title='bbox 2340 3698 2446 3764; x_wconf 86' lang='lat' dir='ltr'><strong>vel</strong></span> <span class='ocrx_word' id='word_1_202' title='bbox 2486 3719 2695 3764; x_wconf 89' lang='lat' dir='ltr'><strong>accen-</strong></span> 
     </span>
     <span class='ocr_line' id='line_1_26' title="bbox 311 3804 2694 3893; baseline 0 -22"><span class='ocrx_word' id='word_1_203' title='bbox 311 3812 458 3871; x_wconf 90' lang='lat' dir='ltr'><strong>tum</strong></span> <span class='ocrx_word' id='word_1_204' title='bbox 518 3805 624 3870; x_wconf 81' lang='lat' dir='ltr'><strong>vel</strong></span> <span class='ocrx_word' id='word_1_205' title='bbox 684 3807 946 3891; x_wconf 87' lang='lat' dir='ltr'><strong>signum</strong></span> <span class='ocrx_word' id='word_1_206' title='bbox 1010 3807 1386 3889; x_wconf 84' lang='lat' dir='ltr'><strong>quantitatis</strong></span> <span class='ocrx_word' id='word_1_207' title='bbox 1448 3809 1524 3884; x_wconf 96' lang='lat'><strong>(-</strong></span> <span class='ocrx_word' id='word_1_208' title='bbox 1578 3810 1643 3869; x_wconf 91' lang='lat' dir='ltr'><strong>et</strong></span> <span class='ocrx_word' id='word_1_209' title='bbox 1700 3809 1794 3883; x_wconf 80' lang='grc' dir='ltr'><strong>υ),</strong></span> <span class='ocrx_word' id='word_1_210' title='bbox 1860 3804 2089 3889; x_wconf 81' lang='lat' dir='ltr'><strong>quibus</strong></span> <span class='ocrx_word' id='word_1_211' title='bbox 2142 3804 2331 3893; x_wconf 84' lang='lat' dir='ltr'><strong>longe</strong></span> <span class='ocrx_word' id='word_1_212' title='bbox 2376 3804 2694 3891; x_wconf 88' lang='lat' dir='ltr'><strong>plerisque</strong></span> 
     </span>
     <span class='ocr_line' id='line_1_27' title="bbox 310 3910 2697 3997; baseline -0.001 -20"><span class='ocrx_word' id='word_1_213' title='bbox 310 3910 622 3978; x_wconf 82' lang='lat' dir='ltr'><strong>vocabula</strong></span> <span class='ocrx_word' id='word_1_214' title='bbox 692 3918 905 3976; x_wconf 86' lang='lat' dir='ltr'><strong>carent</strong></span> <span class='ocrx_word' id='word_1_215' title='bbox 921 3960 938 3988; x_wconf 89' lang='lat'><strong>,</strong></span> <span class='ocrx_word' id='word_1_216' title='bbox 1019 3930 1337 3997; x_wconf 86' lang='lat' dir='ltr'><strong>nusquam</strong></span> <span class='ocrx_word' id='word_1_217' title='bbox 1421 3917 1643 3975; x_wconf 86' lang='lat' dir='ltr'><strong>autem</strong></span> <span class='ocrx_word' id='word_1_218' title='bbox 1727 3917 1987 3997; x_wconf 89' lang='lat' dir='ltr'><strong>apparet</strong></span> <span class='ocrx_word' id='word_1_219' title='bbox 2070 3914 2500 3997; x_wconf 88' lang='lat' dir='ltr'><strong>interpunctio</strong></span> <span class='ocrx_word' id='word_1_220' title='bbox 2584 3917 2697 3976; x_wconf 91' lang='lat' dir='ltr'><strong>aut</strong></span> 
     </span>
     <span class='ocr_line' id='line_1_28' title="bbox 310 4014 2694 4104; baseline -0 -22"><span class='ocrx_word' id='word_1_221' title='bbox 310 4016 842 4083; x_wconf 86' lang='lat' dir='ltr'><strong>interlocutorum</strong></span> <span class='ocrx_word' id='word_1_222' title='bbox 901 4018 1179 4081; x_wconf 89' lang='lat' dir='ltr'><strong>nomina.</strong></span> <span class='ocrx_word' id='word_1_223' title='bbox 1245 4014 1670 4080; x_wconf 87' lang='lat' dir='ltr'><strong>Personarum</strong></span> <span class='ocrx_word' id='word_1_224' title='bbox 1736 4021 1953 4082; x_wconf 92' lang='lat' dir='ltr'><strong>tamen</strong></span> <span class='ocrx_word' id='word_1_225' title='bbox 2015 4017 2243 4082; x_wconf 82' lang='lat' dir='ltr'><strong>divisio</strong></span> <span class='ocrx_word' id='word_1_226' title='bbox 2304 4036 2520 4104; x_wconf 84' lang='lat' dir='ltr'><strong>saepe,</strong></span> <span class='ocrx_word' id='word_1_227' title='bbox 2569 4038 2694 4083; x_wconf 94' lang='lat' dir='ltr'><strong>non</strong></span> 
     </span>
     <span class='ocr_line' id='line_1_29' title="bbox 313 4120 2697 4210; baseline 0 -21"><span class='ocrx_word' id='word_1_228' title='bbox 313 4144 566 4209; x_wconf 87' lang='lat' dir='ltr'><strong>semper</strong></span> <span class='ocrx_word' id='word_1_229' title='bbox 629 4129 695 4189; x_wconf 90' lang='lat' dir='ltr'><strong>et</strong></span> <span class='ocrx_word' id='word_1_230' title='bbox 764 4129 861 4188; x_wconf 87' lang='lat' dir='ltr'><strong>est</strong></span> <span class='ocrx_word' id='word_1_231' title='bbox 929 4123 1043 4187; x_wconf 86' lang='lat' dir='ltr'><strong>ubi</strong></span> <span class='ocrx_word' id='word_1_232' title='bbox 1113 4120 1272 4188; x_wconf 87' lang='lat' dir='ltr'><strong>falso</strong></span> <span class='ocrx_word' id='word_1_233' title='bbox 1292 4172 1308 4199; x_wconf 86' lang='lat'><strong>,</strong></span> <span class='ocrx_word' id='word_1_234' title='bbox 1375 4121 1653 4187; x_wconf 88' lang='lat' dir='ltr'><strong>indicata</strong></span> <span class='ocrx_word' id='word_1_235' title='bbox 1714 4130 1810 4188; x_wconf 90' lang='lat' dir='ltr'><strong>est</strong></span> <span class='ocrx_word' id='word_1_236' title='bbox 1869 4125 1939 4188; x_wconf 91' lang='lat' dir='ltr'><strong>in</strong></span> <span class='ocrx_word' id='word_1_237' title='bbox 1999 4126 2292 4210; x_wconf 83' lang='lat' dir='ltr'><strong>margine</strong></span> <span class='ocrx_word' id='word_1_238' title='bbox 2339 4128 2697 4189; x_wconf 80' lang='lat' dir='ltr'><strong>transversa</strong></span> 
     </span>
    </p>
   </div>
   <div class='ocr_carea' id='block_1_7' title="bbox 310 4227 2695 4522">
    <p class='ocr_par' dir='ltr' id='par_1_7' title="bbox 310 4227 2695 4522">
     <span class='ocr_line' id='line_1_30' title="bbox 310 4227 2695 4315; baseline 0 -20"><span class='ocrx_word' id='word_1_239' title='bbox 310 4229 546 4295; x_wconf 88' lang='lat' dir='ltr'><strong>lineola</strong></span> <span class='ocrx_word' id='word_1_240' title='bbox 583 4250 776 4314; x_wconf 88' lang='lat' dir='ltr'><strong>supra</strong></span> <span class='ocrx_word' id='word_1_241' title='bbox 813 4250 963 4294; x_wconf 90' lang='lat' dir='ltr'><strong>eum</strong></span> <span class='ocrx_word' id='word_1_242' title='bbox 1003 4249 1266 4293; x_wconf 84' lang='lat' dir='ltr'><strong>versum</strong></span> <span class='ocrx_word' id='word_1_243' title='bbox 1285 4278 1300 4305; x_wconf 92' lang='lat'><strong>,</strong></span> <span class='ocrx_word' id='word_1_244' title='bbox 1351 4228 1466 4293; x_wconf 90' lang='lat' dir='ltr'><strong>ubi</strong></span> <span class='ocrx_word' id='word_1_245' title='bbox 1511 4227 1636 4294; x_wconf 90' lang='lat' dir='ltr'><strong>alia</strong></span> <span class='ocrx_word' id='word_1_246' title='bbox 1683 4251 1948 4313; x_wconf 88' lang='lat' dir='ltr'><strong>persona</strong></span> <span class='ocrx_word' id='word_1_247' title='bbox 1993 4229 2173 4315; x_wconf 92' lang='lat' dir='ltr'><strong>loqui</strong></span> <span class='ocrx_word' id='word_1_248' title='bbox 2215 4232 2463 4315; x_wconf 89' lang='lat' dir='ltr'><strong>incipit.</strong></span> <span class='ocrx_word' id='word_1_249' title='bbox 2510 4230 2695 4296; x_wconf 89' lang='lat' dir='ltr'><strong>Hanc</strong></span> 
     </span>
     <span class='ocr_line' id='line_1_31' title="bbox 313 4332 2693 4416; baseline 0 -15"><span class='ocrx_word' id='word_1_250' title='bbox 313 4336 567 4401; x_wconf 86' lang='lat' dir='ltr'><strong>notavi:</strong></span> <span class='ocrx_word' id='word_1_251' title='bbox 618 4334 649 4399; x_wconf 99' lang='lat' dir='ltr'>I</span> <span class='ocrx_word' id='word_1_252' title='bbox 697 4332 756 4413; x_wconf 84' lang='lat'><strong>7,</strong></span> <span class='ocrx_word' id='word_1_253' title='bbox 789 4333 892 4411; x_wconf 89' lang='lat'><strong>13,</strong></span> <span class='ocrx_word' id='word_1_254' title='bbox 925 4333 1032 4411; x_wconf 87' lang='lat'><strong>19,</strong></span> <span class='ocrx_word' id='word_1_255' title='bbox 1061 4333 1170 4399; x_wconf 83' lang='lat'><strong>82.</strong></span> <span class='ocrx_word' id='word_1_256' title='bbox 1220 4333 1284 4398; x_wconf 92' lang='grc' dir='ltr'>Π</span> <span class='ocrx_word' id='word_1_257' title='bbox 1331 4332 1438 4412; x_wconf 87' lang='grc'><strong>45,</strong></span> <span class='ocrx_word' id='word_1_258' title='bbox 1469 4332 1574 4400; x_wconf 94' lang='grc'><strong>79.</strong></span> <span class='ocrx_word' id='word_1_259' title='bbox 1626 4333 1722 4399; x_wconf 93' lang='grc' dir='ltr'><strong>ΙΠ</strong></span> <span class='ocrx_word' id='word_1_260' title='bbox 1772 4332 1878 4414; x_wconf 90' lang='grc'><strong>71,</strong></span> <span class='ocrx_word' id='word_1_261' title='bbox 1907 4334 2014 4414; x_wconf 92' lang='grc'><strong>77,</strong></span> <span class='ocrx_word' id='word_1_262' title='bbox 2042 4334 2149 4414; x_wconf 87' lang='grc'><strong>82,</strong></span> <span class='ocrx_word' id='word_1_263' title='bbox 2177 4334 2285 4415; x_wconf 88' lang='grc'><strong>87,</strong></span> <span class='ocrx_word' id='word_1_264' title='bbox 2313 4334 2419 4401; x_wconf 87' lang='grc'><strong>89.</strong></span> <span class='ocrx_word' id='word_1_265' title='bbox 2468 4335 2557 4402; x_wconf 80' lang='lat' dir='ltr'><strong>IV</strong></span> <span class='ocrx_word' id='word_1_266' title='bbox 2585 4336 2693 4416; x_wconf 85' lang='lat'><strong>35,</strong></span> 
     </span>
     <span class='ocr_line' id='line_1_32' title="bbox 317 4437 2688 4522; baseline 0 -14"><span class='ocrx_word' id='word_1_267' title='bbox 317 4441 426 4519; x_wconf 87' lang='lat'><strong>39,</strong></span> <span class='ocrx_word' id='word_1_268' title='bbox 453 4440 560 4520; x_wconf 87' lang='grc'><strong>52,</strong></span> <span class='ocrx_word' id='word_1_269' title='bbox 589 4440 694 4519; x_wconf 87' lang='grc'><strong>54,</strong></span> <span class='ocrx_word' id='word_1_270' title='bbox 725 4439 832 4519; x_wconf 89' lang='grc'><strong>72,</strong></span> <span class='ocrx_word' id='word_1_271' title='bbox 861 4437 966 4519; x_wconf 85' lang='grc'><strong>79,</strong></span> <span class='ocrx_word' id='word_1_272' title='bbox 994 4438 1100 4506; x_wconf 92' lang='grc'><strong>89.</strong></span> <span class='ocrx_word' id='word_1_273' title='bbox 1144 4438 1196 4503; x_wconf 88' lang='lat' dir='ltr'><strong>V</strong></span> <span class='ocrx_word' id='word_1_274' title='bbox 1227 4439 1329 4518; x_wconf 90' lang='grc'><strong>10,</strong></span> <span class='ocrx_word' id='word_1_275' title='bbox 1361 4438 1464 4518; x_wconf 87' lang='grc'><strong>19,</strong></span> <span class='ocrx_word' id='word_1_276' title='bbox 1492 4440 1602 4518; x_wconf 88' lang='grc'><strong>20,</strong></span> <span class='ocrx_word' id='word_1_277' title='bbox 1630 4439 1738 4519; x_wconf 88' lang='grc'><strong>26,</strong></span> <span class='ocrx_word' id='word_1_278' title='bbox 1766 4440 1874 4519; x_wconf 87' lang='grc'><strong>29,</strong></span> <span class='ocrx_word' id='word_1_279' title='bbox 1901 4442 2008 4521; x_wconf 87' lang='grc'><strong>35,</strong></span> <span class='ocrx_word' id='word_1_280' title='bbox 2036 4441 2144 4520; x_wconf 87' lang='grc'><strong>39,</strong></span> <span class='ocrx_word' id='word_1_281' title='bbox 2174 4442 2281 4521; x_wconf 87' lang='grc'><strong>40,</strong></span> <span class='ocrx_word' id='word_1_282' title='bbox 2312 4440 2419 4520; x_wconf 87' lang='grc'><strong>57,</strong></span> <span class='ocrx_word' id='word_1_283' title='bbox 2448 4443 2554 4521; x_wconf 91' lang='grc'><strong>61,</strong></span> <span class='ocrx_word' id='word_1_284' title='bbox 2583 4442 2688 4522; x_wconf 88' lang='grc'><strong>74,</strong></span> 
     </span>
    </p>
   </div>
  </div>
 </body>
</html>
