3192 5009
598 223 725 290 156
1601 243 1948 291 sommum.

593 406 769 487 rpwdc
821 428 899 472 an
946 406 1098 488 ῥινός
1118 456 1133 486 ,
1182 411 1468 494 itemque
1504 410 1574 473 in
1613 407 1758 473 aliis
1795 408 2064 474 voci'bns
2104 428 2378 494 quarum
2415 407 2636 474 thema
2675 428 2717 473 a
2749 407 2980 473 litteris

590 538 649 593 πρ
706 517 934 599 incipit
998 515 1105 594 (cf.
1172 512 1389 581 Christ
1448 514 1602 580 ibid.
1651 538 1713 600 p.
1771 513 1898 580 165
1927 520 2067 600 sq.).
2135 514 2268 581 Nos
2315 536 2466 580 cum
2511 515 2846 580 videamus
2898 515 2974 580 ad

590 618 1170 686 commendandum
1235 620 1564 707 digamma
1609 619 1772 685 nihil
1817 619 2028 688 valere
2074 620 2246 686 locos
2295 621 2516 706 quales
2567 627 2722 686 sunt
2769 621 2864 692 δὸς
2913 617 2982 686 δὲ

590 727 768 807 ῥάκος
823 725 1313 804 ἀμφιβαλέσθαι
1362 726 1469 791 vel
1515 725 1698 791 ἄλλοι
1747 725 1817 792 δὲ
1864 730 2065 806 ῥινοῖσι
2092 765 2178 776 -
2205 749 2284 792 ex
2329 749 2466 793 asse
2513 731 2688 793 enim
2731 749 2984 815 respon-

589 834 698 898 det
736 833 1275 918 Aristophaneum
1315 831 1482 897 illud
1521 835 1627 897 οὐκ
1653 833 1775 898 ἔσθ’
1803 830 1961 903 ὅπως
1989 834 2017 898 ὃ
2042 833 2323 915 χρησμὸς
2352 835 2436 907 εἷς
2465 836 2648 898 τοῦτ-ὀ
2675 835 2864 913 ῥέπει,
2897 873 2980 884 -

584 925 654 1004 in
716 940 884 1005 thesi
944 944 1164 1003 autem
1229 937 1547 1025 syllabam
1607 939 1872 1006 brevem
1891 988 1906 1018 ,
1972 961 2135 1025 quae
2199 940 2517 1005 eiusmodi
2584 940 2980 1007 vocabulum

587 1045 918 1112 antecedat
936 1094 952 1122 ‚
1026 1065 1149 1109 non
1222 1045 1524 1130 produci,
1589 1066 1645 1110 e.
1669 1068 1738 1133 g.
1803 1049 1872 1110 in
1935 1052 2086 1112 noto
2150 1045 2467 1112 versiculo
2526 1043 2650 1118 ὅτις
2717 1046 2983 1112 τοιαῦταί

587 1146 669 1229 γὲ
716 1149 863 1231 ῥέζοι
894 1147 966 1230 ¹),
1016 1156 1267 1216 certum
1314 1150 1608 1216 ducimus
1658 1151 2020 1218 Homerum
2068 1158 2214 1217 ante
2261 1151 2548 1217 litteram
2597 1155 2653 1232 ῤ-
2693 1175 2820 1218 non
2860 1175 2984 1218 ser-

566 1277 769 1338 ·vasse
842 1255 1173 1343 digamma
1231 1256 1480 1322 initiale
1501 1305 1515 1334 ,
1587 1257 1697 1322 sed
1759 1257 1901 1338 ῥέζω
1966 1263 2033 1323 et
2075 1255 2350 1336 ἔ(ρ)ρεζον
2400 1257 2656 1324 dixisse.
2720 1258 2789 1325 Si
2837 1261 2984 1345 quis

590 1369 811 1430 autem
871 1363 972 1426 his
1036 1366 1437 1450 arg-umentis
1482 1363 1674 1428 fidem
1722 1365 2043 1450 denegans
2091 1367 2160 1428 in
2209 1366 2496 1428 carmina
2542 1367 2722 1450 opica
2763 1370 2986 1430 tamen

587 1469 1016 1534 invehendam
1062 1475 1313 1534 censeat
1358 1468 1633 1535 formam
1679 1469 1848 1551 ερέζω
1871 1518 1886 1547 ,
1946 1469 2171 1555 quidni
2219 1471 2416 1534 etiam
2464 1470 2698 1548 ἕύσροος
2747 1471 2984 1535 scribat

592 1581 657 1641 et
717 1573 934 1655 πρέπεν
997 1571 1162 1655 ἦμαρ
1222 1573 1545 1653 ’Λχαιῶνῖ
1609 1575 1830 1660 quidni
1876 1581 2203 1661 praeterea
2245 1575 2515 1654 crenvpdc
2563 1582 2628 1640 et
2675 1573 2847 1645 orde?
2899 1579 2988 1640 sic

590 1702 743 1746 vero
789 1702 826 1747 a
873 1683 1028 1747 trita
1077 1684 1185 1746 via
1230 1680 1491 1768 longius
1536 1680 1924 1769 longiusque
1971 1680 2268 1747 recedens
2313 1684 2425 1746 vix
2467 1703 2688 1748 cavere
2747 1685 2988 1768 poterit

592 1790 937 1874 quominus
980 1787 1221 1852 incidat
1264 1790 1333 1852 in
1372 1809 1702 1852 caseorum
1740 1786 2161 1853 verbulorum
2197 1789 2393 1851 istam
2431 1786 2734 1872 paludem
2756 1836 2772 1865 ,
2815 1788 2986 1852 unde

591 1892 849 1959 tandem
913 1892 1253 1980 aliquando
1316 1915 1417 1959 ars
1477 1897 1906 1983 grammatica
1968 1895 2262 1971 emersit,
2313 1931 2400 1942 —
2449 1893 2640 1966 πολὺς
2707 1893 2758 1958 δ’
2807 1896 2984 1975 ἀμφ’

598 2000 888 2079 ὀστεόφιν
937 2000 1045 2072 θές.

683 2105 827 2173 Una
890 2108 1211 2194 tangenda
1273 2113 1371 2173 est
1436 2111 1726 2194 quaestio
1747 2157 1763 2186 ‚
1815 2128 2010 2194 quam
2059 2128 2096 2172 a
2141 2108 2300 2171 viris
2351 2107 2686 2193 sagacibus
2731 2110 2984 2172 moveri

592 2217 877 2302 potuisse
926 2217 1260 2281 miramur.
1313 2214 1549 2280 Docuit
1587 2215 1955 2280 Hortum
1989 2215 2226 2296 Quaen.
2267 2213 2444 2276 Hom.
2485 2212 2550 2276 11
2587 2235 2649 2298 p.
2679 2211 2764 2278 51
2807 2233 2984 2278 raros

587 2325 656 2386 in
720 2326 904 2386 textu
964 2320 1199 2385 tradito
1260 2342 1396 2386 esse
1456 2320 1630 2387 locos
1689 2322 1801 2386 ubi
1853 2319 2104 2407 syllaba
2149 2317 2356 2383 finalis
2403 2319 2614 2384 brevis
2633 2370 2650 2405 ,
2704 2340 2869 2404 quae
2915 2321 2983 2383 in

592 2448 937 2493 consonam
980 2425 1265 2492 litteram
1313 2426 1546 2493 desinit
1594 2433 1705 2509 (-ον
1751 2452 1837 2498 -ες
1887 2433 2056 2508 etc),
2097 2425 2472 2512 producitur
2505 2427 2574 2490 in
2619 2426 2788 2491 thesi
2833 2431 2982 2492 ante

593 2533 921 2620 digamma
980 2531 1259 2611 initiale;
1328 2541 1473 2599 ante
1537 2556 1886 2620 pronomen
1939 2534 1990 2598 οἱ
2036 2533 2104 2598 id
2153 2553 2644 2618 nonnumquam
2690 2531 2832 2598 fieri
2878 2537 2982 2609 (ex

592 2631 727 2704 sola
796 2636 993 2702 Iliade
1062 2640 1301 2724 viginti
1368 2639 1542 2706 locos
1607 2641 1786 2707 affert
1843 2638 1998 2705 ibid.
2065 2661 2127 2724 p.
2183 2636 2310 2703 183
2336 2643 2479 2723 sq.)‚
2543 2660 2598 2704 e.
2637 2659 2704 2724 g.
2765 2647 2816 2704 E
2847 2636 2979 2704 695

439 2810 451 2839 s
591 2749 920 2828 Πελάγων,
968 2738 1029 2821 ὃς
1079 2752 1128 2816 οἱ
1176 2752 1356 2832 Φίλος
1409 2749 1507 2827 ἦεν
1558 2749 1824 2830 ἕταιρος,
1875 2751 1987 2817 sed
2034 2757 2359 2837 praeterea
2405 2753 2659 2815 nonnisi
2705 2751 2806 2816 his
2847 2771 2984 2816 ver-

400 2842 443 3014 s
472 2896 509 2947 ,2
590 2864 799 2929 sibus:
867 2829 1049 2944 1ss7'7
1114 2864 1181 2928 έκ
1246 2857 1372 2942 γὲρ
1434 2867 1501 2930 εὖ
1569 2871 1727 2946 (var.
1795 2867 1874 2947 οἱ)
1938 2863 2204 2942 murac,
2256 2861 2460 2927 {²142
2504 2859 2730 2941 Ἕκτορ
2781 2859 2982 2942 (-ωρ“ῖ)

588 2966 743 3040 εἶδος
807 2969 1052 3048 ἄριστε,
1118 2970 1305 3035 0215
1368 2969 1545 3044 τόέὃν
1607 2967 1765 3036 οἶδα.
1819 3011 1904 3020 -
1953 2969 2390 3036 subtilissima
2439 2967 2724 3054 profecto
2771 2967 2982 3032 obser-

591 3079 768 3142 vatio
817 3098 1020 3163 neque
1065 3077 1317 3141 inutilis
1364 3077 1443 3142 ad
1482 3077 1717 3143 melius
1755 3075 2266 3164 intellegendum
2307 3095 2467 3160 quae
2507 3072 2642 3138 fata
2681 3073 2982 3138 habuerit

592 3183 924 3269 digamma
968 3184 1424 3262 Homericum;
1473 3187 1725 3249 utinam
1771 3191 1988 3248 tamen
2034 3184 2205 3247 viros
2247 3181 2466 3247 doctos
2503 3181 2779 3268 fugisset
2815 3175 2978 3246 hoc!

591 3289 777 3355 Nunc
840 3293 1045 3367 enim,
1111 3296 1254 3375 post
1300 3289 1578 3356 Hartelii
1626 3292 2005 3376 praesertim
2053 3287 2409 3354 sollertiam
2427 3336 2444 3363 ,
2492 3289 2562 3350 in
2607 3287 2982 3351 enchiridiis

589 3397 743 3461 haec
791 3394 897 3461 lex
946 3395 1150 3460 afferri
1196 3395 1359 3462 solet
1405 3403 1713 3482 tanquam
1752 3396 2248 3462 accuratissimis
2287 3390 2840 3477 disquisitionibus
2881 3389 2982 3454 fir-

593 3505 789 3566 miter
849 3501 1167 3567 stabilita:
1230 3505 1340 3580 „in
1385 3501 1749 3569 Homericis
1797 3500 2188 3567 carminibus
2237 3499 2568 3585 digamma
2615 3495 2854 3561 sufficit
2899 3494 2981 3558 ad

596 3607 855 3686 „hiatus
908 3606 1220 3673 tollendos
1238 3657 1254 3686 ,
1300 3611 1463 3673 item
1506 3609 1587 3674 ad
1637 3608 1916 3696 syllabas
1964 3605 2186 3671 finales
2228 3608 2299 3669 in
2346 3607 2472 3670 arsi
2521 3601 2978 3689 producendas,

596 3736 764 3793 „non
810 3714 1045 3779 sufficit
1090 3714 1168 3779 ad
1214 3714 1649 3801 producendas
1696 3714 1972 3803 syllabas
2021 3711 2242 3777 finales
2287 3713 2357 3775 in
2403 3711 2572 3774 thesi
2588 3731 2605 3788 ;
2660 3711 2982 3793 excipitur

594 3825 893 3899 „tantum
953 3822 1005 3885 οἱ
1068 3824 1219 3903 (τοι),
1289 3821 1457 3907 quod
1524 3821 1684 3887 olim
1744 3821 1870 3886 fuit
1932 3819 2072 3885 crol.
2141 3818 2566 3884 Homericum
2628 3817 2835 3902 igitur
2881 3819 2980 3880 est

660 4124 708 4184 1)
761 4121 897 4187 Apud
950 4121 1221 4170 Homerum
1269 4119 1422 4183 igitur
1471 4135 1530 4169 ne
1582 4123 1771 4169 tantum
1822 4119 2014 4184 quidem
2064 4117 2194 4167 valet
2240 4116 2286 4178 §-
2331 4115 2520 4166 initiale
2564 4119 2799 4180 quantum
2845 4114 2973 4181 apud

585 4181 981 4269 Aristophanem,
1017 4201 1100 4267 qui
1136 4203 1185 4251 in
1221 4203 1345 4251 thesi
1384 4218 1571 4266 quoquc
1608 4201 1818 4250 vocalem
1848 4200 2038 4249 brevem
2073 4203 2184 4248 ante
2221 4199 2268 4260 ῥ-
2303 4198 2525 4262 producit
2554 4196 2830 4258 (Nub.s44
2851 4198 2970 4246 Bau.

591 4288 717 4337 1059
754 4286 880 4350 etc).
918 4313 980 4323 —
1006 4284 1141 4334 Olim
1178 4283 1418 4333 Dawesius
1453 4283 1565 4332 indo
1599 4282 1828 4332 efficiebat
1866 4281 2238 4347 Aristophanem
2272 4281 2438 4344 wrepei
2472 4283 2520 4328 et
2549 4279 2730 4329 similis
2770 4278 2973 4328 dixisse:

585 4385 741 4420 nonne
776 4367 946 4419 melin·
979 4369 1052 4418 est
1087 4365 1393 4425 concludere,
1435 4381 1494 4415 ne
1530 4366 1800 4416 Homerum
1835 4364 2026 4430 quidem
2061 4363 2134 4413 ita
2168 4363 2384 4414 locutum
2417 4363 2551 4412 esse?
