3192 5009
1034 383 1118 432 111)
1164 383 1421 433 santum
1464 383 1926 433 meunmmtm.
2526 362 2655 432 297

278 559 342 618 et
380 573 591 617 moras
641 558 896 618 senat-us
943 551 1343 617 contionibus
1388 550 1704 636 populum
1753 551 1831 616 ad
1879 535 2331 615 vindicandum
2380 551 2622 616 hortari
2642 601 2657 629 ,

289 681 544 726 monere
589 681 667 724 ne
715 659 1176 745 rempublicam
1195 707 1210 735 ‚
1251 679 1330 722 ne
1377 657 1740 723 libertatem
1788 678 1970 723 suam
2018 657 2374 722 desererent
2390 706 2406 735 ‚
2454 656 2664 722 multa

289 766 557 850 superba
605 771 669 831 et
713 764 993 830 crudelia
1037 765 1311 828 facinora
1355 762 1708 828 nobilitatis
1755 763 2114 828 ostendere:
2162 784 2417 848 prorsus
2463 766 2690 840 intem-

291 879 396 935 tus
441 874 616 935 omni
660 870 849 936 modo
893 869 1097 955 plebis
1143 873 1434 935 animum
1479 868 1920 934 incendebat’'.

384 977 527 1042 Non
587 998 850 1062 possum
898 975 1152 1041 silentio
1202 979 1540 1060 praeterire
1587 973 2134 1050 emendationem,
2184 995 2377 1059 quam
2425 974 2504 1038 ad
2547 974 2592 1038 l.
2619 974 2665 1039 l.

291 1087 626 1168 proposuit
685 1083 767 1147 Η.
831 1083 1046 1168 Pratje
1108 1081 1397 1166 (Dissert.
1447 1078 1743 1166 Gotting.
1792 1103 1853 1166 p.
1906 1079 2050 1160 59):
2098 1104 2274 1162 saepe
2319 1081 2630 1145 inserendo
2650 1129 2667 1158 ‚

293 1211 370 1254 00
429 1190 658 1254 ductus
719 1189 886 1275 quod
949 1189 1117 1274 apud
1185 1187 1574 1273 Septimium
1624 1193 1688 1252 et
1734 1186 2097 1272 Sulpicium
2144 1185 2488 1264 Severum,
2538 1185 2672 1252 Sal-

289 1295 476 1360 lustii
535 1299 890 1360 imitatores
909 1343 925 1372 ,
989 1295 1260 1361 verbum
1323 1295 1580 1358 inserere
1628 1294 1731 1358 hic
1777 1293 1913 1358 illic
1962 1296 2254 1359 occurrit.
2318 1293 2524 1379 Legat
2568 1297 2672 1358 vir

293 1401 519 1466 doctus
581 1423 742 1487 quae
805 1402 879 1467 (10
939 1403 1059 1466 1100
1120 1400 1611 1486 argumentandi
1664 1421 1897 1486 genere
1944 1401 2196 1484 scripsit
2240 1398 2559 1465 Hartman
2601 1403 2671 1463 in

290 1507 455 1572 libro
505 1507 580 1573 de
627 1503 892 1573 Horatio
937 1514 1124 1593 poeta
1168 1529 1230 1592 p.
1285 1505 1368 1570 96
1395 1527 1527 1592 sqq.

389 1723 461 1792 Ο.
509 1724 615 1790 34.
647 1726 680 1789 1
747 1749 818 1788 ac
879 1725 1111 1788 tametsi
1171 1725 1490 1788 multitudo
1509 1773 1524 1801 ,
1589 1747 1739 1809 quae
1783 1725 1851 1788 in
1898 1724 2167 1788 contione
2214 1727 2460 1803 aderat,
2509 1727 2674 1790 vehe—

294 1839 518 1895 menter
563 1855 804 1895 accenca
852 1833 1106 1896 terrebat
1145 1855 1272 1894 eum
1312 1831 1562 1894 clamore
1602 1831 1765 1894 voltu
1784 1879 1799 1908 ,
1840 1854 2017 1913 saepe
2054 1831 2276 1913 impetu
2315 1840 2491 1916 atque
2528 1831 2675 1894 aliis

295 1937 560 2000 omnibus
607 1961 756 2021 quae
800 1938 898 1999 ira
927 1936 1082 2020 fieri
1129 1944 1321 2013 amat,
1372 1937 1519 1998 vicit
1565 1943 1759 2000 tamen
1803 1937 2197 2018 impudentia.

390 2042 506 2106 Est
563 2041 739 2107 locus
801 2043 968 2129 apud
1029 2041 1243 2122 Quint.
1295 2042 1355 2106 4.
1385 2041 1445 2106 3.
1479 2039 1559 2107 17
1622 2043 1734 2106 ubi
1794 2043 1948 2107 11300
1993 2041 2334 2129 leguntur:
2391 2042 2677 2121 „Graeca

299 2169 452 2214 vero
489 2148 792 2214 translata
828 2148 935 2214 vel
972 2147 1265 2213 Sallustii
1303 2147 1584 2233 plurima
1603 2197 1618 2225 ‚
1660 2147 1846 2233 quale
1886 2156 1984 2215 est
2023 2149 2233 2230 vulqus
2271 2157 2431 2213 amat
2454 2149 2674 2233 fieri”.

395 2254 491 2319 Ad
540 2275 700 2339 quae
745 2253 1056 2319 Merivale
1099 2257 1168 2318 in
1215 2253 1489 2319 editione
1536 2275 1731 2338 quam
1782 2275 1943 2320 anno
1997 2253 2169 2320 1884
2215 2254 2512 2321 Londinii
2553 2256 2679 2320 edi-

299 2361 398 2425 dit
415 2410 432 2438 ,
477 2361 630 2426 haec
677 2360 962 2426 adnotat:
1017 2360 1212 2437 „This
1257 2381 1522 2446 passage
1542 2409 1557 2437 ‚
1611 2360 1987 2447 apparently
2036 2368 2293 2447 corrupt
2310 2411 2327 2439 ,
2370 2363 2485 2428 has
2522 2362 2678 2426 been

299 2465 618 2553 supposed
685 2475 751 2532 to
813 2467 976 2532 refer
1034 2474 1100 2532 to
1161 2467 1301 2531 that
1360 2467 1572 2531 before
1638 2489 1747 2545 us,
1814 2466 1937 2531 and
1982 2468 2095 2533 has
2148 2469 2307 2533 been
2351 2468 2678 2555 variously

301 2573 546 2639 altered
606 2579 672 2638 to
737 2572 932 2659 apply
992 2579 1058 2637 to
1120 2576 1175 2636 it
1192 2572 1253 2650 ‚’'
1320 2578 1383 2638 et
1429 2576 1564 2658 ipse
1612 2573 1782 2658 apud
1830 2573 2045 2653 Quint.
2096 2595 2209 2658 pro
2237 2573 2426 2658 fieri.-
2457 2575 2682 2660 facere

303 2677 754 2766 corrigendum
799 2685 1032 2744 censet.

396 2788 482 2850 At
528 2785 706 2850 nulla
749 2788 815 2849 in
863 2783 1001 2850 loco
1050 2784 1267 2864 Quint.
1318 2804 1477 2871 opus
1525 2792 1622 2850 est
1668 2788 2026 2851 mutatione
2046 2834 2062 2864 ‚
2118 2786 2463 2851 dummodo
2512 2787 2681 2871 apud

303 2890 458 2958 Sall.
506 2913 621 2977 pro
669 2891 804 2954 ira.-
849 2891 1014 2954 irata
1057 2911 1321 2976 reponas
1369 2897 1435 2956 et
1481 2893 1570 2955 sic
1615 2893 2083 2976 interpreteris:
2135 2913 2297 2977 quae
2341 2897 2504 2956 irata
2566 2898 2677 2972 (sc.

305 2997 685 3077 multitudo)
747 2997 883 3061 fleri
941 3003 1148 3074 amat,
1197 3000 1290 3060 ita
1336 3005 1412 3061 ut
1459 2995 1674 3076 Quint.
1724 3000 1993 3062 mutatis
2041 2998 2252 3063 verbis
2300 3001 2681 3064 sententiam

305 3103 603 3169 Sallustii
648 3110 815 3168 recte
859 3102 1234 3168 laudaverit.

403 3307 484 3385 C.
526 3307 631 3372 53.
660 3306 699 3371 5
763 3314 828 3370 at
889 3306 1183 3384 Romani,
1245 3329 1593 3390 quamquam
1653 3307 1871 3371 itinere
1916 3314 2092 3392 atque
2140 3331 2314 3390 opere
2359 3315 2681 3372 castrorum

309 3423 368 3480 et
426 3415 662 3500 proelio
715 3414 886 3499 fessi
956 3414 1215 3498 laetique
1283 3420 1489 3489 erant,
1554 3420 1748 3476 tamen
1766 3464 1782 3491 ‚
1850 3416 2006 3498 quod
2072 3415 2359 3478 Metellus
2424 3415 2683 3497 ampliu-3

310 3522 588 3605 opinione
633 3521 990 3595 morabatur,
1037 3519 1318 3582 instructi
1363 3519 1693 3604 intentique
1740 3519 1964 3582 obviam
1997 3521 2352 3601 procedunt.

403 3629 693 3693 Editores
755 3647 972 3691 omnes
1033 3625 1293 3710 laetique
1352 3633 1726 3710 corruptum
1790 3625 2059 3702 habent,
2119 3625 2479 3712 complures
2526 3631 2687 3690 tam-

312 3756 506 3820 quam
572 3737 784 3817 inepte
853 3734 1166 3796 insertum
1235 3743 1492 3816 propter
1560 3751 1823 3816 sequens
1887 3731 2221 3816 intentique
2286 3738 2684 3818 expungunt.

313 3840 575 3905 Dietsch
613 3836 995 3903 vocabulum
1036 3841 1179 3923 post
1215 3837 1476 3920 laetique
1515 3836 1822 3901 excidisse
1863 3842 1942 3913 (0.
1968 3857 2033 3923 g.
2062 3837 2343 3916 vietoria.)
2369 3857 2440 3902 ac
2465 3837 2688 3902 deinde

314 3946 462 4010 laeti
519 3949 588 4009 in
650 3944 798 4007 lassi
842 3947 1172 4007 mutatum
1219 3963 1351 4007 esse
1397 3943 1763 4007 arbitratur.
1815 3940 2077 4010 Codices
2128 3945 2302 4010 enim
2352 3943 2689 4009 deteriores

315 4051 465 4117 dant
505 4050 796 4134 laesique,
840 4049 1008 4134 quod
1046 4046 1338 4112 nonnulli
1378 4055 1767 4134 receperunt.
1810 4046 2115 4134 Postgate
2141 4047 2480 4127 (Mnemos.
2514 4049 2686 4114 1883

314 4180 374 4244 p.
424 4155 581 4236 448)
640 4177 754 4241 pro
817 4155 1076 4240 laetique
1137 4161 1308 4217 eram}
1370 4156 1673 4219 coniecit:
1740 4154 1889 4217 laeti
1936 4155 2215 4238 quierant
2259 4155 2426 4239 quod
2473 4177 2691 4240 quam·

315 4284 506 4348 quam
570 4261 647 4327 ad
705 4261 1040 4326 literarum
1100 4260 1368 4324 ductum
1429 4262 1671 4345 optime
1733 4263 2065 4336 convenit,
2115 4257 2194 4323 ad
2239 4281 2495 4325 sensum
2514 4309 2529 4338 ,
2579 4264 2692 4345 qui

316 4371 676 4453 requiritur,
724 4368 976 4453 probari
1019 4387 1146 4430 non
1193 4373 1404 4451 potest
1422 4415 1436 4443 ,
1487 4386 1637 4430 nam
1684 4368 1995 4451 scriptum
2036 4369 2464 4453 expectaveris
2502 4367 2691 4452 quieti

319 4495 377 4537 ee
422 4476 729 4538 dederant.

2336 4593 2402 4643 20
