3192 5009
510 230 639 297 164
1589 250 1817 301 PLATO.

508 416 847 495 ἀναχωρεῖν
895 410 1027 480 ὅσον
1076 417 1162 489 μὴ
1212 415 1457 491 ἀνάγκη
1507 418 1720 487 αὐτοῖς
1767 418 2052 499 χρῆσθαι.
2124 416 2486 481 Pronomen
2534 415 2746 484 αὐτοῖς
2793 432 2916 499 pa.-

505 542 705 607 pyrus
752 524 997 586 omittit
1016 571 1032 599 ,
1083 524 1293 587 nescio
1343 541 1423 586 an
1467 530 1660 588 reete.

591 628 679 693 ib.
751 631 1048 693 continuo
1118 631 1441 714 sequitur:
1518 632 1709 703 αὐτὴν
1775 630 1836 693 δὲ
1903 632 1986 700 εἷς
2053 632 2243 703 αὐτὴν
2307 627 2722 705 ξυλλέγειν-θαι
2785 626 2908 689 καὶ

504 732 873 814 ἀθροίζεσθαι
944 734 1523 813 παρακελευομένη,
1576 738 1884 800 πιστεύειν
1927 738 1990 799 δὲ
2040 737 2168 799 κτὲ.
2219 735 2640 821 Negligenter
2687 732 2906 797 officio

503 862 619 905 suo
663 840 921 905 functus
970 848 1065 905 est
1113 844 1343 927 papyri
1390 842 1593 907 scriba
1612 891 1627 919 ,
1679 846 1790 928 qui
1837 845 2067 907 vicinis
2113 840 2449 905 infinitivis
2495 844 2566 903 in
2613 859 2904 904 errorem

501 947 799 1010 inductus
845 968 961 1031 pro
1010 948 1551 1024 παρακελευομένη
1603 952 1926 1034 scripserit
1975 948 2530 1024 παρακελεύεσθαι.

594 1054 903 1117 πιστεύειν
940 1054 1002 1117 δὲ
1041 1052 1251 1129 μηδενὶ
1293 1055 1467 1131 ἄλλῳ
1512 1056 1657 1119 ἀλλ’
1692 1058 1725 1128 ἢ
1755 1058 1948 1128 αὐτὴν
1975 1054 2185 1134 ἑαυτῇ.
2237 1053 2622 1139 Elegantem
2643 1052 2802 1115 hanc
2829 1061 2908 1114 et

502 1180 648 1224 vere
694 1158 1091 1224 Platonicam
1140 1167 1535 1225 structuram
1576 1182 1860 1248 papyrus
1896 1183 2022 1226 non
2061 1161 2254 1225 habet
2293 1160 2436 1224 sed:
2480 1158 2686 1234 μηδενὶ
2717 1156 2906 1233 ἄλλῳ

503 1265 537 1339 ἢ
594 1313 608 1328 .
639 1314 653 1328 .
684 1314 699 1329 .
731 1313 745 1328 .
814 1262 1133 1331 Continuo
1194 1269 1515 1352 sequitur:
1580 1264 1694 1343 ὄπι
1743 1266 1820 1331 ἂν
1870 1270 2046 1340 νοήσῃ
2093 1268 2254 1337 αὐτὴ
2307 1265 2445 1329 καθ’
2499 1265 2688 1337 αὐτὴν
2737 1262 2904 1327 αὐτὸ

504 1371 641 1434 καθ’
690 1371 839 1435 αὐτὸ
886 1378 1001 1434 τῶν
1048 1370 1245 1435 ὄντων.
1296 1370 1504 1451 Quam
1550 1372 1721 1438 male
1767 1376 1998 1460 papyri
2044 1373 2249 1437 scriba
2293 1370 2683 1436 intellexerit
2729 1390 2904 1454 quae

502 1480 757 1563 scripsit
792 1476 898 1542 hio
934 1476 1111 1542 locus
1146 1477 1254 1542 vel
1292 1478 1467 1544 solus
1498 1479 1734 1544 indicio
1775 1500 1912 1545 esse
1951 1484 2195 1564 potest:
2240 1499 2364 1542 non
2405 1480 2580 1543 enim
2617 1478 2904 1541 sentiens

502 1587 868 1671 genitivum
905 1590 1022 1647 τῶν
1062 1583 1242 1648 ὄντων
1281 1586 1551 1669 pendere
1590 1588 1669 1651 ab
1706 1584 1818 1664 δ’,τι
1863 1587 1940 1651 de
1981 1608 2096 1651 suo
2137 1592 2283 1672 post
2319 1585 2475 1651 αὐτό
2511 1586 2782 1649 inseruit
2805 1607 2900 1646 τι.

596 1690 681 1755 83
706 1689 778 1753 Β.
850 1686 965 1767 ὄπι
1034 1692 1095 1753 δὲ
1158 1691 1233 1754 ἂν
1298 1694 1373 1754 δι’
1436 1692 1646 1756 ἄλλων
1707 1704 1907 1774 σκοπῇ
1977 1695 2038 1757 ἐν
2086 1692 2302 1763 ἄλλοις
2353 1690 2414 1755 ὃν
2461 1691 2656 1767 ἄλλο,
2705 1690 2904 1764 μηδὲν

516 1798 797 1874 ἡγεῖσθαι
847 1798 1090 1871 daubis.
1140 1796 1312 1877 Quae
1356 1819 1571 1882 mens,
1622 1820 1750 1864 non
1795 1820 1907 1886 per
1954 1820 2021 1863 se
2067 1798 2200 1864 sola
2249 1798 2360 1863 sed
2403 1798 2694 1863 sensibus
2738 1816 2900 1871 usa,

510 1906 779 1990 percipit
798 1951 813 1979 ,
864 1902 1157 1988 singulae
1206 1924 1305 1968 res
1350 1912 1537 1981 sunt,
1601 1926 1727 1969 non
1790 1904 2058 1969 illarum
2119 1904 2252 1969 ἰδέαι
2271 1953 2286 1981 ,
2351 1903 2614 1968 illarum
2671 1908 2902 1967 autem

504 2012 740 2095 species
786 2029 1115 2095 nunquam
1161 2010 1381 2075 eadem
1429 2016 1527 2075 est
1544 2060 1559 2087 ,
1609 2014 1858 2095 ideoque
1901 2014 2194 2076 veritatis
2239 2010 2404 2075 nihil
2439 2010 2696 2075 habent.
2745 2008 2904 2072 Per-

504 2138 699 2202 quam
768 2136 921 2202 ergo
988 2119 1415 2181 necessarium
1485 2118 1589 2182 hie
1660 2125 1757 2183 est
1825 2120 2240 2203 participium
2303 2116 2386 2193 ὅν,
2453 2116 2625 2203 quod
2673 2122 2898 2180 tamen

510 2224 757 2288 omittit
804 2242 1109 2308 papyrus.

594 2324 747 2393 εἶναι
798 2327 859 2391 δὲ
906 2332 975 2393 τὸ
1022 2331 1133 2403 μὲν
1183 2334 1445 2394 τοιοῦτον
1492 2329 1776 2403 αἰσθητόν
1825 2354 1895 2393 τε
1944 2329 2049 2394 καὶ
2101 2328 2331 2413 ὁρατόν,
2383 2325 2412 2393 ὃ
2461 2329 2524 2394 δὲ
2571 2330 2734 2400 αὐτὴ
2781 2328 2896 2407 δρᾷ

510 2434 719 2507 νοητόν
781 2459 848 2497 τε
914 2437 1015 2499 καὶ
1083 2434 1302 2505 ἀειδὲς.
1366 2435 1533 2516 Quin
1592 2437 1682 2499 bis
1741 2437 1844 2502 hic
1891 2461 1960 2501 τε
2011 2438 2120 2500 καί
2165 2456 2325 2521 opus
2371 2438 2458 2499 sit
2502 2456 2629 2499 non
2680 2440 2897 2520 potest

502 2562 638 2607 esse
702 2540 970 2605 dubium
988 2562 1002 2618 ;
1052 2544 1121 2605 in
1144 2554 1411 2628 'papyro
1460 2548 1676 2607 tamen
1721 2550 1866 2628 post
1917 2541 2201 2616 αἰσθητόν
2247 2540 2522 2627 simplex
2571 2541 2681 2604 xa!
2727 2540 2896 2625 leg-i-

503 2656 629 2713 tur.
677 2647 1011 2712 Praeterea
1056 2668 1171 2732 pro
1214 2644 1285 2711 ὃ.
1318 2696 1331 2711 .
1364 2696 1378 2711 .
1408 2695 1422 2712 .
1466 2648 1569 2729 ὁρᾷ
1613 2648 1806 2713 habet
1856 2642 1898 2729 ᾧ
1949 2697 1962 2713 .
1995 2697 2009 2712 .
2034 2696 2048 2713 .
2077 2696 2092 2711 .
2135 2649 2463 2728 προσέχει,
2509 2645 2681 2732 quod
2719 2645 2894 2711 unde

502 2756 805 2819 sumserit
866 2774 993 2817 non
1054 2751 1350 2839 intelligo
1369 2803 1385 2830 ,
1452 2754 1561 2818 sed
1625 2753 1862 2819 falsum
1925 2776 2061 2820 esse
2128 2760 2391 2819 constat.
2455 2752 2652 2818 Haud
2715 2754 2892 2817 enim

501 2880 696 2946 parvo
759 2861 965 2943 spatio
1029 2860 1154 2921 ἀπὸ
1218 2864 1325 2922 τοῦ
1390 2859 1529 2935 δρᾶν
1595 2860 1792 2925 distat
1855 2860 1923 2922 τὸ
1989 2862 2332 2939 προσέχειν,
2397 2858 2566 2944 quod
2627 2856 2892 2923 videndi

502 2964 946 3030 tantummodo
1008 2964 1325 3049 quendam
1387 2974 1659 3029 conatum
1723 2967 2042 3053 significat
2061 3017 2075 3043 ,
2155 2989 2354 3030 verum
2413 2970 2634 3030 autem
2695 2972 2892 3048 atque

502 3075 823 3137 sincerum
872 3093 999 3135 non
1043 3072 1113 3135 id
1160 3078 1257 3135 est
1303 3072 1473 3156 quod
1518 3093 1700 3137 mens
1747 3074 1951 3136 videre
1997 3072 2127 3135 vult
2149 3122 2163 3149 ,
2213 3072 2324 3137 sed
2371 3071 2540 3157 quod
2591 3071 2754 3133 videt
2799 3076 2898 3132 at-

502 3199 625 3265 que
670 3177 980 3260 perspicit.
1030 3177 1116 3242 Et
1163 3198 1387 3243 vereor
1430 3200 1507 3243 ne
1555 3178 1824 3244 ridicule
1871 3180 2117 3245 dictum
2167 3182 2251 3243 sit
2298 3180 2332 3253 ἡ
2371 3182 2554 3260 ψυχὴ
2598 3178 2894 3255 προσέχει

502 3286 623 3349 τινί
668 3306 751 3350 sc.
802 3288 905 3349 τὸν
956 3290 1107 3348 νοῦν.

592 3392 911 3472 ἀπέχεται
977 3397 1094 3454 τῶν
1160 3390 1373 3462 ἡδονῶν
1436 3417 1509 3456 τε
1558 3394 1661 3455 καὶ
1713 3394 2038 3467 ἐπιθυμιῶν
2087 3394 2190 3457 καὶ
2241 3398 2446 3457 λυπῶν
2496 3393 2598 3455 καὶ
2649 3390 2888 3469 Φὸβων.

500 3498 575 3561 In
638 3518 882 3585 papyro
946 3498 1051 3561 καὶ
1117 3498 1335 3575 φόβων
1398 3499 1811 3577 desideratur,
1861 3506 1925 3564 et
1969 3499 2308 3564 Iambliohi
2351 3505 2607 3563 textum
2651 3496 2770 3562 hac
2815 3500 2888 3560 in

501 3626 570 3670 re
615 3626 767 3669 cum
810 3624 1054 3691 papyro
1104 3609 1457 3671 consentire
1504 3613 1812 3671 annotant
1850 3607 2143 3672 editores.
2192 3606 2316 3671 Sed
2353 3608 2658 3691 quoniam
2695 3624 2890 3691 supra

500 3714 671 3775 inter
728 3732 957 3796 pravos
1016 3712 1355 3776 hominum
1416 3712 1675 3777 affectus
1733 3716 1931 3778 etiam
1992 3720 2206 3779 metus
2250 3715 2492 3777 mentio
2539 3712 2708 3776 facta
2753 3720 2848 3775 est
2867 3758 2886 3785 ,

502 3839 661 3882 num
706 3816 870 3881 illud
918 3820 1020 3881 xx>
1069 3817 1289 3896 φόβων
1336 3819 1551 3884 abesse
1602 3822 1802 3903 possit
1848 3819 2090 3884 dubito.

595 3920 957 4003 λογιζομένη
1022 3922 1148 4001 ὅτι,
1213 3925 1463 3988 ἐπειδάν
1526 3950 1617 3994 τις
1683 3925 1929 4003 σφόδρα
1979 3927 2124 4005 ἧσθῇ
2179 3927 2212 3999 ἢ
2261 3925 2510 4003 Φοβηθῦ
2561 3924 2593 3998 ἦ
2645 3924 2888 4001 &vx-no&

507 4032 541 4106 ἢ
608 4030 948 4110 ἐπιθυμήσῃ
1013 4029 1141 4093 κτὲ.
1216 4029 1291 4093 In
1354 4052 1597 4117 papyro
1659 4031 1832 4095 idem
1893 4038 1990 4096 est
2053 4032 2398 4096 verborum
2459 4030 2642 4107 ordo,
2693 4050 2886 4115 quem

504 4136 674 4222 apud
735 4135 1163 4201 Iamblichum
1222 4144 1437 4203 extare
1500 4144 1808 4202 annotant
1868 4138 2177 4202 editores:
2249 4138 2398 4219 ἡσθῇ
2461 4137 2496 4212 ἣ
2563 4139 2800 4217 ava-noi
2847 4136 2884 4209 ἢ

504 4242 751 4322 φοβηθῇ
804 4242 837 4315 ἢ
888 4241 1245 4321 ἐπιθυμήσῃ.
1294 4244 1631 4309 Praeterea
1675 4246 1744 4307 in
1792 4264 2035 4330 papyro
2084 4250 2228 4330 post
2274 4268 2366 4315 τις
2412 4243 2659 4329 legitur
2703 4267 2800 4321 τι,
2847 4263 2886 4307 e

507 4348 941 4435 dittographia
987 4354 1233 4412 natum.
