3192 5009
1312 325 1662 375 nonmcs.
2536 309 2662 377 135

290 492 536 555 ciamus
596 489 800 570 ἀνδρὸς
856 490 1130 571 γέροντος
1196 492 1369 562 ἐλπὶς
1431 495 1464 567 ἧ
1510 493 1826 573 βακτηρία
1877 492 1982 559 vel
2027 495 2342 560 eiusmodi
2387 495 2662 582 aliquid,

288 598 361 659 in
425 595 681 682 qualem
740 600 1170 663 coniecturam
1228 598 1523 664 inciderit
1583 600 1849 665 fortasse
1919 602 2239 688 quispiam
2299 623 2512 667 recens
2586 605 2665 670 ab

290 702 735 789 Aristophanis
781 705 1289 771 Acharnensibus
1306 754 1323 783 ,
1390 707 1502 771 ubi
1546 706 1759 773 multa
1800 706 2108 793 leguntur
2153 707 2230 773 de
2275 709 2529 774 senibus

516 803 599 880 οἷς
650 810 943 875 Ποσειδῶν
992 812 1343 891 ἀσφάλειός
1393 813 1555 876 ἔστιν
1603 815 1636 887 ἦ
1685 812 2001 890 βακτηρία
2049 820 2172 894 (ve.
2224 814 2401 897 682).

290 914 365 979 Si
425 936 573 981 vero
632 920 988 1003 genuinum
1046 922 1143 983 est
1201 917 1427 999 ῥάβδος
1445 967 1462 996 ,
1525 939 1604 983 ex
1656 920 1987 1006 tragoedia.
2030 920 2363 986 desumtus
2409 922 2667 988 videtur

291 1025 601 1089 trimeter.
665 1022 934 1088 Mallem
987 1044 1135 1089 sane
1183 1023 1429 1089 nullam
1473 1028 1732 1091 omnino
1778 1026 1882 1091 hic
1928 1030 2319 1092 mentionem
2365 1027 2502 1093 fieri
2551 1032 2666 1094 sci-
2739 1030 2746 1039 '

289 1129 497 1213 pionis
515 1176 531 1205 ‚
582 1131 793 1213 aptius
839 1131 1013 1194 enim
1059 1129 1223 1195 foret
1267 1150 1363 1195 ex.
1412 1152 1511 1217 gr.

845 1235 1051 1312 ἀνδρὸς
1098 1236 1373 1312 γέροντος
1424 1235 1614 1315 ἔγχος
1669 1238 1702 1311 ἦ
1755 1238 2081 1315 προμηθία.

293 1338 419 1406 Sed
465 1344 659 1405 nimis
701 1340 893 1428 longe
938 1344 1031 1407 ita
1075 1342 1441 1408 aberramus
1487 1343 1565 1408 ab
1609 1345 1690 1409 iis
1736 1365 1896 1429 quae
1938 1344 2173 1409 tradita
2219 1348 2600 1432 accepimus.

378 1508 478 1573 Ad
543 1518 596 1572 Ο
626 1506 755 1575 ’705
818 1507 1207 1576 Genevensis
1269 1509 1552 1598 scholion
1599 1511 1856 1596 praebet
1900 1511 2107 1577 multo
2153 1511 2413 1577 uberius
2467 1534 2662 1598 quam

287 1636 450 1701 quae
505 1617 574 1679 111
627 1614 805 1681 codd.
876 1616 929 1680 A
987 1621 1054 1681 et
1113 1614 1167 1681 Τ
1230 1624 1449 1682 extant
1493 1616 1568 1682 de
1614 1638 1768 1683 voce
1818 1619 2128 1695 ὠκύαλος,
2176 1621 2340 1683 sitne
2388 1620 2660 1685 ὠκύαλος

287 1722 685 1787 recitandum
754 1742 833 1787 an
902 1720 1184 1808 syllabae
1252 1735 1433 1792 -αλος
1504 1726 1634 1789 sint
1703 1723 2006 1788 suffixum
2084 1724 2510 1812 expletivum,
2593 1724 2662 1789 id

286 1826 458 1913 quod
516 1835 761 1893 veteres
821 1827 1082 1913 quidam
1134 1831 1541 1915 grammatici
1602 1832 1928 1915 putavisse
1973 1828 2271 1895 dicuntur
2317 1830 2657 1903 πεισθέντες

286 1935 413 1999 κάκ
494 1938 600 1998 τοῦ
670 1935 1006 2011 »ὠκυάλοις
1078 1936 1268 1999 ποδῶν
1337 1934 1806 2013 ανηρύγμασι”,
1879 1936 2014 2000 ἀντὶ
2087 1940 2194 2000 τοῦ
2265 1937 2490 2001 etnim.
2585 1935 2660 2000 In

285 2041 683 2118 ἀνηρύγμασι
754 2040 907 2126 quid
964 2040 1196 2119 lateat,
1261 2046 1327 2106 et
1386 2042 1553 2107 unde
1599 2043 1754 2107 haec
1801 2044 1930 2107 sint
1975 2041 2294 2119 desumta,
2341 2045 2661 2108 incertum

285 2154 404 2215 est.
475 2147 695 2214 Nicole
758 2150 1081 2234 rescripsit
1145 2150 1634 2226 ἅναρρῆγμασιν,
1698 2148 1966 2214 addens:
2027 2148 2132 2226 „la
2179 2148 2430 2234 dipodie
2477 2148 2661 2216 doch-

286 2257 545 2340 miaque
608 2254 768 2319 citee
825 2256 911 2319 ici
973 2259 1067 2319 est
1129 2254 1295 2320 tiree
1342 2254 1495 2320 d’un
1542 2258 1726 2341 poete
1775 2257 2088 2341 trag-ique.
2159 2254 2248 2320 Le
2295 2262 2432 2321 mot
2479 2257 2659 2332 οἰνάρ-

286 2385 504 2442 ρηγμα
570 2367 667 2426 est
729 2360 841 2425 un'
877 2357 1057 2435 ἅπαξ
1076 2381 1091 2425 :
1156 2360 1207 2425 11
1253 2361 1447 2449 s'agit
1495 2362 1570 2427 de
1617 2362 1682 2427 la
1729 2364 2048 2447 poussiere
2095 2363 2386 2428 arrachee
2434 2383 2519 2429 au
2563 2361 2659 2428 sol

289 2474 356 2533 et
392 2466 605 2533 lancee
645 2488 723 2533 en
773 2466 916 2533 l’air
962 2488 1077 2553 par
1120 2466 1213 2533 les
1253 2468 1431 2554 pieds
1478 2468 1586 2534 des
1631 2467 1984 2534 chevaux.’'
2034 2504 2119 2515 —-
2165 2467 2336 2532 Mihi
2382 2472 2518 2533 veri
2566 2472 2659 2533 vi-

286 2575 475 2639 detur
541 2572 752 2639 multo
822 2573 1101 2639 similius
1169 2576 1424 2661 epicum
1501 2575 1781 2660 aliquem
1847 2573 2066 2639 locum
2133 2574 2338 2640 afferri
2355 2623 2372 2653 ,
2443 2578 2660 2661 itaque

285 2682 499 2768 potius
544 2681 939 2766 scripserim:

847 2784 1169 2851 ὦκυῶλοισι
1218 2784 1411 2851 ποδῶν
1457 2785 2016 2863 ὥμαρύγμασι
2047 2834 2063 2863 ,

283 2914 408 2979 quo
468 2891 777 2957 vocabulo
837 2891 1195 2958 Hesiodum
1256 2914 1449 2957 usum
1511 2914 1645 2958 esse
1694 2897 1966 2958 testatur
2008 2891 2230 2979 Etym.
2278 2891 2374 2956 M.
2427 2890 2532 2971 77,
2569 2892 2656 2957 32

280 3001 537 3087 (fragm.
562 2997 717 3064 Hos·
749 2997 877 3063 140
900 2998 1075 3077 Rz.):
1120 3000 1388 3077 Χαρίτων
1424 2998 1850 3079 ἀμαρύγματ’
1875 3000 2131 3078 ἔχουσα,
2159 2998 2234 3063 de
2259 2997 2658 3085 fulgentibus

278 3110 415 3172 sive
455 3106 839 3172 micantibus
878 3105 1097 3171 oculis.
1147 3103 1313 3172 Cum
1351 3104 1555 3172 levior
1594 3111 1692 3171 est
1728 3106 1880 3170 haec
1921 3108 2239 3183 correctio,
2265 3110 2411 3169 tum
2434 3127 2656 3172 vocem

278 3212 533 3279 aliunde
594 3216 919 3301 cognitam
979 3234 1052 3279 ea
1108 3216 1538 3278 nanciscimur
1580 3232 1783 3297 neque
1830 3233 1988 3298 opus
2031 3218 2128 3277 est
2173 3214 2380 3299 igitur
2423 3235 2657 3280 novam

278 3320 535 3407 fingere.
572 3320 859 3385 Possitne
883 3319 1098 3405 pulvis
1123 3318 1779 3397 11101ἀναρρήγνυσθαι,
1805 3339 2102 3403 quaerere
2125 3340 2292 3384 nunc
2316 3317 2482 3397 11010,
2506 3319 2658 3386 licet

277 3429 390 3491 vix
447 3426 734 3504 credam3
800 3446 879 3491 ne
940 3425 1168 3513 gallice
1232 3425 1491 3510 quidem
1544 3428 1700 3491 satis
1747 3430 1916 3491 recte
1933 3474 1949 3502 ,
1992 3427 2118 3490 nisi
2165 3424 2371 3503 fallor,
2423 3426 2656 3492 dixerit

279 3535 595 3619 quispiam
637 3532 771 3609 „les
810 3532 1021 3597 sabots
1060 3532 1169 3596 des
1208 3531 1496 3597 chevaux
1535 3531 1921 3594 urrachaient
1955 3530 2018 3596 la
2041 3533 2360 3615 poussiere
2387 3551 2468 3597 au
2493 3531 2652 3597 601.”

366 3638 606 3705 Verum
652 3642 707 3703 si
751 3639 920 3716 vidi,
970 3659 1095 3703 vox
1136 3640 1584 3718 ἀμαρύγματα
1627 3637 1795 3723 apud
1833 3641 2133 3725 ignotum
2156 3644 2444 3723 poetam,
2471 3642 2654 3705 cuius

277 3745 471 3814 verba
512 3748 583 3809 in
628 3744 868 3811 scholio
917 3744 1281 3823 afferuntur,
1328 3744 1500 3811 idem
1555 3742 1810 3811 valebat
1869 3744 2035 3829 quod
2094 3746 2137 3807 οἱ
2154 3769 2203 3820 μ
2224 3769 2265 3807 α
2283 3769 2311 3820 ρ
2329 3771 2363 3807 υ
2381 3770 2424 3820 γ
2445 3749 2525 3809 a!
2583 3748 2653 3810 in

281 3850 607 3938 Apollonii
667 3850 869 3917 Rhod.
929 3852 1167 3937 Argon.
1226 3850 1320 3915 III
1372 3850 1536 3915 108:
1596 3859 1706 3925 τῆς
1757 3850 1807 3915 δ’
1854 3852 2190 3929 ἀμαρυγὰς
2252 3851 2262 3937 Ι
2317 3852 2655 3928 ὀφθαλμῶν

282 3957 563 4039 ἥρπαζεν,
635 3958 746 4022 11111
816 3956 1095 4022 scholion
1163 3956 1401 4022 reddit:
1474 3964 1801 4035 ,,συνεχεῖς
1865 3960 2160 4034 κινήσεις,
2220 3958 2494 4035 Ὄμηρος
2553 3956 2653 4022 δὲ·

276 4063 845 4145 μαρμαρυγὰς
894 4066 1092 4137 θηεῖτο
1143 4062 1377 4128 ποδῶν”
1429 4065 1487 4146 [θ
1520 4061 1702 4145 265}

367 4217 467 4282 Ad
495 4225 544 4281 Φ
566 4214 693 4280 196
720 4237 754 4281 6
776 4215 1183 4300 Xenophanis
1208 4216 1340 4291 περὶ
1366 4215 1610 4291 Φύσεως
1635 4212 1798 4280 111110
1820 4217 2101 4279 citantur
2116 4235 2358 4293 versus,
2378 4236 2652 4300 quorum

279 4326 525 4411 primus
549 4324 779 4409 partim
810 4322 1073 4387 antehac
1098 4343 1175 4386 ex
1202 4320 1470 4387 Stobaeo
1494 4324 1856 4387 innotuerat
1877 4320 1990 4400 (IV
2005 4342 2151 4407 pag.
2175 4320 2297 4385 151
2318 4320 2649 4403 Meinek.):

548 4432 721 4507 πηγὴ
772 4428 823 4493 δ’
852 4428 982 4492 ἐστὶ
1031 4428 1299 4493 θάλασσ’
1350 4428 1565 4499 ὕδατος
1582 4476 1599 4506 ,
1650 4431 1821 4506 πηγὴ
1872 4428 1925 4494 δ’
1952 4429 2192 4506 ὦνέμοιο
2213 4450 2226 4466 ·
