<?xml version="1.0" encoding="UTF-8"?>
<!DOCTYPE html PUBLIC "-//W3C//DTD XHTML 1.0 Transitional//EN"
    "http://www.w3.org/TR/xhtml1/DTD/xhtml1-transitional.dtd">
<html xmlns="http://www.w3.org/1999/xhtml" xml:lang="en" lang="en">
 <head>
  <title>
</title>
<meta http-equiv="Content-Type" content="text/html;charset=utf-8" />
  <meta name='ocr-system' content='tesseract 3.04.00' />
  <meta name='ocr-capabilities' content='ocr_page ocr_carea ocr_par ocr_line ocrx_word'/>
</head>
<body>
  <div class='ocr_page' id='page_1' title='image "./mnemosyne07servgoog_0224.png"; bbox 0 0 3192 5009; ppageno 0'>
   <div class='ocr_carea' id='block_1_1' title="bbox 569 230 1952 307">
    <p class='ocr_par' dir='ltr' id='par_1_1' title="bbox 569 230 1952 307">
     <span class='ocr_line' id='line_1_1' title="bbox 569 230 1952 307; baseline 0.005 -10"><span class='ocrx_word' id='word_1_1' title='bbox 569 230 702 297; x_wconf 81' lang='lat'><strong><em>216</em></strong></span> <span class='ocrx_word' id='word_1_2' title='bbox 1551 257 1952 307; x_wconf 66' lang='lat' dir='ltr'><strong><em>Amnum.</em></strong></span> 
     </span>
    </p>
   </div>
   <div class='ocr_carea' id='block_1_2' title="bbox 566 420 2968 4437">
    <p class='ocr_par' dir='ltr' id='par_1_2' title="bbox 568 420 2960 1256">
     <span class='ocr_line' id='line_1_2' title="bbox 569 420 2953 511; baseline 0.002 -32"><span class='ocrx_word' id='word_1_3' title='bbox 569 421 785 482; x_wconf 77' lang='lat' dir='ltr'>mento</span> <span class='ocrx_word' id='word_1_4' title='bbox 846 423 955 505; x_wconf 78' lang='lat' dir='ltr'><strong><em>agi</em></strong></span> <span class='ocrx_word' id='word_1_5' title='bbox 1014 427 1191 506; x_wconf 81' lang='lat' dir='ltr'>patet</span> <span class='ocrx_word' id='word_1_6' title='bbox 1210 472 1225 495; x_wconf 86' lang='lat'>‚</span> <span class='ocrx_word' id='word_1_7' title='bbox 1292 426 1509 509; x_wconf 78' lang='lat' dir='ltr'>itaque</span> <span class='ocrx_word' id='word_1_8' title='bbox 1575 446 1764 489; x_wconf 91' lang='lat' dir='ltr'>nemo</span> <span class='ocrx_word' id='word_1_9' title='bbox 1825 446 1955 489; x_wconf 88' lang='lat' dir='ltr'><strong><em>non</em></strong></span> <span class='ocrx_word' id='word_1_10' title='bbox 2018 423 2313 489; x_wconf 87' lang='lat' dir='ltr'>Kaibelio</span> <span class='ocrx_word' id='word_1_11' title='bbox 2374 422 2674 511; x_wconf 79' lang='lat' dir='ltr'>concedet</span> <span class='ocrx_word' id='word_1_12' title='bbox 2719 420 2953 485; x_wconf 80' lang='lat' dir='ltr'>falsam</span> 
     </span>
     <span class='ocr_line' id='line_1_3' title="bbox 569 524 2956 605; baseline 0.001 -19"><span class='ocrx_word' id='word_1_13' title='bbox 569 543 703 587; x_wconf 84' lang='lat' dir='ltr'>esse</span> <span class='ocrx_word' id='word_1_14' title='bbox 764 524 1076 592; x_wconf 85' lang='lat' dir='ltr'>Meinekii</span> <span class='ocrx_word' id='word_1_15' title='bbox 1138 533 1571 595; x_wconf 79' lang='lat' dir='ltr'>coniecturam</span> <span class='ocrx_word' id='word_1_16' title='bbox 1635 533 1993 595; x_wconf 70' lang='grc' dir='ltr'><strong><em>ἀναπεσεῖν.</em></strong></span> <span class='ocrx_word' id='word_1_17' title='bbox 2041 529 2476 595; x_wconf 77' lang='lat' dir='ltr'><strong>Nihilominus</strong></span> <span class='ocrx_word' id='word_1_18' title='bbox 2525 525 2671 603; x_wconf 76' lang='grc' dir='ltr'><strong><em>ἅμα</em></strong></span> <span class='ocrx_word' id='word_1_19' title='bbox 2717 527 2956 605; x_wconf 84' lang='grc' dir='ltr'><strong><em>βαλεῖν</em></strong></span> 
     </span>
     <span class='ocr_line' id='line_1_4' title="bbox 568 635 2556 723; baseline 0.003 -30"><span class='ocrx_word' id='word_1_20' title='bbox 568 650 797 696; x_wconf 89' lang='lat' dir='ltr'>sanum</span> <span class='ocrx_word' id='word_1_21' title='bbox 844 652 979 698; x_wconf 88' lang='lat' dir='ltr'>esse</span> <span class='ocrx_word' id='word_1_22' title='bbox 1024 635 1275 701; x_wconf 89' lang='lat' dir='ltr'>credere</span> <span class='ocrx_word' id='word_1_23' title='bbox 1322 658 1564 723; x_wconf 81' lang='lat' dir='ltr'>nequeo</span> <span class='ocrx_word' id='word_1_24' title='bbox 1611 644 1677 703; x_wconf 80' lang='lat' dir='ltr'><strong><em>et</em></strong></span> <span class='ocrx_word' id='word_1_25' title='bbox 1722 637 1853 703; x_wconf 90' lang='lat' dir='ltr'>leni</span> <span class='ocrx_word' id='word_1_26' title='bbox 1896 658 2094 702; x_wconf 87' lang='lat' dir='ltr'>manu</span> <span class='ocrx_word' id='word_1_27' title='bbox 2139 638 2556 702; x_wconf 82' lang='lat' dir='ltr'>correxerim:</span> 
     </span>
     <span class='ocr_line' id='line_1_5' title="bbox 1879 740 2490 821; baseline -0.005 -14"><span class='ocrx_word' id='word_1_28' title='bbox 1879 742 2083 821; x_wconf 79' lang='grc' dir='ltr'><strong><em>πότερ’</em></strong></span> <span class='ocrx_word' id='word_1_29' title='bbox 2130 740 2252 807; x_wconf 73' lang='grc' dir='ltr'><strong><em>ἄνω</em></strong></span> <span class='ocrx_word' id='word_1_30' title='bbox 2301 741 2490 813; x_wconf 74' lang='grc' dir='ltr'><strong><em>θέλεις</em></strong></span> 
     </span>
     <span class='ocr_line' id='line_1_6' title="bbox 842 846 2206 930; baseline 0.003 -21"><span class='ocrx_word' id='word_1_31' title='bbox 842 846 1189 912; x_wconf 78' lang='grc' dir='ltr'><strong><em>ἐλθοῦσά</em></strong></span> <span class='ocrx_word' id='word_1_32' title='bbox 1237 874 1333 924; x_wconf 88' lang='grc' dir='ltr'><strong><em>με</em></strong></span> <span class='ocrx_word' id='word_1_33' title='bbox 1380 850 1683 927; x_wconf 83' lang='grc' dir='ltr'><strong><em>λαβεῖν</em></strong></span> <span class='ocrx_word' id='word_1_34' title='bbox 1734 851 1767 925; x_wconf 76' lang='grc' dir='ltr'>ἢ</span> <span class='ocrx_word' id='word_1_35' title='bbox 1818 850 2023 930; x_wconf 84' lang='grc' dir='ltr'><strong><em>κάτω;</em></strong></span> <span class='ocrx_word' id='word_1_36' title='bbox 2077 850 2206 913; x_wconf 77' lang='grc' dir='ltr'><strong><em>κτέ.</em></strong></span> 
     </span>
     <span class='ocr_line' id='line_1_7' title="bbox 568 950 2960 1043; baseline 0.001 -30"><span class='ocrx_word' id='word_1_37' title='bbox 568 950 740 1035; x_wconf 92' lang='lat' dir='ltr'>quod</span> <span class='ocrx_word' id='word_1_38' title='bbox 797 951 982 1018; x_wconf 89' lang='lat' dir='ltr'>facile</span> <span class='ocrx_word' id='word_1_39' title='bbox 1044 966 1141 1019; x_wconf 82' lang='lat' dir='ltr'><strong><em>est</em></strong></span> <span class='ocrx_word' id='word_1_40' title='bbox 1187 956 1267 1020; x_wconf 82' lang='lat' dir='ltr'><strong><em>ad</em></strong></span> <span class='ocrx_word' id='word_1_41' title='bbox 1311 955 1840 1043; x_wconf 79' lang='lat' dir='ltr'>intellegendum.</span> <span class='ocrx_word' id='word_1_42' title='bbox 1891 957 2048 1021; x_wconf 85' lang='lat' dir='ltr'><strong><em>Mox</em></strong></span> <span class='ocrx_word' id='word_1_43' title='bbox 2097 956 2216 1020; x_wconf 85' lang='lat' dir='ltr'>sub</span> <span class='ocrx_word' id='word_1_44' title='bbox 2263 954 2318 1019; x_wconf 82' lang='grc' dir='ltr'><strong>Ε</strong></span> <span class='ocrx_word' id='word_1_45' title='bbox 2363 956 2429 1018; x_wconf 87' lang='lat' dir='ltr'><strong><em>in</em></strong></span> <span class='ocrx_word' id='word_1_46' title='bbox 2479 953 2766 1018; x_wconf 89' lang='lat' dir='ltr'>eiusdem</span> <span class='ocrx_word' id='word_1_47' title='bbox 2809 950 2960 1015; x_wconf 80' lang='lat' dir='ltr'><strong><em>Ma-</em></strong></span> 
     </span>
     <span class='ocr_line' id='line_1_8' title="bbox 568 1056 2954 1149; baseline 0 -28"><span class='ocrx_word' id='word_1_48' title='bbox 568 1056 787 1121; x_wconf 87' lang='lat' dir='ltr'>chonis</span> <span class='ocrx_word' id='word_1_49' title='bbox 849 1057 1135 1144; x_wconf 86' lang='lat' dir='ltr'>reliquiis</span> <span class='ocrx_word' id='word_1_50' title='bbox 1191 1064 1301 1125; x_wconf 82' lang='lat' dir='ltr'><strong><em>vix</em></strong></span> <span class='ocrx_word' id='word_1_51' title='bbox 1348 1064 1602 1149; x_wconf 79' lang='lat' dir='ltr'>integ-ra</span> <span class='ocrx_word' id='word_1_52' title='bbox 1647 1069 1798 1127; x_wconf 78' lang='lat' dir='ltr'>sunt</span> <span class='ocrx_word' id='word_1_53' title='bbox 1842 1064 2036 1128; x_wconf 81' lang='lat' dir='ltr'>verba</span> <span class='ocrx_word' id='word_1_54' title='bbox 2083 1062 2168 1126; x_wconf 70' lang='grc' dir='ltr'><strong><em>τὰ</em></strong></span> <span class='ocrx_word' id='word_1_55' title='bbox 2213 1060 2383 1139; x_wconf 72' lang='grc' dir='ltr'><strong><em>μετὰ</em></strong></span> <span class='ocrx_word' id='word_1_56' title='bbox 2431 1064 2642 1123; x_wconf 81' lang='grc' dir='ltr'><strong><em>ταῦτα</em></strong></span> <span class='ocrx_word' id='word_1_57' title='bbox 2689 1080 2785 1123; x_wconf 81' lang='lat' dir='ltr'><strong><em>vs.</em></strong></span> <span class='ocrx_word' id='word_1_58' title='bbox 2838 1056 2954 1134; x_wconf 84' lang='lat'><strong><em>24,</em></strong></span> 
     </span>
     <span class='ocr_line' id='line_1_9' title="bbox 568 1165 2541 1256; baseline 0.002 -29"><span class='ocrx_word' id='word_1_59' title='bbox 568 1184 682 1247; x_wconf 90' lang='lat' dir='ltr'>pro</span> <span class='ocrx_word' id='word_1_60' title='bbox 727 1165 959 1248; x_wconf 85' lang='lat' dir='ltr'>quibus</span> <span class='ocrx_word' id='word_1_61' title='bbox 1005 1174 1115 1243; x_wconf 84' lang='grc' dir='ltr'><strong><em>ψα</em></strong></span> <span class='ocrx_word' id='word_1_62' title='bbox 1136 1183 1174 1230; x_wconf 90' lang='grc' dir='ltr'><strong><em>λ</em></strong></span> <span class='ocrx_word' id='word_1_63' title='bbox 1195 1169 1318 1247; x_wconf 86' lang='grc' dir='ltr'><strong><em>τρί</em></strong></span> <span class='ocrx_word' id='word_1_64' title='bbox 1337 1193 1424 1232; x_wconf 87' lang='grc' dir='ltr'><strong><em>αν</em></strong></span> <span class='ocrx_word' id='word_1_65' title='bbox 1470 1175 1585 1234; x_wconf 76' lang='lat' dir='ltr'>aut</span> <span class='ocrx_word' id='word_1_66' title='bbox 1630 1169 1844 1235; x_wconf 86' lang='lat' dir='ltr'>simile</span> <span class='ocrx_word' id='word_1_67' title='bbox 1890 1169 2045 1256; x_wconf 87' lang='lat' dir='ltr'>quid</span> <span class='ocrx_word' id='word_1_68' title='bbox 2091 1169 2541 1256; x_wconf 77' lang='lat' dir='ltr'>expectaveris.</span> 
     </span>
    </p>

    <p class='ocr_par' dir='ltr' id='par_1_3' title="bbox 566 1268 2968 2956">
     <span class='ocr_line' id='line_1_10' title="bbox 659 1268 2956 1362; baseline 0.001 -30"><span class='ocrx_word' id='word_1_69' title='bbox 659 1291 719 1354; x_wconf 89' lang='lat' dir='ltr'><strong><em>p.</em></strong></span> <span class='ocrx_word' id='word_1_70' title='bbox 764 1268 894 1334; x_wconf 89' lang='lat'><strong><em>594</em></strong></span> <span class='ocrx_word' id='word_1_71' title='bbox 935 1279 1094 1337; x_wconf 79' lang='lat' dir='ltr'>extr.</span> <span class='ocrx_word' id='word_1_72' title='bbox 1136 1272 1597 1340; x_wconf 63' lang='lat' dir='ltr'>Dmmmcuus</span> <span class='ocrx_word' id='word_1_73' title='bbox 1635 1275 1713 1341; x_wconf 92' lang='lat' dir='ltr'><strong><em>de</em></strong></span> <span class='ocrx_word' id='word_1_74' title='bbox 1751 1275 2168 1362; x_wconf 84' lang='lat' dir='ltr'>Pythionicae</span> <span class='ocrx_word' id='word_1_75' title='bbox 2206 1275 2500 1339; x_wconf 82' lang='lat' dir='ltr'>hetaerae</span> <span class='ocrx_word' id='word_1_76' title='bbox 2529 1276 2956 1337; x_wconf 82' lang='lat' dir='ltr'>monumento</span> 
     </span>
     <span class='ocr_line' id='line_1_11' title="bbox 566 1376 2960 1447; baseline 0.002 -9"><span class='ocrx_word' id='word_1_77' title='bbox 566 1376 635 1438; x_wconf 91' lang='lat' dir='ltr'><strong><em>in</em></strong></span> <span class='ocrx_word' id='word_1_78' title='bbox 680 1378 789 1441; x_wconf 82' lang='lat' dir='ltr'><strong><em>via</em></strong></span> <span class='ocrx_word' id='word_1_79' title='bbox 836 1397 1009 1443; x_wconf 84' lang='lat' dir='ltr'>sacra</span> <span class='ocrx_word' id='word_1_80' title='bbox 1055 1380 1365 1447; x_wconf 85' lang='lat' dir='ltr'>disserens</span> <span class='ocrx_word' id='word_1_81' title='bbox 1414 1385 1501 1447; x_wconf 88' lang='lat' dir='ltr'><strong><em>sic</em></strong></span> <span class='ocrx_word' id='word_1_82' title='bbox 1548 1383 1772 1447; x_wconf 77' lang='lat' dir='ltr'>scribit</span> <span class='ocrx_word' id='word_1_83' title='bbox 1817 1404 1852 1447; x_wconf 90' lang='lat' dir='ltr'>e</span> <span class='ocrx_word' id='word_1_84' title='bbox 1898 1381 2157 1447; x_wconf 85' lang='lat' dir='ltr'>Kaibeli</span> <span class='ocrx_word' id='word_1_85' title='bbox 2205 1383 2606 1445; x_wconf 78' lang='lat' dir='ltr'>recensione:</span> <span class='ocrx_word' id='word_1_86' title='bbox 2655 1384 2762 1443; x_wconf 84' lang='grc' dir='ltr'><strong><em>τοῦ</em></strong></span> <span class='ocrx_word' id='word_1_87' title='bbox 2773 1403 2842 1443; x_wconf 93' lang='grc' dir='ltr'><strong><em>το</em></strong></span> <span class='ocrx_word' id='word_1_88' title='bbox 2892 1378 2960 1442; x_wconf 79' lang='grc' dir='ltr'><strong><em>δὲ</em></strong></span> 
     </span>
     <span class='ocr_line' id='line_1_12' title="bbox 569 1472 2956 1573; baseline 0.005 -30"><span class='ocrx_word' id='word_1_89' title='bbox 569 1480 638 1544; x_wconf 83' lang='grc' dir='ltr'><strong><em>τὸ</em></strong></span> <span class='ocrx_word' id='word_1_90' title='bbox 702 1483 813 1557; x_wconf 78' lang='grc' dir='ltr'><strong><em>μὲν</em></strong></span> <span class='ocrx_word' id='word_1_91' title='bbox 876 1492 1127 1563; x_wconf 83' lang='grc' dir='ltr'><strong><em>πρῶτον,</em></strong></span> <span class='ocrx_word' id='word_1_92' title='bbox 1194 1486 1337 1566; x_wconf 79' lang='grc' dir='ltr'><strong><em>ὅπερ</em></strong></span> <span class='ocrx_word' id='word_1_93' title='bbox 1395 1472 1593 1573; x_wconf 79' lang='grc' dir='ltr'><strong><em>εἰκός,</em></strong></span> <span class='ocrx_word' id='word_1_94' title='bbox 1642 1489 1675 1562; x_wconf 76' lang='grc' dir='ltr'>ἢ</span> <span class='ocrx_word' id='word_1_95' title='bbox 1725 1490 2072 1553; x_wconf 73' lang='grc' dir='ltr'><strong><em>Μιλτιάδου</em></strong></span> <span class='ocrx_word' id='word_1_96' title='bbox 2121 1488 2372 1563; x_wconf 78' lang='grc' dir='ltr'><strong><em>Φῆσειεν</em></strong></span> <span class='ocrx_word' id='word_1_97' title='bbox 2422 1488 2599 1565; x_wconf 74' lang='grc' dir='ltr'><strong><em>(ἂν)</em></strong></span> <span class='ocrx_word' id='word_1_98' title='bbox 2647 1492 2870 1563; x_wconf 75' lang='grc' dir='ltr'><strong><em>σαφῶς</em></strong></span> <span class='ocrx_word' id='word_1_99' title='bbox 2921 1485 2956 1558; x_wconf 74' lang='grc' dir='ltr'>ἢ</span> 
     </span>
     <span class='ocr_line' id='line_1_13' title="bbox 569 1585 2954 1673; baseline 0.001 -22"><span class='ocrx_word' id='word_1_100' title='bbox 569 1589 924 1667; x_wconf 79' lang='grc' dir='ltr'><strong><em>Περικλέους</em></strong></span> <span class='ocrx_word' id='word_1_101' title='bbox 992 1592 1025 1667; x_wconf 76' lang='grc' dir='ltr'><strong><em>ἢ</em></strong></span> <span class='ocrx_word' id='word_1_102' title='bbox 1093 1594 1360 1671; x_wconf 80' lang='grc' dir='ltr'><em>Κίμωνος</em></span> <span class='ocrx_word' id='word_1_103' title='bbox 1425 1595 1458 1670; x_wconf 74' lang='lat'><strong><em>»¹5</em></strong></span> <span class='ocrx_word' id='word_1_104' title='bbox 1524 1618 1679 1666; x_wconf 89' lang='grc' dir='ltr'><strong><em>τινος</em></strong></span> <span class='ocrx_word' id='word_1_105' title='bbox 1746 1596 1942 1673; x_wconf 79' lang='grc' dir='ltr'><strong><em>ἑτέρου</em></strong></span> <span class='ocrx_word' id='word_1_106' title='bbox 2005 1600 2121 1659; x_wconf 79' lang='grc' dir='ltr'><strong><em>τῶν</em></strong></span> <span class='ocrx_word' id='word_1_107' title='bbox 2186 1595 2436 1670; x_wconf 81' lang='grc' dir='ltr'><strong><em>α’γαθῶν</em></strong></span> <span class='ocrx_word' id='word_1_108' title='bbox 2483 1592 2707 1672; x_wconf 83' lang='grc' dir='ltr'><strong><em>α’νδρῶν</em></strong></span> <span class='ocrx_word' id='word_1_109' title='bbox 2756 1585 2954 1667; x_wconf 75' lang='grc' dir='ltr'><strong><em>εἶναι,</em></strong></span> 
     </span>
     <span class='ocr_line' id='line_1_14' title="bbox 573 1696 2959 1783; baseline 0.002 -26"><span class='ocrx_word' id='word_1_110' title='bbox 573 1696 780 1771; x_wconf 76' lang='grc' dir='ltr'><strong><em>(καὶ)</em></strong></span> <span class='ocrx_word' id='word_1_111' title='bbox 826 1698 1117 1772; x_wconf 83' lang='grc' dir='ltr'><strong><em>μάλιστα</em></strong></span> <span class='ocrx_word' id='word_1_112' title='bbox 1163 1702 1275 1777; x_wconf 78' lang='grc' dir='ltr'><strong><em>μὲν</em></strong></span> <span class='ocrx_word' id='word_1_113' title='bbox 1326 1700 1441 1765; x_wconf 75' lang='grc' dir='ltr'><strong><em>ὑπὸ</em></strong></span> <span class='ocrx_word' id='word_1_114' title='bbox 1488 1711 1597 1776; x_wconf 76' lang='grc' dir='ltr'><strong><em>τῆς</em></strong></span> <span class='ocrx_word' id='word_1_115' title='bbox 1650 1700 1883 1774; x_wconf 81' lang='grc' dir='ltr'><strong><em>πόλεως</em></strong></span> <span class='ocrx_word' id='word_1_116' title='bbox 1935 1700 2199 1783; x_wconf 72' lang='grc' dir='ltr'><strong><em>δημοσία</em></strong></span> <span class='ocrx_word' id='word_1_117' title='bbox 2246 1698 2848 1775; x_wconf 72' lang='grc' dir='ltr'><strong><em>κατεσκευασμένον,</em></strong></span> <span class='ocrx_word' id='word_1_118' title='bbox 2907 1697 2959 1761; x_wconf 79' lang='grc' dir='ltr'><strong><em>εἶ</em></strong></span> 
     </span>
     <span class='ocr_line' id='line_1_15' title="bbox 570 1798 2962 1885; baseline 0.001 -21"><span class='ocrx_word' id='word_1_119' title='bbox 570 1801 633 1864; x_wconf 82' lang='grc' dir='ltr'><strong><em>δὲ</em></strong></span> <span class='ocrx_word' id='word_1_120' title='bbox 682 1804 808 1880; x_wconf 70' lang='grc' dir='ltr'><strong><em>μή,</em></strong></span> <span class='ocrx_word' id='word_1_121' title='bbox 856 1803 1275 1878; x_wconf 74' lang='grc' dir='ltr'><strong><em>δεδομένον</em></strong></span> <span class='ocrx_word' id='word_1_122' title='bbox 1323 1798 1940 1873; x_wconf 64' lang='grc' dir='ltr'><strong><em>κατασκευάσασθαι.</em></strong></span> <span class='ocrx_word' id='word_1_123' title='bbox 1989 1807 2182 1871; x_wconf 88' lang='grc' dir='ltr'><strong><em>πάλιν</em></strong></span> <span class='ocrx_word' id='word_1_124' title='bbox 2231 1805 2285 1869; x_wconf 90' lang='grc' dir='ltr'><strong><em>δ’</em></strong></span> <span class='ocrx_word' id='word_1_125' title='bbox 2335 1800 2486 1870; x_wconf 74' lang='grc' dir='ltr'><strong><em>ὅταν</em></strong></span> <span class='ocrx_word' id='word_1_126' title='bbox 2530 1802 2798 1885; x_wconf 64' lang='grc' dir='ltr'><strong><em>ἐξετάσῃ</em></strong></span> <span class='ocrx_word' id='word_1_127' title='bbox 2839 1812 2962 1869; x_wconf 83' lang='grc' dir='ltr'><strong><em>Πυ-</em></strong></span> 
     </span>
     <span class='ocr_line' id='line_1_16' title="bbox 570 1908 2962 1996; baseline 0.002 -27"><span class='ocrx_word' id='word_1_128' title='bbox 570 1908 821 1981; x_wconf 75' lang='grc' dir='ltr'><strong><em>θιονίκης</em></strong></span> <span class='ocrx_word' id='word_1_129' title='bbox 891 1918 999 1986; x_wconf 78' lang='grc' dir='ltr'><strong><em>τῆς</em></strong></span> <span class='ocrx_word' id='word_1_130' title='bbox 1066 1913 1311 1993; x_wconf 81' lang='grc' dir='ltr'><strong><em>ἑταίρας</em></strong></span> <span class='ocrx_word' id='word_1_131' title='bbox 1375 1913 1455 1993; x_wconf 82' lang='grc' dir='ltr'><strong><em>ὅν,</em></strong></span> <span class='ocrx_word' id='word_1_132' title='bbox 1516 1916 1655 1978; x_wconf 90' lang='grc' dir='ltr'><strong><em>τίνα</em></strong></span> <span class='ocrx_word' id='word_1_133' title='bbox 1716 1916 1838 1996; x_wconf 67' lang='grc' dir='ltr'><strong><em>χρὴ</em></strong></span> <span class='ocrx_word' id='word_1_134' title='bbox 1903 1914 2261 1993; x_wconf 72' lang='grc' dir='ltr'><strong><em>προσδοκίαν</em></strong></span> <span class='ocrx_word' id='word_1_135' title='bbox 2325 1913 2553 1990; x_wconf 84' lang='grc' dir='ltr'><strong><em>λαβεῖν</em></strong></span> <span class='ocrx_word' id='word_1_136' title='bbox 2603 1910 2828 1989; x_wconf 54' lang='lat' dir='ltr'><strong><em>adv-dn</em></strong></span> <span class='ocrx_word' id='word_1_137' title='bbox 2881 1932 2962 1975; x_wconf 84' lang='lat' dir='ltr'><strong><em>ex</em></strong></span> 
     </span>
     <span class='ocr_line' id='line_1_17' title="bbox 571 2014 2960 2107; baseline 0.001 -29"><span class='ocrx_word' id='word_1_138' title='bbox 571 2014 803 2101; x_wconf 86' lang='lat' dir='ltr'>quibus</span> <span class='ocrx_word' id='word_1_139' title='bbox 866 2019 1123 2083; x_wconf 80' lang='lat' dir='ltr'>insertis</span> <span class='ocrx_word' id='word_1_140' title='bbox 1168 2019 1417 2086; x_wconf 84' lang='lat' dir='ltr'>duobus</span> <span class='ocrx_word' id='word_1_141' title='bbox 1464 2020 1795 2107; x_wconf 78' lang='lat' dir='ltr'>particulis</span> <span class='ocrx_word' id='word_1_142' title='bbox 1813 2071 1829 2098; x_wconf 91' lang='lat'><em>,</em></span> <span class='ocrx_word' id='word_1_143' title='bbox 1881 2042 2158 2106; x_wconf 89' lang='lat' dir='ltr'>quorum</span> <span class='ocrx_word' id='word_1_144' title='bbox 2204 2022 2380 2105; x_wconf 86' lang='lat' dir='ltr'>prior</span> <span class='ocrx_word' id='word_1_145' title='bbox 2425 2021 2778 2084; x_wconf 85' lang='lat' dir='ltr'>necessaria</span> <span class='ocrx_word' id='word_1_146' title='bbox 2825 2022 2960 2093; x_wconf 78' lang='lat' dir='ltr'>est,</span> 
     </span>
     <span class='ocr_line' id='line_1_18' title="bbox 570 2108 2963 2212; baseline 0.001 -28"><span class='ocrx_word' id='word_1_147' title='bbox 570 2120 882 2198; x_wconf 75' lang='grc' dir='ltr'><strong><em>δεδομένον</em></strong></span> <span class='ocrx_word' id='word_1_148' title='bbox 922 2124 1095 2189; x_wconf 84' lang='lat' dir='ltr'>dedit</span> <span class='ocrx_word' id='word_1_149' title='bbox 1128 2147 1241 2210; x_wconf 91' lang='lat' dir='ltr'>pro</span> <span class='ocrx_word' id='word_1_150' title='bbox 1268 2125 1648 2204; x_wconf 70' lang='grc' dir='ltr'><strong><em>δεδογμένον.</em></strong></span> <span class='ocrx_word' id='word_1_151' title='bbox 1700 2126 1947 2192; x_wconf 88' lang='lat' dir='ltr'>Vellem</span> <span class='ocrx_word' id='word_1_152' title='bbox 1971 2132 2188 2191; x_wconf 76' lang='lat' dir='ltr'>autem</span> <span class='ocrx_word' id='word_1_153' title='bbox 2211 2125 2295 2190; x_wconf 91' lang='lat' dir='ltr'><strong><em>K.</em></strong></span> <span class='ocrx_word' id='word_1_154' title='bbox 2322 2108 2775 2212; x_wconf 78' lang='lat' dir='ltr'>significasset,</span> <span class='ocrx_word' id='word_1_155' title='bbox 2805 2122 2963 2209; x_wconf 78' lang='lat' dir='ltr'>quid</span> 
     </span>
     <span class='ocr_line' id='line_1_19' title="bbox 569 2228 2961 2317; baseline 0.001 -26"><span class='ocrx_word' id='word_1_156' title='bbox 569 2228 692 2293; x_wconf 80' lang='lat' dir='ltr'>sibi</span> <span class='ocrx_word' id='word_1_157' title='bbox 755 2228 960 2294; x_wconf 74' lang='lat' dir='ltr'>velint</span> <span class='ocrx_word' id='word_1_158' title='bbox 1006 2232 1201 2297; x_wconf 77' lang='lat' dir='ltr'>verba</span> <span class='ocrx_word' id='word_1_159' title='bbox 1246 2234 1298 2297; x_wconf 76' lang='grc' dir='ltr'><strong><em>εἰ</em></strong></span> <span class='ocrx_word' id='word_1_160' title='bbox 1327 2232 2072 2309; x_wconf 78' lang='grc' dir='ltr'><strong><em>-κατασκευάσασθαι,</em></strong></span> <span class='ocrx_word' id='word_1_161' title='bbox 2120 2252 2318 2317; x_wconf 79' lang='lat' dir='ltr'>quae,</span> <span class='ocrx_word' id='word_1_162' title='bbox 2368 2236 2686 2317; x_wconf 77' lang='lat' dir='ltr'>quantum</span> <span class='ocrx_word' id='word_1_163' title='bbox 2731 2228 2961 2304; x_wconf 77' lang='lat' dir='ltr'>videO,</span> 
     </span>
     <span class='ocr_line' id='line_1_20' title="bbox 568 2334 2966 2425; baseline 0 -26"><span class='ocrx_word' id='word_1_164' title='bbox 568 2334 735 2399; x_wconf 78' lang='lat' dir='ltr'>nihfl</span> <span class='ocrx_word' id='word_1_165' title='bbox 779 2335 959 2401; x_wconf 85' lang='lat' dir='ltr'>aliud</span> <span class='ocrx_word' id='word_1_166' title='bbox 1005 2338 1360 2423; x_wconf 84' lang='lat' dir='ltr'>significare</span> <span class='ocrx_word' id='word_1_167' title='bbox 1406 2343 1675 2424; x_wconf 78' lang='lat' dir='ltr'>possunt</span> <span class='ocrx_word' id='word_1_168' title='bbox 1720 2360 1950 2425; x_wconf 85' lang='lat' dir='ltr'>quam:</span> <span class='ocrx_word' id='word_1_169' title='bbox 2002 2341 2100 2403; x_wconf 86' lang='lat' dir='ltr'><strong><em>sin</em></strong></span> <span class='ocrx_word' id='word_1_170' title='bbox 2147 2358 2303 2403; x_wconf 84' lang='lat' dir='ltr'>vero</span> <span class='ocrx_word' id='word_1_171' title='bbox 2349 2340 2566 2402; x_wconf 86' lang='lat' dir='ltr'>minus</span> <span class='ocrx_word' id='word_1_172' title='bbox 2585 2384 2602 2415; x_wconf 89' lang='lat'>‚</span> <span class='ocrx_word' id='word_1_173' title='bbox 2645 2336 2966 2400; x_wconf 75' lang='lat' dir='ltr'>donatum</span> 
     </span>
     <span class='ocr_line' id='line_1_21' title="bbox 570 2441 2964 2531; baseline -0 -25"><span class='ocrx_word' id='word_1_174' title='bbox 570 2442 650 2506; x_wconf 89' lang='lat' dir='ltr'><strong><em>ad</em></strong></span> <span class='ocrx_word' id='word_1_175' title='bbox 712 2443 1139 2508; x_wconf 83' lang='lat' dir='ltr'>extruendum</span> <span class='ocrx_word' id='word_1_176' title='bbox 1194 2445 1593 2524; x_wconf 87' lang='lat' dir='ltr'>(heredibus,</span> <span class='ocrx_word' id='word_1_177' title='bbox 1645 2466 1722 2509; x_wconf 85' lang='lat' dir='ltr'><strong><em>an</em></strong></span> <span class='ocrx_word' id='word_1_178' title='bbox 1770 2445 2280 2531; x_wconf 80' lang='lat' dir='ltr'>redemptoribus</span> <span class='ocrx_word' id='word_1_179' title='bbox 2296 2441 2370 2523; x_wconf 79' lang='lat'><strong><em>?).</em></strong></span> <span class='ocrx_word' id='word_1_180' title='bbox 2422 2442 2587 2522; x_wconf 81' lang='lat' dir='ltr'>Quid</span> <span class='ocrx_word' id='word_1_181' title='bbox 2641 2462 2795 2506; x_wconf 86' lang='lat' dir='ltr'>vero</span> <span class='ocrx_word' id='word_1_182' title='bbox 2845 2442 2964 2505; x_wconf 89' lang='lat' dir='ltr'><strong><em>hoc</em></strong></span> 
     </span>
     <span class='ocr_line' id='line_1_22' title="bbox 569 2546 2968 2637; baseline -0 -25"><span class='ocrx_word' id='word_1_183' title='bbox 569 2547 801 2612; x_wconf 78' lang='lat' dir='ltr'>referat</span> <span class='ocrx_word' id='word_1_184' title='bbox 848 2548 927 2613; x_wconf 89' lang='lat' dir='ltr'><strong><em>ad</em></strong></span> <span class='ocrx_word' id='word_1_185' title='bbox 972 2554 1375 2615; x_wconf 76' lang='lat' dir='ltr'>monumenti</span> <span class='ocrx_word' id='word_1_186' title='bbox 1421 2551 1942 2637; x_wconf 77' lang='lat' dir='ltr'>magnitudinem</span> <span class='ocrx_word' id='word_1_187' title='bbox 1980 2556 2095 2616; x_wconf 78' lang='lat' dir='ltr'>aut</span> <span class='ocrx_word' id='word_1_188' title='bbox 2130 2549 2679 2637; x_wconf 80' lang='lat' dir='ltr'>magnificentiam</span> <span class='ocrx_word' id='word_1_189' title='bbox 2699 2597 2715 2625; x_wconf 95' lang='lat'>‚</span> <span class='ocrx_word' id='word_1_190' title='bbox 2763 2546 2968 2613; x_wconf 86' lang='lat' dir='ltr'>haud-</span> 
     </span>
     <span class='ocr_line' id='line_1_23' title="bbox 570 2653 2965 2742; baseline -0 -24"><span class='ocrx_word' id='word_1_191' title='bbox 570 2674 894 2740; x_wconf 82' lang='lat' dir='ltr'>quaquam</span> <span class='ocrx_word' id='word_1_192' title='bbox 970 2657 1305 2742; x_wconf 88' lang='lat' dir='ltr'>perspicio.</span> <span class='ocrx_word' id='word_1_193' title='bbox 1368 2656 1526 2722; x_wconf 77' lang='lat' dir='ltr'>Post</span> <span class='ocrx_word' id='word_1_194' title='bbox 1588 2659 1640 2721; x_wconf 75' lang='grc' dir='ltr'><strong><em>εἲ</em></strong></span> <span class='ocrx_word' id='word_1_195' title='bbox 1707 2656 1768 2722; x_wconf 80' lang='grc' dir='ltr'><strong><em>δὲ</em></strong></span> <span class='ocrx_word' id='word_1_196' title='bbox 1829 2657 1919 2735; x_wconf 76' lang='grc' dir='ltr'><strong><em>μή</em></strong></span> <span class='ocrx_word' id='word_1_197' title='bbox 1995 2662 2483 2742; x_wconf 78' lang='lat' dir='ltr'>expectaveram</span> <span class='ocrx_word' id='word_1_198' title='bbox 2557 2653 2776 2720; x_wconf 81' lang='lat' dir='ltr'>velut:</span> <span class='ocrx_word' id='word_1_199' title='bbox 2849 2654 2965 2717; x_wconf 80' lang='grc' dir='ltr'><strong><em>ὑπὸ</em></strong></span> 
     </span>
     <span class='ocr_line' id='line_1_24' title="bbox 569 2759 2964 2849; baseline -0 -26"><span class='ocrx_word' id='word_1_200' title='bbox 569 2768 777 2843; x_wconf 79' lang='grc' dir='ltr'><strong><em>φυλῆς</em></strong></span> <span class='ocrx_word' id='word_1_201' title='bbox 859 2759 892 2835; x_wconf 76' lang='grc' dir='ltr'>ἢ</span> <span class='ocrx_word' id='word_1_202' title='bbox 966 2761 1179 2840; x_wconf 68' lang='grc' dir='ltr'><strong><em>δήμου,</em></strong></span> <span class='ocrx_word' id='word_1_203' title='bbox 1252 2763 1363 2827; x_wconf 91' lang='lat' dir='ltr'><strong><em>sed</em></strong></span> <span class='ocrx_word' id='word_1_204' title='bbox 1433 2762 1587 2849; x_wconf 89' lang='lat' dir='ltr'>quid</span> <span class='ocrx_word' id='word_1_205' title='bbox 1654 2764 1888 2828; x_wconf 87' lang='lat' dir='ltr'>faciam</span> <span class='ocrx_word' id='word_1_206' title='bbox 1956 2763 2168 2828; x_wconf 81' lang='lat' dir='ltr'>verbis</span> <span class='ocrx_word' id='word_1_207' title='bbox 2238 2763 2492 2828; x_wconf 77' lang='lat' dir='ltr'>traditis</span> <span class='ocrx_word' id='word_1_208' title='bbox 2564 2762 2598 2826; x_wconf 90' lang='grc' dir='ltr'><strong><em>δ</em></strong></span> <span class='ocrx_word' id='word_1_209' title='bbox 2619 2760 2964 2838; x_wconf 82' lang='grc' dir='ltr'><strong><em>εδογμένον</em></strong></span> 
     </span>
     <span class='ocr_line' id='line_1_25' title="bbox 574 2866 1870 2956; baseline 0.002 -25"><span class='ocrx_word' id='word_1_210' title='bbox 574 2866 1168 2932; x_wconf 81' lang='grc' dir='ltr'><strong><em>κατασκευάσασθαι</em></strong></span> <span class='ocrx_word' id='word_1_211' title='bbox 1217 2890 1477 2954; x_wconf 88' lang='lat' dir='ltr'>prorsus</span> <span class='ocrx_word' id='word_1_212' title='bbox 1523 2891 1630 2935; x_wconf 92' lang='lat' dir='ltr'><strong><em>me</em></strong></span> <span class='ocrx_word' id='word_1_213' title='bbox 1679 2870 1870 2956; x_wconf 79' lang='lat' dir='ltr'>fugit.</span> 
     </span>
    </p>

    <p class='ocr_par' dir='ltr' id='par_1_4' title="bbox 660 2972 1075 3061">
     <span class='ocr_line' id='line_1_26' title="bbox 660 2972 1075 3061; baseline -0.002 -21"><span class='ocrx_word' id='word_1_214' title='bbox 660 2997 723 3061; x_wconf 89' lang='lat' dir='ltr'><strong><em>p.</em></strong></span> <span class='ocrx_word' id='word_1_215' title='bbox 777 2972 929 3053; x_wconf 85' lang='lat'><strong>596,</strong></span> <span class='ocrx_word' id='word_1_216' title='bbox 956 2997 990 3040; x_wconf 94' lang='lat' dir='ltr'>c</span> <span class='ocrx_word' id='word_1_217' title='bbox 1014 2974 1075 3039; x_wconf 87' lang='lat' dir='ltr'><strong><em>d.</em></strong></span> 
     </span>
    </p>

    <p class='ocr_par' dir='ltr' id='par_1_5' title="bbox 842 3076 2773 3269">
     <span class='ocr_line' id='line_1_27' title="bbox 842 3076 2773 3161; baseline 0.001 -15"><span class='ocrx_word' id='word_1_218' title='bbox 842 3081 1140 3161; x_wconf 79' lang='grc' dir='ltr'><strong><em>Δωρίχα,</em></strong></span> <span class='ocrx_word' id='word_1_219' title='bbox 1190 3082 1377 3146; x_wconf 77' lang='grc' dir='ltr'><strong><em>ὀστέα</em></strong></span> <span class='ocrx_word' id='word_1_220' title='bbox 1424 3081 1538 3157; x_wconf 75' lang='grc' dir='ltr'><strong><em>μὲν</em></strong></span> <span class='ocrx_word' id='word_1_221' title='bbox 1584 3081 1669 3145; x_wconf 75' lang='grc' dir='ltr'><strong><em>σοὶ</em></strong></span> <span class='ocrx_word' id='word_1_222' title='bbox 1721 3079 1929 3145; x_wconf 81' lang='grc' dir='ltr'><strong><em>πάλαι</em></strong></span> <span class='ocrx_word' id='word_1_223' title='bbox 1979 3080 2156 3160; x_wconf 80' lang='grc' dir='ltr'><strong><em>κόνιν,</em></strong></span> <span class='ocrx_word' id='word_1_224' title='bbox 2207 3076 2433 3146; x_wconf 76' lang='grc' dir='ltr'><strong><em>ἕσσατο</em></strong></span> <span class='ocrx_word' id='word_1_225' title='bbox 2485 3080 2537 3145; x_wconf 76' lang='grc' dir='ltr'><strong><em>δ’</em></strong></span> <span class='ocrx_word' id='word_1_226' title='bbox 2587 3078 2773 3157; x_wconf 72' lang='grc' dir='ltr'><strong><em>ἑσμὸς</em></strong></span> 
     </span>
     <span class='ocr_line' id='line_1_28' title="bbox 930 3185 2324 3269; baseline 0.001 -18"><span class='ocrx_word' id='word_1_227' title='bbox 930 3188 1163 3267; x_wconf 80' lang='grc' dir='ltr'><strong><em>χαίτης</em></strong></span> <span class='ocrx_word' id='word_1_228' title='bbox 1212 3185 1251 3262; x_wconf 72' lang='grc' dir='ltr'>ἤ</span> <span class='ocrx_word' id='word_1_229' title='bbox 1294 3212 1364 3253; x_wconf 91' lang='grc' dir='ltr'><strong><em>τε</em></strong></span> <span class='ocrx_word' id='word_1_230' title='bbox 1413 3188 1612 3266; x_wconf 85' lang='grc' dir='ltr'><strong><em>μύρων</em></strong></span> <span class='ocrx_word' id='word_1_231' title='bbox 1659 3185 1902 3259; x_wconf 75' lang='grc' dir='ltr'><strong><em>ἔκπνοος</em></strong></span> <span class='ocrx_word' id='word_1_232' title='bbox 1951 3188 2324 3269; x_wconf 78' lang='grc' dir='ltr'><strong><em>άμπεχόνη,</em></strong></span> 
     </span>
    </p>

    <p class='ocr_par' dir='ltr' id='par_1_6' title="bbox 842 3292 2441 3483">
     <span class='ocr_line' id='line_1_29' title="bbox 842 3292 2441 3377; baseline -0.001 -19"><span class='ocrx_word' id='word_1_233' title='bbox 842 3292 881 3377; x_wconf 71' lang='grc' dir='ltr'><em>ᾗ</em></span> <span class='ocrx_word' id='word_1_234' title='bbox 926 3318 1079 3358; x_wconf 82' lang='grc' dir='ltr'><strong><em>ποτε</em></strong></span> <span class='ocrx_word' id='word_1_235' title='bbox 1125 3294 1228 3357; x_wconf 86' lang='grc' dir='ltr'><strong><em>τὸν</em></strong></span> <span class='ocrx_word' id='word_1_236' title='bbox 1274 3295 1581 3375; x_wconf 79' lang='grc' dir='ltr'><strong><em>χαρίεντα</em></strong></span> <span class='ocrx_word' id='word_1_237' title='bbox 1628 3294 2112 3376; x_wconf 79' lang='grc' dir='ltr'><strong><em>περιστέλλουσα</em></strong></span> <span class='ocrx_word' id='word_1_238' title='bbox 2163 3292 2441 3374; x_wconf 78' lang='grc' dir='ltr'><strong><em>Χάραξον</em></strong></span> 
     </span>
     <span class='ocr_line' id='line_1_30' title="bbox 934 3397 2171 3483; baseline 0 -20"><span class='ocrx_word' id='word_1_239' title='bbox 934 3400 1246 3479; x_wconf 80' lang='grc' dir='ltr'><strong><em>σύγχρους</em></strong></span> <span class='ocrx_word' id='word_1_240' title='bbox 1297 3401 1556 3480; x_wconf 74' lang='grc' dir='ltr'><strong><em>ὃρθρινῶν</em></strong></span> <span class='ocrx_word' id='word_1_241' title='bbox 1607 3397 1772 3483; x_wconf 73' lang='grc' dir='ltr'><strong><em>ἥψαο</em></strong></span> <span class='ocrx_word' id='word_1_242' title='bbox 1820 3400 2171 3480; x_wconf 72' lang='grc' dir='ltr'><strong><em>κισσυβίων.</em></strong></span> 
     </span>
    </p>

    <p class='ocr_par' dir='ltr' id='par_1_7' title="bbox 844 3503 2586 3585">
     <span class='ocr_line' id='line_1_31' title="bbox 844 3503 2586 3585; baseline -0.002 -13"><span class='ocrx_word' id='word_1_243' title='bbox 844 3508 1166 3585; x_wconf 72' lang='grc' dir='ltr'><strong><em>Σαπφῷαι</em></strong></span> <span class='ocrx_word' id='word_1_244' title='bbox 1217 3506 1282 3571; x_wconf 74' lang='grc' dir='ltr'><strong><em>δὲ</em></strong></span> <span class='ocrx_word' id='word_1_245' title='bbox 1329 3506 1661 3582; x_wconf 88' lang='grc' dir='ltr'><strong><em>μένουσι</em></strong></span> <span class='ocrx_word' id='word_1_246' title='bbox 1710 3507 1972 3584; x_wconf 74' lang='grc' dir='ltr'><strong><em>Φίλης</em></strong></span> <span class='ocrx_word' id='word_1_247' title='bbox 2019 3503 2110 3570; x_wconf 82' lang='grc' dir='ltr'><strong><em>ἔτι</em></strong></span> <span class='ocrx_word' id='word_1_248' title='bbox 2161 3505 2263 3571; x_wconf 77' lang='grc' dir='ltr'><strong><em>καὶ</em></strong></span> <span class='ocrx_word' id='word_1_249' title='bbox 2312 3504 2586 3582; x_wconf 86' lang='grc' dir='ltr'><strong><em>μενέουσι</em></strong></span> 
     </span>
    </p>

    <p class='ocr_par' dir='ltr' id='par_1_8' title="bbox 862 3610 2368 3692">
     <span class='ocr_line' id='line_1_32' title="bbox 862 3610 2368 3692; baseline 0.001 -17"><span class='ocrx_word' id='word_1_250' title='bbox 862 3652 869 3659; x_wconf 95' lang='grc'>-</span> <span class='ocrx_word' id='word_1_251' title='bbox 934 3612 1085 3692; x_wconf 74' lang='grc' dir='ltr'><strong><em>ᾠδῆς</em></strong></span> <span class='ocrx_word' id='word_1_252' title='bbox 1136 3614 1203 3677; x_wconf 80' lang='grc' dir='ltr'><strong><em>αἱ</em></strong></span> <span class='ocrx_word' id='word_1_253' title='bbox 1253 3612 1546 3677; x_wconf 76' lang='grc' dir='ltr'><strong><em>λευκαὶ</em></strong></span> <span class='ocrx_word' id='word_1_254' title='bbox 1599 3611 2032 3691; x_wconf 74' lang='grc' dir='ltr'><strong><em>Φθεγγόμεναι</em></strong></span> <span class='ocrx_word' id='word_1_255' title='bbox 2082 3610 2368 3683; x_wconf 80' lang='grc' dir='ltr'><strong><em>σελίδες.-</em></strong></span> 
     </span>
    </p>

    <p class='ocr_par' dir='ltr' id='par_1_9' title="bbox 842 3714 2700 3917">
     <span class='ocr_line' id='line_1_33' title="bbox 842 3714 2700 3797; baseline -0.002 -12"><span class='ocrx_word' id='word_1_256' title='bbox 842 3719 1071 3794; x_wconf 79' lang='grc' dir='ltr'><strong><em>οὔνομα</em></strong></span> <span class='ocrx_word' id='word_1_257' title='bbox 1117 3720 1223 3783; x_wconf 86' lang='grc' dir='ltr'><strong><em>σὸν</em></strong></span> <span class='ocrx_word' id='word_1_258' title='bbox 1265 3717 1670 3797; x_wconf 84' lang='grc' dir='ltr'><strong><em>μακαριστόν,</em></strong></span> <span class='ocrx_word' id='word_1_259' title='bbox 1721 3716 1748 3783; x_wconf 80' lang='grc' dir='ltr'>ὃ</span> <span class='ocrx_word' id='word_1_260' title='bbox 1799 3718 2156 3794; x_wconf 49' lang='grc' dir='ltr'><strong><em>Ναύκρατις</em></strong></span> <span class='ocrx_word' id='word_1_261' title='bbox 2211 3714 2354 3782; x_wconf 77' lang='grc' dir='ltr'><strong><em>ὦδε</em></strong></span> <span class='ocrx_word' id='word_1_262' title='bbox 2402 3716 2700 3797; x_wconf 79' lang='grc' dir='ltr'><strong><em>Φυλάξει,</em></strong></span> 
     </span>
     <span class='ocr_line' id='line_1_34' title="bbox 934 3824 2429 3917; baseline -0.001 -28"><span class='ocrx_word' id='word_1_263' title='bbox 934 3824 1062 3889; x_wconf 83' lang='grc' dir='ltr'><strong><em>ἔστ’</em></strong></span> <span class='ocrx_word' id='word_1_264' title='bbox 1087 3824 1179 3917; x_wconf 20' lang='grc' dir='ltr'><strong><em>’ἂν</em></strong></span> <span class='ocrx_word' id='word_1_265' title='bbox 1226 3824 1282 3908; x_wconf 62' lang='grc' dir='ltr'><strong><em>ίῳ</em></strong></span> <span class='ocrx_word' id='word_1_266' title='bbox 1328 3826 1553 3890; x_wconf 89' lang='grc' dir='ltr'><strong><em>Νείλον</em></strong></span> <span class='ocrx_word' id='word_1_267' title='bbox 1597 3830 1744 3897; x_wconf 83' lang='grc' dir='ltr'><strong><em>ναῦς</em></strong></span> <span class='ocrx_word' id='word_1_268' title='bbox 1795 3826 1899 3904; x_wconf 76' lang='grc' dir='ltr'><strong><em>ἐφ’</em></strong></span> <span class='ocrx_word' id='word_1_269' title='bbox 1949 3826 2099 3895; x_wconf 80' lang='grc' dir='ltr'><strong><em>άλὸς</em></strong></span> <span class='ocrx_word' id='word_1_270' title='bbox 2149 3824 2429 3901; x_wconf 77' lang='grc' dir='ltr'><strong><em>πελάγη.</em></strong></span> 
     </span>
    </p>

    <p class='ocr_par' dir='ltr' id='par_1_10' title="bbox 570 3929 2648 4017">
     <span class='ocr_line' id='line_1_35' title="bbox 570 3929 2648 4017; baseline -0.003 -17"><span class='ocrx_word' id='word_1_271' title='bbox 570 3934 857 4016; x_wconf 77' lang='lat' dir='ltr'>Quatuor</span> <span class='ocrx_word' id='word_1_272' title='bbox 902 3932 1169 3998; x_wconf 82' lang='lat' dir='ltr'>ultimos</span> <span class='ocrx_word' id='word_1_273' title='bbox 1212 3953 1339 3996; x_wconf 83' lang='lat' dir='ltr'>vss.</span> <span class='ocrx_word' id='word_1_274' title='bbox 1392 3932 1587 3996; x_wconf 86' lang='lat' dir='ltr'>huius</span> <span class='ocrx_word' id='word_1_275' title='bbox 1636 3931 1962 3997; x_wconf 76' lang='lat' dir='ltr'>Posmn’rl</span> <span class='ocrx_word' id='word_1_276' title='bbox 2008 3929 2251 4017; x_wconf 80' lang='lat' dir='ltr'>eleg-iae</span> <span class='ocrx_word' id='word_1_277' title='bbox 2299 3933 2390 3995; x_wconf 88' lang='lat' dir='ltr'><strong><em>sic</em></strong></span> <span class='ocrx_word' id='word_1_278' title='bbox 2437 3936 2648 3996; x_wconf 74' lang='lat' dir='ltr'>tento:</span> 
     </span>
    </p>

    <p class='ocr_par' dir='ltr' id='par_1_11' title="bbox 844 4034 2658 4225">
     <span class='ocr_line' id='line_1_36' title="bbox 844 4034 2658 4119; baseline -0.003 -14"><span class='ocrx_word' id='word_1_279' title='bbox 844 4039 1164 4119; x_wconf 73' lang='grc' dir='ltr'><strong><em>Σαπφῷαι</em></strong></span> <span class='ocrx_word' id='word_1_280' title='bbox 1215 4037 1279 4102; x_wconf 78' lang='grc' dir='ltr'><strong><em>δὲ</em></strong></span> <span class='ocrx_word' id='word_1_281' title='bbox 1324 4036 1643 4112; x_wconf 85' lang='grc' dir='ltr'><strong><em>μένουσ’</em></strong></span> <span class='ocrx_word' id='word_1_282' title='bbox 1692 4038 2003 4117; x_wconf 79' lang='grc' dir='ltr'><strong><em>άφίλης</em></strong></span> <span class='ocrx_word' id='word_1_283' title='bbox 2054 4034 2143 4100; x_wconf 79' lang='grc' dir='ltr'><strong><em>ἔτι</em></strong></span> <span class='ocrx_word' id='word_1_284' title='bbox 2195 4037 2298 4100; x_wconf 79' lang='grc' dir='ltr'><strong><em>καὶ</em></strong></span> <span class='ocrx_word' id='word_1_285' title='bbox 2347 4036 2658 4113; x_wconf 88' lang='grc' dir='ltr'><strong><em>μενέουσιν</em></strong></span> 
     </span>
     <span class='ocr_line' id='line_1_37' title="bbox 935 4140 2576 4225; baseline -0.002 -15"><span class='ocrx_word' id='word_1_286' title='bbox 935 4146 1087 4225; x_wconf 73' lang='grc' dir='ltr'><strong><em>ᾠδῆς</em></strong></span> <span class='ocrx_word' id='word_1_287' title='bbox 1136 4144 1203 4209; x_wconf 79' lang='grc' dir='ltr'><strong><em>αἱ</em></strong></span> <span class='ocrx_word' id='word_1_288' title='bbox 1249 4143 1504 4208; x_wconf 79' lang='grc' dir='ltr'><strong><em>λευκοὶ</em></strong></span> <span class='ocrx_word' id='word_1_289' title='bbox 1553 4143 1811 4223; x_wconf 88' lang='lat' dir='ltr'>(Mein.)</span> <span class='ocrx_word' id='word_1_290' title='bbox 1855 4141 2291 4221; x_wconf 81' lang='grc' dir='ltr'><strong><em>Φθεγγόμεναι</em></strong></span> <span class='ocrx_word' id='word_1_291' title='bbox 2336 4140 2576 4214; x_wconf 77' lang='grc' dir='ltr'><strong><em>σελίδες</em></strong></span> 
     </span>
    </p>

    <p class='ocr_par' dir='ltr' id='par_1_12' title="bbox 846 4244 2900 4437">
     <span class='ocr_line' id='line_1_38' title="bbox 846 4244 2900 4330; baseline -0.001 -16"><span class='ocrx_word' id='word_1_292' title='bbox 846 4250 1075 4325; x_wconf 82' lang='grc' dir='ltr'><strong><em>οὔνομα</em></strong></span> <span class='ocrx_word' id='word_1_293' title='bbox 1123 4250 1227 4313; x_wconf 86' lang='grc' dir='ltr'><strong><em>σὸν</em></strong></span> <span class='ocrx_word' id='word_1_294' title='bbox 1275 4249 1680 4330; x_wconf 80' lang='grc' dir='ltr'><strong><em>μακαριστόν,</em></strong></span> <span class='ocrx_word' id='word_1_295' title='bbox 1729 4245 1758 4313; x_wconf 79' lang='grc' dir='ltr'>ὃ</span> <span class='ocrx_word' id='word_1_296' title='bbox 1809 4248 2170 4329; x_wconf 82' lang='grc' dir='ltr'><strong><em>Ναύκρατις</em></strong></span> <span class='ocrx_word' id='word_1_297' title='bbox 2218 4247 2257 4325; x_wconf 75' lang='grc' dir='ltr'>ἤ</span> <span class='ocrx_word' id='word_1_298' title='bbox 2272 4247 2352 4311; x_wconf 90' lang='grc' dir='ltr'><strong><em>δε</em></strong></span> <span class='ocrx_word' id='word_1_299' title='bbox 2397 4246 2549 4329; x_wconf 89' lang='grc' dir='ltr'>(Μ.)</span> <span class='ocrx_word' id='word_1_300' title='bbox 2595 4244 2900 4329; x_wconf 77' lang='grc' dir='ltr'><strong><em>φυλάξει,</em></strong></span> 
     </span>
     <span class='ocr_line' id='line_1_39' title="bbox 936 4350 2441 4437; baseline -0.001 -19"><span class='ocrx_word' id='word_1_301' title='bbox 936 4353 1062 4418; x_wconf 81' lang='grc' dir='ltr'><strong><em>ἔστ’</em></strong></span> <span class='ocrx_word' id='word_1_302' title='bbox 1116 4354 1194 4420; x_wconf 74' lang='grc' dir='ltr'><strong><em>ἂν</em></strong></span> <span class='ocrx_word' id='word_1_303' title='bbox 1240 4352 1298 4437; x_wconf 65' lang='grc' dir='ltr'><strong><em>ἴῃ</em></strong></span> <span class='ocrx_word' id='word_1_304' title='bbox 1342 4354 1571 4420; x_wconf 86' lang='grc' dir='ltr'><strong><em>Νείλου</em></strong></span> <span class='ocrx_word' id='word_1_305' title='bbox 1611 4358 1760 4429; x_wconf 81' lang='grc' dir='ltr'><strong><em>ναῦς</em></strong></span> <span class='ocrx_word' id='word_1_306' title='bbox 1810 4354 1913 4436; x_wconf 77' lang='grc' dir='ltr'><strong><em>ἐφ’</em></strong></span> <span class='ocrx_word' id='word_1_307' title='bbox 1961 4353 2112 4428; x_wconf 82' lang='grc' dir='ltr'><strong><em>άλὸς</em></strong></span> <span class='ocrx_word' id='word_1_308' title='bbox 2160 4350 2441 4432; x_wconf 79' lang='grc' dir='ltr'><strong><em>πελάγη.</em></strong></span> 
     </span>
    </p>
   </div>
   <div class='ocr_carea' id='block_1_3' title="bbox 3107 56 3120 779">
    <p class='ocr_par' dir='ltr' id='par_1_13' title="bbox 3107 56 3120 779">
     <span class='ocr_line' id='line_1_40' title="bbox 3107 56 3120 779; baseline 0 0"><span class='ocrx_word' id='word_1_309' title='bbox 3107 56 3120 779; x_wconf 95' lang='lat' dir='ltr'><strong><em> </em></strong></span> 
     </span>
    </p>
   </div>
  </div>
 </body>
</html>
