3192 5009
501 212 590 279 26
1531 234 1843 284 memus.

592 395 744 461 290.
797 397 961 475 „Tot
1005 402 1354 466 immensae
1402 404 1669 465 comites
1714 402 1969 464 missura
2014 403 2235 467 ruinae
2276 401 2287 489 Ι
2328 403 2565 466 excivit
2608 398 2879 486 populos

496 508 561 569 et
610 504 836 589 dignas
884 505 1101 572 funere
1149 504 1382 593 Magni
1420 509 1431 593 Ι
1474 510 1807 592 exsequias
1855 507 2111 573 fortuna
2156 506 2397 573 dedit.”

593 609 776 690 Quod
814 632 892 677 ex
930 614 1290 678 coniectura
1325 612 1623 678 SabeHici
1657 609 1924 679 Grotius
1948 614 2287 679 adscivisse
2308 619 2577 699 putatur
2594 613 2877 690 mixtura,

501 723 596 781 est
642 738 872 782 manus
915 719 1224 784 secundae
1270 723 1448 784 varia
1492 719 1682 785 lectio
1722 722 1790 784 in
1830 719 1912 797 U,
1954 719 2064 785 sed
2096 726 2262 786 recte
2286 723 2355 784 in
2380 720 2579 785 altera
2601 720 2879 786 editione

505 825 582 889 ab
621 846 694 891 eo
732 831 1040 911 spretum.
1089 826 1365 889 Missum
1403 847 1570 891 nunc
1612 848 1853 891 omnes.
1903 826 2165 893 Mittere
2206 827 2486 913 aliquem
2524 847 2688 905 orc0,
2727 825 2877 904 leto,

501 932 722 996 inferis
739 981 756 1009 ‚
806 935 946 997 neci
995 932 1248 1009 dicitur,
1299 932 1410 997 sed
1456 932 1794 998 insolitum
1838 936 2060 999 ruinae
2074 955 2089 1011 ;
2139 932 2254 998 illa
2298 936 2473 998 enim
2510 940 2689 1015 (orco,
2716 931 2883 1012 rell.)

501 1037 718 1103 locum
763 1044 879 1103 aut
923 1060 1022 1103 res
1069 1037 1430 1125 significant
1477 1060 1638 1124 quae
1678 1046 1965 1105 crescunt
2005 1046 2117 1104 aut
2155 1040 2475 1105 ditescunt
2510 1041 2881 1115 accessione,

503 1151 579 1210 ut
624 1145 879 1211 dativus
925 1168 1003 1210 ex
1049 1145 1369 1210 commodi
1415 1148 1675 1210 notione
1722 1148 1809 1210 sit
1852 1145 2263 1231 explicandus
2281 1194 2298 1223 ,
2347 1147 2515 1232 quod
2559 1166 2739 1211 secus
2788 1149 2884 1211 est

501 1254 571 1316 in
614 1251 799 1317 ruina
814 1300 831 1329 ,
879 1272 916 1316 a
962 1272 1088 1336 quo
1136 1250 1356 1317 localis
1395 1251 1777 1338 significatio
1817 1252 2014 1317 abest.
2062 1251 2424 1318 Ferendum
2462 1259 2678 1318 tamen
2702 1256 2885 1337 puta-

500 1379 637 1423 rem
658 1405 674 1435 ,
715 1360 771 1421 si
810 1360 1153 1423 auctoritas
1191 1363 1356 1423 esset
1394 1356 1586 1422 dubio
1626 1360 1850 1423 maior.
1892 1357 2015 1423 Sed
2055 1362 2124 1423 in
2169 1359 2367 1424 Ashb.
2395 1381 2483 1424 m.
2512 1358 2555 1424 2
2578 1362 2647 1423 in
2670 1378 2879 1444 marg.

502 1464 837 1550 adscripsit
878 1461 1127 1529 litteras
1171 1486 1313 1541 mer,
1361 1463 1528 1529 unde
1574 1465 1729 1529 haec
1780 1467 2024 1549 optima
2068 1465 2257 1530 lectio
2302 1468 2554 1530 existit:
2604 1464 2885 1528 immensa

503 1570 736 1634 comite-5
781 1592 1046 1634 mersura
1093 1570 1294 1633 ruina.
1344 1567 1513 1635 Cum
1561 1570 1762 1636 semel
1804 1594 2071 1635 meram-a
2118 1577 2283 1638 esset
2319 1571 2740 1658 depravatum
2758 1620 2774 1649 ‚
2809 1576 2885 1636 ut

502 1676 608 1753 fit,
657 1694 838 1740 casus
885 1675 1278 1761 corruptelae
1325 1676 1842 1742 accommodatus
1890 1683 2007 1743 est.
2068 1676 2165 1744 Of.
2213 1677 2322 1743 IV.
2372 1676 2503 1744 525
2554 1698 2886 1763 „mergere

502 1782 762 1868 ponto.''
835 1781 910 1846 In
980 1803 1052 1847 eo
1111 1789 1302 1864 ponto
1374 1789 1471 1848 est
1535 1782 1854 1849 ablativus
1874 1832 1891 1861 ,
1955 1804 2083 1849 non
2148 1784 2403 1849 dativus
2422 1833 2439 1862 ,
2504 1789 2580 1849 ut
2643 1787 2885 1870 opinor.

503 1886 800 1973 Mergere
844 1890 916 1951 in
955 1886 1198 1973 aliquid
1243 1893 1310 1952 et
1356 1910 1606 1953 mersus
1651 1891 1720 1952 in
1766 1910 2026 1975 corpore
2076 1890 2342 1968 dicitur;
2384 1912 2532 1968 non,
2573 1896 2889 1976 quantum

501 1997 632 2060 scio
651 2044 667 2072 ,
729 1997 1144 2081 coniungitur
1201 1995 1579 2060 manifestus
1628 1995 1903 2061 dativus.
1968 1995 2127 2062 Vide
2172 1996 2343 2063 locos
2386 1998 2557 2083 apud
2603 1995 2888 2063 Oudend.

502 2101 583 2167 ad
628 2101 744 2166 ΙΠ.
797 2100 952 2167 426.
1014 2100 1322 2166 Heitland
1380 2123 1443 2187 p.
1493 2118 1600 2167 crv
1661 2102 1956 2167 dativum
2017 2124 2151 2169 esse
2215 2110 2405 2190 putat
2424 2154 2440 2182 ,
2501 2106 2891 2190 coniungens

504 2208 776 2273 dubium
833 2207 997 2273 illud
1059 2214 1263 2273 terrae
1325 2209 1543 2274 condit
1597 2208 1649 2273 I.
1704 2207 1857 2287 607,
1911 2210 2082 2294 quod
2128 2208 2237 2275 vel
2284 2210 2469 2276 Livio
2524 2211 2889 2277 obtruditur

505 2312 582 2378 V.
633 2314 715 2378 51
765 2319 830 2379 et
879 2313 1136 2379 similia.

593 2526 703 2593 IV.
756 2526 904 2593 112.
959 2526 1088 2606 „Et
1129 2533 1204 2592 tu
1243 2530 1569 2613 perpetuis
1616 2526 1926 2611 mpendas
1977 2550 2121 2595 aera
2172 2530 2476 2596 nimbis.'’
2526 2531 2891 2598 Dolendum

505 2640 603 2700 est
649 2634 820 2719 quod
853 2636 995 2719 ipsa
1031 2631 1286 2698 Heinsii
1325 2636 1648 2698 annotatio
1688 2634 1969 2698 intendas
2008 2635 2400 2702 defendentis
2441 2659 2590 2702 cum
2626 2638 2891 2724 reliquis

502 2742 750 2805 interiit
766 2789 782 2817 ,
852 2759 1005 2803 nam
1075 2759 1234 2823 quae
1306 2738 1669 2803 Burmanus
1742 2760 1821 2803 ex
1891 2761 1966 2805 ea
2026 2741 2222 2807 refert
2283 2764 2407 2807 non
2470 2744 2888 2809 satisfaciunt.

507 2846 723 2911 Habet
766 2844 835 2909 id
880 2845 958 2908 A.
1005 2846 1075 2908 in
1123 2865 1328 2931 marg.
1393 2844 1745 2927 Impendere
1790 2845 2029 2932 vulgo,
2080 2848 2250 2933 quod
2296 2851 2492 2913 etiam
2540 2856 2684 2935 post
2726 2850 2893 2916 lecta

506 2957 870 3020 commenta
927 2953 1222 3015 virorum
1267 2950 1601 3016 doctorum
1647 2974 1773 3016 non
1818 2973 2082 3037 possum
2128 2975 2255 3019 non
2300 2956 2597 3040 ineptum
2642 2963 2891 3041 putare.

505 3058 577 3125 Si
636 3062 1208 3145 interpretarentur
1270 3058 1580 3143 suspende
1638 3059 1893 3124 nimbos
1938 3065 2085 3125 ante
2132 3062 2387 3126 aethera
2402 3110 2418 3139 ,
2469 3084 2595 3147 quo
2639 3062 2753 3128 lux
2799 3066 2887 3127 in-

503 3168 894 3251 tercipiatur,
942 3163 1386 3251 intellegerem
1433 3169 1586 3245 (non
1630 3166 2014 3249 probarem),
2062 3172 2139 3231 ut
2186 3168 2727 3253 quemadmodum
2772 3172 2891 3234 im-

502 3269 775 3357 pendere
817 3269 1071 3334 nimbos
1117 3272 1279 3346 aeri,
1329 3274 1420 3335 sic
1458 3291 1707 3356 quoque
1746 3292 1889 3338 aera
1926 3274 2163 3338 nimbis
2206 3273 2551 3353 diceretur;
2596 3276 2706 3341 sed
2744 3296 2891 3341 aera

504 3379 687 3463 quasi
730 3379 1054 3440 insumere
1097 3376 1332 3441 nimbis
1377 3379 1571 3441 nimis
1618 3380 1781 3442 mire
1830 3378 2085 3443 dicitur.
2135 3379 2482 3466 Aliquanto
2533 3381 2768 3448 melius
2794 3387 2894 3448 est
2960 3363 2965 3371 ¹

501 3483 812 3547 intendere
851 3481 1107 3547 aethera
1145 3483 1414 3561 nimbis3
1461 3482 1701 3548 scilicet
1745 3484 2289 3569 quemadmodum
2329 3488 2655 3553 intendere
2678 3488 2892 3575 lyram

498 3592 711 3654 nervis
731 3638 746 3667 ,
821 3587 1046 3653 sellam
1115 3587 1269 3654 loris
1287 3638 1305 3672 ‚
1379 3588 1617 3653 similia
1686 3588 2006 3668 dicuntur,
2072 3612 2217 3657 aera
2278 3594 2514 3658 nimbis
2577 3600 2745 3661 recte
2823 3616 2891 3661 se

501 3698 694 3761 habet
709 3716 725 3774 ;
798 3700 896 3760 est
955 3696 1128 3760 enim
1187 3695 1613 3781 praepandere
1661 3696 1863 3762 nubes
1910 3698 2173 3762 aetheri.
2239 3698 2387 3764 Alia
2439 3721 2693 3786 quoque
2738 3706 2892 3765 sunt

506 3805 575 3867 in
656 3802 776 3866 hoc
842 3799 981 3866 loco
1051 3821 1211 3886 quae
1278 3800 1622 3866 offendunt.
1692 3802 1927 3867 Editur
1994 3802 2195 3889 vulgo
2266 3805 2414 3869 inde
2484 3826 2523 3870 a
2590 3826 2652 3869 v.
2722 3806 2886 3873 103:

509 3928 624 3973 nec
690 3906 1024 3972 Phoebum
1094 3928 1356 3993 surgere
1419 3910 1615 3972 sentit
1655 3908 1666 3994 Ι
1706 3930 1832 3973 nox
1892 3909 2155 3973 subiecta
2213 3909 2403 3996 polo''
2472 3913 2560 3977 sic
2605 3910 2891 3978 Haskins

509 4033 660 4078 cum
706 4012 978 4091 Weisio;
1028 4018 1264 4098 quanto
1310 4017 1520 4099 magis
1567 4017 1892 4099 poeticum
1940 4015 2108 4100 quod
2154 4015 2215 4079 U
2256 4016 2448 4081 habet
2488 4023 2553 4082 et
2592 4038 2716 4103 quo
2756 4018 2810 4083 V
2832 4018 2893 4085 R

507 4120 816 4201 (subiecta)
880 4120 1122 4184 ducunt
1184 4126 1248 4185 et
1311 4142 1390 4185 ex
1455 4118 1671 4187 Grotii
1734 4122 2009 4187 editione
2071 4126 2426 4209 superiores
2488 4134 2889 4191 sumserunt:

507 4226 780 4290 subtexta
802 4252 882 4277 =
904 4232 1207 4311 tanquam
1255 4232 1510 4292 textura
1547 4232 1805 4292 extenta
1846 4234 1989 4293 ante
2026 4226 2241 4294 lucem
2279 4232 2599 4317 surgentis
2624 4230 2889 4297 Phoebi.

511 4330 716 4398 Paulo
785 4337 929 4417 post
993 4353 1059 4398 v.
1112 4330 1275 4397 106:
1344 4334 1476 4409 „sic
1537 4333 1764 4397 mundi
1824 4354 1968 4418 pars
2027 4336 2162 4399 ima
2219 4338 2415 4412 iacet,
2482 4356 2676 4421 quam
2737 4359 2891 4405 zona
