3192 5009
1016 445 1026 456 ⁶
1096 383 1178 433 1111
1227 383 1536 434 1111611111.
1581 382 1909 433 1111616111.
2552 357 2683 430 267

296 553 546 618 (1666666
579 551 778 629 16666,
821 552 933 616 11111
975 550 1169 616 aliam
1211 551 1504 616 codicum
1542 550 1911 628 lectionem,
1941 549 2279 615 meliorem
2304 569 2497 635 quam
2524 570 2686 635 quae

295 661 556 745 cognita
593 662 788 735 esset,
831 660 1181 722 servaverit
1218 655 1503 722 Flavius.
1547 655 1609 721 Is
1648 677 1798 722 vero
1839 657 2129 721 Aristeae
2164 675 2431 721 manum
2470 668 2687 721 nostro

291 765 435 830 loco
471 764 709 841 reddit,
743 763 1020 829 scribens
1048 771 1262 841 »Ζῆνα
1290 769 1623 834 καλοῦντες
1653 761 1840 826 αὐτὸν
1882 763 2204 840 ἐτύμως,
2249 763 2375 826 ἀπὸ
2400 766 2507 827 τοῦ
2532 761 2692 838 σύμ-

295 895 492 934 πασιν
517 871 776 945 ε’μΦύειν
802 873 869 934 τὸ
897 869 1002 949 ζῆν
1028 871 1136 944 τὴν
1165 870 1488 943 ἐπίκλησιν
1514 870 1705 934 αὐτοῦ
1732 867 2107 942 νοήσαντες”.
2145 867 2282 948 Quo
2306 871 2517 956 magis
2541 890 2692 955 quo-

293 998 442 1064 que,
467 979 536 1040 ni
560 976 762 1055 fallor,
781 979 1190 1063 perspicuum
1215 976 1288 1040 fit
1313 978 1640 1041 immerito
1660 975 2095 1041 Schmidtium
2116 978 2341 1041 invitis
2368 977 2689 1043 codicibus

295 1083 571 1149 edidisse
613 1089 824 1160 »Ζῆνα
869 1082 972 1146 xx}
1021 1082 1168 1146 Δία.
1209 1078 1362 1147 οὕτω
1407 1082 1469 1146 δὲ
1511 1082 1675 1147 etc.”
1698 1103 1715 1160 ;
1760 1103 1911 1146 nam
1938 1087 2106 1147 recte
2133 1103 2354 1148 omnes
2380 1083 2691 1149 editiones

293 1191 598 1274 antiquae
629 1210 780 1255 cum
817 1188 1137 1254 codicibus
1161 1191 1388 1268 (etiam
1411 1188 1556 1253 Par.
1589 1186 1719 1254 128
1744 1187 1944 1253 Marc.
1973 1194 2037 1253 et
2060 1188 2288 1267 Burn.)
2317 1197 2551 1266 ,,Ζῆνα.
2582 1189 2686 1254 καὶ

295 1297 402 1361 διὰ
433 1301 610 1360 τοῦτο
644 1295 774 1361 w.
815 1295 1217 1382 Quamquam
1241 1316 1353 1380 pro
1377 1294 1613 1360 ultimo
1640 1294 1700 1359 δὲ
1728 1294 2027 1380 equidem
2052 1294 2179 1375 γὰρ
2200 1293 2416 1382 legere
2438 1295 2687 1361 malim.

392 1425 456 1489 p.
512 1398 613 1468 17.
647 1399 750 1470 17.
797 1403 872 1467 In
919 1405 1097 1488 regio
1137 1402 1617 1479 orpona'zyaaeu,
1661 1400 1865 1486 quod,
1905 1399 2057 1467 licet
2094 1401 2385 1468 uberiore
2409 1405 2690 1468 oratione

296 1512 735 1596 conscriptum
803 1512 890 1574 sit
957 1530 1150 1595 quam
1214 1529 1340 1594 qua
1401 1508 1651 1573 decreta
1707 1506 2225 1574 Ptolemaeorum
2286 1512 2388 1574 uti
2449 1509 2689 1588 solent,

291 1615 510 1681 lucide
573 1623 787 1681 tamen
853 1615 1247 1680 demonstrat
1305 1621 1600 1680 nostrum
1664 1616 2039 1699 scriptorem
2104 1615 2419 1681 eiusmodi
2466 1637 2684 1680 rerum

295 1725 570 1787 minime
629 1725 933 1808 ignarum
990 1723 1184 1786 fuisse
1202 1769 1219 1798 ,
1283 1719 1743 1806 Philadelphus
1789 1727 2132 1807 postquam
2181 1721 2447 1787 Iudaeos
2494 1744 2692 1787 manu

297 1830 482 1892 mitti
548 1829 740 1892 iussit
757 1844 774 1906 ·,
839 1845 1097 1892 66116616
1162 1829 1299 1892 61116
1362 1827 1596 1892 decreti
1657 1826 1835 1891 addit
1880 1827 1979 1892 his
2025 1828 2272 1893 verbis:
2326 1829 2690 1910 »νομίζομεν

298 1935 431 2013 γὰρ
479 1934 582 1996 καὶ
631 1934 802 2012 παρὰ
848 1934 957 2004 τὴν
1008 1939 1112 1996 τοῦ
1165 1935 1394 2012 πατρὸς
1447 1933 1611 2007 ἧμῶν
1659 1931 1957 2009 βούλησιν
2004 1934 2107 1995 καὶ
2161 1936 2331 2012 παρὰ
2375 1934 2441 1998 τὸ
2482 1936 2689 2006 καλῶς

297 2039 448 2120 ἔχον
497 2041 1026 2121 ᾖχριαλωτεῦσθαι
1079 2040 1362 2116 τούτους,
1413 2038 1513 2102 διὰ
1563 2038 1625 2102 δὲ
1676 2041 1785 2112 τὴν
1834 2041 2277 2120 στρατιωτικὴν
2324 2041 2691 2118 προπέτειαν

297 2149 412 2219 τήν
477 2171 542 2211 τε
609 2149 814 2225 χώραν
869 2149 1069 2210 αὐτῶν
1133 2146 1560 2221 κατεφθάρθαι
1626 2143 1727 2208 κα)
1790 2145 1898 2218 τὴν
1949 2145 2248 2211 Ἰουδαίων
2303 2148 2692 2225 μεταγωγὺν

301 2253 390 2323 εἷς
431 2253 540 2326 τὴν
587 2250 906 2330 Αἴγυπτον
933 2251 1286 2330 γεγονέναι·
1331 2253 1568 2323 ἱκανὴ
1612 2251 1767 2328 γὰρ
1811 2247 1889 2324 ἦν
1934 2255 1969 2326 ἦ
2017 2251 2237 2332 παρὰ
2284 2253 2367 2315 τὸ
2416 2252 2693 2318 πεδίον

300 2366 708 2436 γεγονυῖα
783 2360 864 2422 ἐκ
937 2365 1082 2422 τῶν
1152 2364 1667 2436 στρατιωτῶν
1736 2357 2132 2435 ὠφέλεια·
2212 2357 2296 2421 διὸ
2370 2361 2689 2434 παντελῶς

301 2467 648 2539 ἀνεπιεικής
703 2466 831 2528 ἔστι
883 2466 986 2527 καὶ
1038 2465 1071 2539 ἦ
1114 2472 1228 2528 τῶν
1277 2459 1593 2541 ἀνθρώπων
1643 2464 2172 2528 καταδυναστεία.
2240 2463 2482 2543 Verba,
2531 2486 2691 2553 quae

295 2571 526 2637 latiore
592 2574 762 2636 inter
827 2570 1116 2636 literulas
1187 2573 1394 2656 spatio
1463 2570 1777 2647 indicavi,
1852 2570 1961 2634 alii
2022 2569 2207 2636 aliter
2271 2579 2687 2658 acceperunt:

299 2677 620 2764 plerisque
660 2699 810 2743 vero
845 2678 1020 2742 idem
1062 2677 1362 2742 videntur
1399 2677 1759 2763 significare
1800 2676 1967 2762 quod
2006 2675 2317 2743 Garbitio.
2368 2678 2431 2744 Is
2472 2686 2691 2745 autem

300 2787 532 2849 vertit:
584 2833 618 2861 „
629 2805 776 2848 6616
827 2784 994 2869 quod
1035 2783 1378 2848 commodi·
1399 2785 1669 2868 contigit
1710 2803 1788 2848 61
1826 2781 2066 2848 61111116
2090 2782 2379 2848 militum
2406 2786 2687 2866 regionis,

299 2891 420 2954 hoc
459 2893 616 2954 satis
652 2911 968 2976 magnum
1005 2890 1130 2954 fuit
1149 2889 1212 2968 ,'’
1254 2892 1322 2953 in
1363 2910 1487 2974 qua
1533 2891 1823 2954 versione
1868 2910 1992 2953 non
2038 2896 2299 2976 apparet
2345 2897 2570 2956 utrum
2619 2893 2685 2956 ἐκ

303 3003 417 3060 τῶν
458 3003 864 3073 στρατιωτῶν,
905 3017 985 3061 66
1023 2995 1236 3061 6611116
1274 3003 1388 3059 τῶν
1436 3003 1825 3073 στρατιωτῶν
1870 2995 2103 3082 legerit
2153 2993 2486 3062 Garbitius
2505 3019 2522 3076 3
2573 2997 2690 3063 illa

302 3103 472 3166 enim
534 3104 918 3186 praepositio
939 3151 955 3179 ,
1021 3123 1208 3188 quam
1271 3123 1348 3167 61
1395 3101 1609 3167 66(1166
1656 3101 1709 3165 Β
1755 3104 2027 3166 inseruit
2076 3101 2474 3168 Schmidtius
2495 3153 2511 3182 ,
2562 3125 2687 3170 non

300 3211 510 3294 magis
553 3210 622 3271 in
668 3207 938 3294 vulgata
985 3207 1240 3272 additur
1285 3228 1479 3293 quam
1521 3210 1589 3271 in
1640 3207 1963 3273 codicibus
2010 3207 2371 3282 Lumbrosi.
2436 3207 2690 3297 Cogita—

298 3321 452 3379 runt
503 3321 720 3378 autem
742 3363 756 3389 ‚
805 3317 1046 3399 opinor,
1095 3316 1144 3378 ii
1193 3317 1303 3399 qui
1349 3317 1444 3379 ita
1489 3335 1564 3378 ea
1610 3315 1803 3379 verba
1851 3321 2114 3379 vertunt
2164 3314 2239 3380 (16
2288 3336 2444 3394 11611,
2492 3337 2686 3401 quem

298 3442 411 3486 rex
475 3423 757 3505 percepit
824 3441 903 3484 61
966 3419 1288 3484 militibus
1351 3419 1637 3497 Iudaeis,
1704 3441 1860 3505 quos
1918 3420 2085 3506 Lagi
2148 3419 2321 3486 filius
2386 3423 2513 3498 »εἰς
2576 3425 2686 3495 τὴν

299 3526 504 3607 χώραν
559 3526 892 3608 κατῴκισεν
944 3527 1003 3589 ἐν
1052 3535 1175 3596 τοῖς
1225 3524 1586 3605 Φρουρίοις”.
1639 3525 1958 3610 Equidem
2009 3547 2080 3590 eo
2130 3529 2345 3592 minus
2392 3527 2467 3594 de
2514 3549 2690 3615 prae-

301 3635 466 3697 senti
522 3629 906 3696 Iudaeorum
971 3631 1173 3697 officio
1233 3635 1303 3696 in
1351 3633 1653 3718 Aegy-pto
1702 3631 2119 3717 cogitandum
2167 3640 2324 3718 puto
2345 3683 2362 3711 ,
2414 3637 2564 3721 quia
2610 3656 2689 3700 61

299 3741 614 3803 constanti
682 3744 745 3803 et
815 3746 1120 3823 perpetuo
1187 3736 1763 3804 Alexandrinorum
1824 3759 1947 3802 usu
2010 3739 2390 3826 Aegyptum
2450 3746 2686 3819 noster,

299 3865 450 3910 cum
493 3844 638 3908 urbi
686 3843 1108 3909 Alexandriae
1164 3847 1447 3930 opponit,
1497 3864 1747 3928 semper
1794 3849 1977 3908 vocat
2025 3846 2134 3917 τὴν
2176 3845 2405 3924 χώραν.
2448 3845 2688 3911 Verum

297 3970 499 4034 neque
539 3953 811 4014 orationi
850 3953 1144 4014 convenit
1185 3949 1334 4015 talis
1354 3999 1370 4026 ,
1415 3948 1671 4034 qualem
1710 3947 1940 4013 volunt
1959 3997 1974 4026 ‚
2016 3951 2456 4035 interpretatio
2476 4000 2491 4029 ,
2520 3952 2689 4038 quod

295 4054 404 4120 vel
463 4056 724 4141 perfecti
789 4059 1202 4142 participium
1265 4062 1622 4136 (γεγονυῖα)
1668 4059 1919 4140 arguit,
1970 4055 2248 4140 perfecto
2296 4060 2469 4122 enim
2514 4080 2689 4144 prae-

296 4163 489 4227 terita
558 4161 834 4228 indicare
897 4162 1061 4228 solet
1125 4164 1424 4228 Aristeas.
1489 4161 1854 4226 Hominum
1918 4160 2337 4227 dominationi
2402 4169 2504 4244 (τῇ
2569 4171 2687 4229 τῶν

300 4269 616 4346 ἀνθρώπων
665 4269 1194 4351 καταδυναστείᾳ)
1244 4289 1438 4355 quam
1479 4289 1590 4334 rex
1628 4269 1983 4353 improbat,
2028 4271 2374 4354 opponitur
2407 4269 2477 4334 id
2517 4271 2688 4356 quod

295 4396 378 4441 61
441 4377 580 4440 61116
641 4377 934 4462 opinione
999 4375 1318 4440 militibus
1367 4373 1651 4440 sufficere
1700 4378 2103 4459 oportuerat:
2154 4374 2387 4459 praeda
2432 4378 2502 4440 in
2548 4379 2685 4462 ipso

295 4481 684 4547 Iudaeorum
733 4501 887 4568 agro
929 4482 1068 4561 (ubi
1103 4482 1510 4562 στρατιωτικὴ
1551 4482 1889 4561 προπέτεια
1932 4481 2041 4555 τὴν
2084 4483 2290 4564 χώραν
2330 4481 2685 4565 διέφθειρεν)
