3192 5009
538 235 668 302 364
1377 255 1670 302 officum
1719 255 2073 302 smmum.

534 422 603 484 in
650 419 851 484 altero
898 441 1089 484 versu
1138 423 1411 506 turpiter
1456 419 1858 508 interpolatis
1907 419 2140 485 Sti-uve
2188 420 2528 485 substituit
2576 419 2815 499 ταύρων
2868 417 2937 482 τ’

534 526 816 604 ἀγέλας,
881 549 1007 612 quo
1055 532 1306 613 recepto
1354 527 1562 592 Rzach
1606 530 1676 591 in
1725 529 1932 612 priore
1981 527 2056 590 de
2105 547 2220 591 suo
2269 525 2445 591 dedit
2490 531 2548 589 τ’
2599 528 2794 604 αἰγῶν
2849 527 2942 602 τ’,

532 653 660 698 non
721 639 1021 719 reputans
1085 635 1278 711 αἰγῶν
1341 633 1510 699 male
1572 637 1740 699 coire
1804 654 1954 697 cum
2016 633 2214 698 boum
2277 633 2558 717 epitheto
2607 633 2940 712 ἐριμύκων,

526 743 771 825 itaque,
822 743 877 803 si
924 761 1069 804 vere
1117 742 1209 804 ita
1258 743 1525 805 coniecit
1544 789 1558 817 ,
1613 738 1814 804 simu]
1865 738 2293 825 recipiendam
2334 759 2468 804 esse
2511 738 2742 804 codicis
2782 737 2942 802 Μο-

530 849 811 930 nacensis
881 849 1263 932 scripturam
1335 848 1649 925 ἐριμύκων.
1722 845 1841 911 Est
1901 852 2117 910 tamen
2180 865 2253 910 ea
2315 866 2436 910 vox
2501 847 2768 932 exig-uae
2821 842 2942 908 vel

529 956 744 1038 potius
804 952 1046 1017 nullius
1108 956 1542 1030 auctoritatis,
1608 950 1898 1028 μηκάδας
1961 955 2134 1016 enim
2199 946 2396 1028 αἶγας
2459 950 2676 1015 audire
2721 948 2942 1014 solere

531 1080 717 1123 nemo
773 1062 1061 1144 ignorat,
1129 1062 1421 1143 quocirca
1486 1058 1666 1123 aliud
1726 1057 1922 1123 latere
1969 1057 2346 1122 crediderim
2369 1105 2386 1134 ,
2437 1055 2620 1121 velut
2665 1057 2942 1134 μόσχων

532 1190 614 1229 τε
665 1167 869 1240 βοῶν
918 1167 977 1226 τ’
1026 1164 1335 1244 ἐριμύκων.
1386 1163 1608 1249 Neque
1655 1167 1829 1228 enim
1875 1163 1980 1228 hic
2019 1163 2280 1228 curandi
2318 1166 2528 1248 apices
2563 1162 2938 1238 literarum,

532 1274 681 1356 quia
727 1272 973 1347 ἀγέλας
1024 1271 1150 1334 huc
1199 1271 1456 1361 devenit
1504 1291 1581 1334 ex
1631 1269 1830 1334 altero
1877 1291 2068 1335 versu
2116 1269 2403 1334 nondum
2451 1273 2765 1353 corrupto.

624 1375 677 1440 V
729 1374 860 1441 390
910 1377 969 1438 ἐν
1017 1375 1105 1440 σοὶ
1157 1379 1313 1454 γὰρ
1363 1377 1567 1456 μήτηρ
1616 1375 1804 1456 τέκνῳ
1855 1377 2051 1456 μίχθη
2103 1377 2446 1454 ἀθεμίστως
2496 1376 2626 1440 κτὲ.

532 1483 725 1547 Hunc
786 1488 851 1547 et
913 1489 1245 1566 sequentes
1311 1503 1533 1547 versus
1596 1482 1874 1547 Romam
1937 1489 2220 1568 spectare
2270 1487 2532 1568 apparet
2581 1481 2850 1546 demum
2905 1503 2942 1546 e

532 1610 628 1654 vs.
684 1586 815 1652 394
840 1610 997 1674 sqq„
1049 1589 1155 1653 sed
1204 1594 1338 1652 tam
1386 1591 1652 1674 abrupte
1699 1590 1768 1652 hi
1814 1609 2036 1654 versus
2085 1587 2528 1674 praecedentes
2577 1591 2938 1674 excipiunt,

536 1704 610 1760 ut
676 1700 821 1760 ante
880 1717 973 1760 vs.
1025 1695 1158 1760 390
1218 1695 1557 1773 nonnulla,
1626 1699 1693 1760 in
1756 1697 1989 1782 quibus
2052 1697 2248 1760 fuerit
2295 1695 2534 1761 Romae
2581 1694 2897 1760 aJJocutio
2918 1743 2937 1773 ,

539 1805 799 1888 periisse
846 1801 1170 1887 probabile
1218 1809 1462 1887 putem.
1514 1801 1776 1867 Accedit
1824 1802 1993 1888 quod
2035 1800 2266 1868 vocula
2309 1800 2466 1883 γάρ,
2510 1808 2586 1866 ut
2626 1823 2797 1867 nunc
2837 1823 2946 1866 res

538 1910 765 1986 habet,
816 1908 1040 1974 idoneo
1090 1930 1279 1974 sensu
1328 1909 1636 1974 destituta
1682 1915 1797 1974 est.

630 2013 683 2076 V
726 2011 856 2080 4¹76
905 2013 1091 2093 μυρία
1142 2014 1191 2078 δ’
1241 2013 1481 2090 οἰμώξει
1531 2015 1749 2088 δεινὴ
1796 2018 1978 2092 γενεὴ
2031 2016 2198 2080 κατὰ
2253 2015 2456 2096 τέρμα

907 2121 1108 2195 ἠελίου
1158 2120 1447 2191 δύνοντος.

547 2227 782 2310 Aptius
830 2225 1085 2289 videtur
1133 2226 1419 2302 δειΛὴ,
1468 2227 1684 2289 misera
1731 2247 1908 2312 gens.

630 2328 685 2393 V
727 2328 858 2394 492
911 2330 1125 2409 δεῦτε,
1174 2333 1307 2395 θεοῦ
1355 2323 1604 2406 τέμενος
1655 2332 1846 2396 καλὸν
1895 2332 2218 2408 στήσωμεν
2265 2331 2588 2406 ἀληθές.

544 2437 765 2503 Nonne
813 2441 1092 2522 praestat
1139 2438 1530 2514 ἀληθοῦς,
1580 2439 1708 2501 veri
1755 2439 1886 2514 dei,
1937 2442 2011 2501 ut
2055 2458 2152 2501 vs,
2206 2435 2358 2514 499,
2409 2435 2602 2502 alibi?

628 2543 681 2606 V
724 2542 855 2608 500
908 2544 1010 2606 καὶ
1061 2541 1194 2607 τότ’
1242 2545 1301 2606 ἐν
1353 2544 1662 2622 Αἰγύπτῳ
1710 2545 1846 2614 ναὸς
1897 2543 2106 2621 μέγας
2158 2540 2411 2608 ἔσσεται
2459 2542 2647 2620 ἁγνὸς

901 2649 954 2712 κ’
1004 2649 1087 2718 εἰς
1134 2648 1321 2713 αὑτὸν
1369 2649 1579 2720 θυσίας
1632 2647 1776 2713 οἴσει
1829 2650 1978 2721 λαὸς
2032 2649 2542 2721 θεάτευκτος.

536 2753 704 2818 Mire
759 2752 979 2818 Iudaei
1024 2761 1331 2818 vocantur
1377 2754 1527 2827 λαὸς
1578 2755 1961 2830 θεότευκτος,
2011 2776 2124 2840 pro
2172 2776 2299 2840 quo
2348 2757 2562 2840 potius
2612 2753 2930 2826 θεόδεκτος

536 2860 641 2925 vel
678 2858 1025 2938 θεόθρεπτος
1069 2858 1174 2924 vel
1214 2861 1532 2933 θεδσεπτος
1555 2909 1571 2938 ,
1616 2863 1949 2925 transitive
1989 2867 2374 2946 usurpatum
2413 2867 2490 2924 ut
2526 2859 2694 2945 apud
2717 2859 2944 2926 Mane-

539 2966 802 3030 thonem
840 2963 925 3028 IV
952 2962 1105 3043 427,
1146 2969 1599 3051 expectaveris.
1645 2965 1821 3029 Num
1862 2965 2024 3031 forte
2048 2988 2198 3032 vera
2221 2973 2318 3032 est
2341 2966 2634 3032 codicum
2658 2989 2942 3052 quorun-

540 3072 689 3137 dam
728 3074 1043 3156 scriptura
1092 3071 1569 3148 θεότακτος,
1611 3072 1878 3154 popubas
1919 3097 1958 3134 a
1997 3073 2124 3136 Deo
2166 3074 2499 3151 ordinatus,
2529 3074 2944 3138 constitum?

634 3175 721 3240 VI
766 3175 853 3241 28
904 3173 1043 3241 Vid.
1098 3198 1289 3264 supra
1336 3198 1483 3263 pag.
1537 3174 1691 3241 354.

604 3280 723 3346 VH
770 3281 856 3346 25
906 3283 1118 3355 στήσει
1171 3283 1219 3347 δ’
1273 3284 1630 3361 ἀνθρώποισι
1679 3283 1890 3359 μέγαν
1937 3282 2140 3363 φόβον
2190 3284 2369 3362 &dado-⁹
2416 3284 2644 3349 ἰδέσθαι

904 3388 1133 3452 κίονα
1184 3390 1605 3468 μετρήσας
1655 3388 1922 3468 μεγάλῳ
1973 3389 2154 3469 πυρί,
2203 3384 2270 3452 οὗ
2316 3387 2710 3469 ῥαθάμιγγες

906 3495 1222 3573 ἀνθρώπων
1271 3494 1545 3560 ὀλέσουσι
1593 3494 1740 3572 γένη
1795 3495 1966 3559 κακὰ
2015 3493 2481 3572 τολμησάντων.

546 3599 881 3666 Facfflima
928 3603 1231 3665 correctio
1279 3602 1477 3666 foret:

910 3707 1097 3771 κίον’
1146 3707 1557 3786 οὶερτησας
1609 3707 1877 3787 μεγαλῳ
1929 3707 2108 3787 πυρί,
2161 3706 2286 3771 κτὲ.

544 3812 735 3878 modo
798 3815 1064 3893 μεγαλῳ
1130 3813 1273 3890 πυρί
1335 3815 1490 3876 satis
1558 3811 1886 3878 commode
1935 3815 2028 3877 ita
2076 3812 2325 3876 dictum
2377 3812 2673 3878 videatur
2719 3832 2830 3896 pro
2879 3811 2941 3874 ἐν

547 3919 813 3998 μεγάλῳ
865 3917 1026 3998 πυρί.
1080 3916 1193 3982 Sin
1240 3920 1491 3994 minus,
1540 3920 1780 4002 possis:

913 4023 1139 4087 κίονα
1191 4021 1259 4100 γ’
1313 4020 1699 4098 ἐμπήξας
1749 4021 2018 4102 μεγαλῳ
2065 4026 2236 4101 πυρί,
2287 4024 2412 4087 κτέ.
2523 4081 2528 4086 .

548 4129 625 4194 cl.
693 4126 755 4192 11
816 4128 970 4206 240,
1042 4130 1152 4193 ubi
1224 4129 1300 4194 de
1364 4129 1587 4194 eadem
1649 4150 1716 4194 re
1781 4132 2018 4216 agitur,
2084 4131 2380 4207 μεγάλην
2441 4129 2504 4194 δέ
2571 4154 2643 4193 τε
2709 4128 2830 4193 md
2847 4155 2934 4193 να

551 4231 787 4308 πήξει
862 4241 927 4298 et
999 4233 1129 4298 285
1204 4237 1404 4298 κίονι
1482 4235 1969 4313 προσπελάσειεν
2044 4235 2416 4315 (scelestos),
2489 4232 2681 4316 ὅπου
2755 4234 2936 4313 περὶ

550 4343 843 4406 κύκλον
893 4337 1150 4405 ἅπαντα
1182 4339 1205 4419 ΙΙ
1236 4341 1563 4416 ἀκάματος
1617 4344 1990 4418 ποταμὸς
2039 4343 2307 4422 ρεύσει
2359 4342 2601 4420 πυρός
2652 4342 2780 4406 κτὲ.
