3192 5009
360 279 369 286 -
428 239 562 310 298
1458 263 1779 312 nonnus.

700 429 965 508 yelvaer’,
1013 429 1153 494 ἐπεί
1196 433 1273 512 ῥα
1319 434 1594 495 τοκεῦσιν
1643 427 1763 507 ἅμ’
1813 426 2037 494 ἕσπετο
2084 435 2262 506 μῆλα
2311 426 2576 492 ἰδέσθαι·

697 533 958 601 τοῦνεκά
1004 560 1109 613 μιν
1154 536 1377 601 κάλεον
1430 538 1805 615 Σιμοείσιον·
1853 534 1989 600 οὐδὲ
2035 539 2316 599 τοκεῦσιν

696 640 959 723 θρέπτρα
1004 643 1239 725 cpiam&
1284 642 1585 709 ἀπέδωκε.

424 746 622 814 Filias
684 747 1079 815 familiarum
1124 747 1281 815 olim
1330 748 1549 815 solitas
1596 750 1796 815 fuisse
1843 755 2105 835 pastum
2149 748 2378 814 ducere
2425 767 2573 813 oves
2590 795 2609 826 ‚
2661 750 2868 812 novi

426 860 492 921 et
529 854 821 942 exempla
860 856 1097 941 ubique
1134 862 1442 941 prostant.
1488 855 1730 922 Rachel
1767 859 1969 942 patris
2003 877 2275 943 gregem
2314 857 2454 940 ipsa
2489 855 2860 940 pascebat,

424 965 503 1025 ut
548 967 647 1026 est
691 958 921 1028 Genes.
969 960 1077 1027 29.
1106 961 1166 1027 9.
1216 963 1435 1050 Magis
1482 965 1682 1028 etiam
1729 961 2043 1028 disertum
2086 969 2185 1027 est
2230 960 2401 1047 quod
2443 963 2866 1026 invenimus

426 1066 629 1132 Exod.
680 1066 744 1131 2.
775 1067 891 1133 16:
946 1067 1189 1146 „Erant
1224 1075 1445 1134 autem
1484 1069 1800 1134 sacerdoti
1836 1068 2097 1134 Madian
2134 1075 2382 1156 septem
2421 1068 2610 1145 filiae,
2655 1089 2862 1153 quae

426 1177 740 1239 venerunt
798 1173 878 1237 ad
939 1173 1361 1239 hauriendam
1405 1195 1639 1260 aquam
1686 1180 1752 1239 et
1793 1175 2080 1260 impletis
2128 1172 2454 1240 canalibus
2499 1173 2862 1258 adaquare

428 1280 773 1366 cupiebant
831 1301 1063 1366 greges
1109 1283 1309 1365 patris
1354 1283 1474 1345 sui.
1526 1279 1963 1366 Supervenere
2007 1287 2294 1366 pastores
2311 1327 2328 1358 ,
2377 1286 2444 1345 et
2489 1281 2862 1344 eiecerunt

429 1405 569 1450 eas:
642 1388 1043 1472 surrexitque
1109 1387 1374 1473 Moyses
1392 1435 1408 1466 ,
1474 1393 1540 1453 et
1604 1386 1874 1452 defensis
1935 1386 2204 1472 puellis,
2267 1387 2620 1471 adaquavit
2667 1407 2862 1451 oves

428 1491 715 1557 earum”.
766 1491 893 1557 Sed
936 1514 1257 1578 nusquam
1302 1493 1438 1579 legi
1483 1496 1682 1559 etiam
1727 1499 2053 1558 matronas
2100 1492 2347 1559 deserta
2383 1489 2570 1558 domo
2613 1497 2866 1576 pasto-

430 1601 655 1663 riciam
700 1601 906 1664 vitam
955 1605 1205 1665 secutas
1250 1599 1469 1666 fuisse.
1526 1599 1716 1666 Dicet
1761 1599 2141 1665 Theocritus
2160 1648 2177 1676 ,
2226 1598 2395 1664 dicet
2441 1597 2724 1684 Longus
2783 1605 2864 1664 et

430 1707 870 1789 unusquisque
938 1704 1285 1792 intelligit,
1356 1712 1672 1791 quantum
1740 1704 2012 1792 periculi
2083 1705 2280 1769 fuerit
2348 1705 2734 1790 virginibus
2818 1725 2864 1768 a

432 1815 762 1896 pastorum
816 1807 1111 1876 lascivia:
1171 1810 1346 1876 idem
1405 1810 1734 1876 Homerus
1795 1815 2060 1876 innuere
2123 1811 2380 1876 videtur
2439 1819 2486 1874 Z
2516 1809 2630 1875 25.
2711 1809 2864 1876 Sed

432 1916 587 2004 quid
632 1915 842 1996 multa
891 1920 960 1982 in
1006 1938 1074 1982 re
1121 1915 1382 2002 aperta?
1429 1915 1919 1984 Emendandum
1964 1922 2092 1982 est:

704 2023 847 2086 ἐπεί-
890 2026 966 2104 ῥα
1014 2028 1397 2098 νομεῦσιν
1444 2021 1562 2102 ἅμ’
1612 2022 1837 2089 ἕσπετο
1883 2032 2064 2101 μῆλα
2111 2023 2365 2088 ἰδέσθαι.

433 2127 577 2194 Hoc
638 2149 889 2214 quoque
949 2131 1018 2193 in
1072 2129 1347 2216 vulgata
1390 2133 1708 2214 scriptura
1751 2129 2099 2194 molestum
2147 2135 2245 2194 est
2263 2178 2279 2207 ,
2329 2129 2580 2194 duobus
2631 2133 2863 2194 conti-

432 2237 578 2300 nuis
622 2235 958 2300 versiculis
998 2236 1219 2301 eodem
1265 2237 1485 2300 τοκέων
1532 2239 1792 2300 nomine
1835 2238 2123 2321 primum
2169 2233 2456 2300 Simoisii
2500 2249 2716 2300 avum
2783 2243 2858 2302 et

434 2343 649 2408 aviam
694 2341 977 2429 intelligi
994 2391 1010 2420 ,
1060 2341 1284 2409 deinde
1330 2348 1580 2428 patrem
1629 2348 1694 2408 et
1739 2349 2034 2408 matrem.

525 2510 697 2576 XVI.
761 2512 1030 2576 Prorsus
1076 2515 1403 2597 incognita
1440 2517 1537 2577 est
1577 2516 1758 2600 origo
1797 2512 2096 2577 adjectivi
2135 2512 2308 2597 quod
2346 2511 2592 2598 legitur
2616 2521 2666 2576 E
2709 2511 2852 2578 49:

707 2618 829 2682 υἱὸν
872 2618 935 2682 δὲ
987 2619 1303 2699 Στροφίοιο
1355 2619 1802 2698 Σκαμάνδριον,
1854 2617 2162 2694 αἵμονα
2213 2621 2410 2698 θήρης.

436 2723 706 2792 Difficile
753 2729 851 2789 est
898 2746 1025 2789 non
1072 2727 1381 2812 suspicari
1416 2724 1766 2812 legendum
1807 2746 1943 2790 esse
1993 2724 2182 2801 ἴδμο
2206 2749 2294 2788 να
2345 2724 2554 2805 θήρης,
2618 2746 2850 2812 neque

437 2830 592 2897 adeo
657 2829 949 2896 Aeolicae
1011 2829 1236 2896 literae
1299 2851 1521 2896 amans
1586 2853 1733 2896 sum
1753 2881 1769 2908 ,
1833 2837 1909 2896 ut
1954 2837 2288 2917 propterea
2333 2835 2644 2915 perpetuo
2701 2853 2850 2916 pre-

437 2957 614 3002 mam
684 2936 853 3022 quod
916 2937 1080 3001 mihi
1141 2943 1287 3002 ante
1350 2938 1708 3022 permultos
1754 2959 1950 3002 annos
1995 2940 2126 3002 iam
2176 2940 2244 3000 in
2290 2941 2576 3001 mentem
2625 2940 2846 3002 venit.

438 3043 607 3124 Quin
668 3048 734 3108 et
795 3041 925 3107 Vos
972 3045 1097 3128 ipsi
1142 3045 1211 3107 in
1254 3041 1601 3108 Homerica
1648 3041 2088 3108 Grammatica
2133 3041 2358 3108 Vestra
2407 3041 2674 3107 dedistis
2731 3042 2852 3108 ali-

440 3156 598 3237 quot
659 3148 952 3234 exempla
1012 3151 1350 3214 nominum
1398 3147 1835 3215 derivatorum
1853 3199 1869 3226 ,
1918 3152 1987 3213 in
2033 3149 2266 3234 quibus
2317 3147 2651 3234 digamma
2704 3169 2849 3214 ma-

442 3258 651 3321 turius
696 3257 889 3340 periit
936 3275 1131 3340 quam
1176 3257 1243 3318 in
1290 3257 1667 3340 primitivis.

531 3405 736 3472 XVII.
808 3406 884 3471 In
929 3409 1397 3493 comparatione
1446 3407 1723 3492 quadam
1767 3405 1869 3471 leo
1918 3406 2155 3472 dicitur
2201 3427 2354 3473 oves
2391 3406 2654 3472 adortus
2701 3429 2850 3476 esse

441 3523 490 3580 E
520 3511 688 3577 410:
738 3512 915 3576 ἀλλὰ
964 3513 1133 3575 κατὰ
1179 3511 1449 3589 ςαθμοὺς
1501 3512 1742 3597 δύεται,
1795 3513 1878 3577 τοὶ
1928 3512 1980 3577 δ’
2029 3513 2285 3590 ἐρῆμα
2329 3514 2653 3593 Φοβεῖται.
2713 3513 2848 3580 Hic

440 3621 683 3706 rogatis
729 3639 888 3682 num
935 3616 1098 3683 forte
1144 3617 1451 3694 Φὲβονται
1500 3623 1781 3704 praestet
1803 3667 1820 3696 ,
1871 3619 1982 3684 sed
2027 3625 2352 3704 praeterea
2395 3619 2680 3684 breviter
2735 3621 2848 3686 ad-

442 3726 627 3791 ditis:
694 3721 859 3801 „Sed
920 3722 1075 3808 quid
1136 3729 1233 3788 est
1296 3723 1380 3787 τά
1399 3722 1467 3788 Ῡ”
1535 3730 1612 3789 ut
1673 3730 1974 3811 appareat
2035 3722 2230 3790 Vobis
2277 3723 2493 3790 locum
2541 3725 2620 3789 de
2668 3729 2844 3792 vitio

442 3834 813 3916 suspectum
858 3850 1013 3896 esse.
1063 3829 1281 3894 Etiam
1327 3830 1735 3901 Aristarchus
1782 3831 1886 3895 hic
1932 3831 2222 3896 haeserat
2238 3879 2256 3908 ,
2297 3851 2500 3916 quum
2539 3835 2845 3915 proxime

441 3936 808 4023 praecedat:
854 3935 951 3999 ἐπ’
1001 3934 1354 4012 εἶροπόκοισ’
1402 3935 1614 4012 ὀΐεσσι,
1663 3939 1880 4022 itaque
1927 3935 2272 4000 Aristonici
2318 3941 2415 4001 est
2459 3935 2840 4004 adnotatio:

445 4047 478 4117 ἦ
548 4044 735 4114 διπλῆ
807 4036 899 4104 ὅτι
973 4046 1115 4121 πρὸς
1175 4041 1246 4104 τὸ
1310 4039 1754 4118 σημαινόμενον
1822 4040 1924 4104 καὶ
1989 4043 2056 4105 οὗ
2126 4041 2270 4119 πρὸς
2319 4042 2388 4105 τὸ
2437 4043 2612 4122 ῥητὸν
2661 4047 2838 4108 τοῦτ’

446 4147 798 4224 ἐπήγαγεν.
859 4145 1081 4212 Valeat
1144 4147 1296 4212 alibi
1358 4147 1528 4213 illud
1590 4147 1732 4226 πρὸς
1799 4147 1868 4211 τὸ
1916 4148 2397 4223 σημαινόμενον·
2445 4169 2616 4212 nunc
2661 4155 2840 4214 certe

446 4256 639 4318 nimis
684 4251 839 4316 dure
885 4251 1129 4316 dictum
1178 4257 1276 4317 est
1318 4253 1415 4316 τοὶ-
1455 4253 1506 4316 δ’
1555 4254 1754 4331 ἐρῆμα
1801 4252 2132 4330 Φὲβονται.
2176 4255 2345 4318 Ante
2389 4252 2580 4338 pedes
2620 4259 2839 4339 posita

447 4364 545 4427 est
591 4360 925 4425 correctio:
975 4360 1060 4423 τὰ
1108 4359 1169 4422 δὲ
1214 4365 1435 4435 μῆλα
1483 4357 1830 4439 Φὲβονται,
1879 4379 1992 4424 nec
2039 4357 2351 4424 dissimile
2397 4365 2498 4424 est
2547 4367 2598 4423 K
2627 4359 2787 4426 485.
