<?xml version="1.0" encoding="UTF-8"?>
<!DOCTYPE html PUBLIC "-//W3C//DTD XHTML 1.0 Transitional//EN"
    "http://www.w3.org/TR/xhtml1/DTD/xhtml1-transitional.dtd">
<html xmlns="http://www.w3.org/1999/xhtml" xml:lang="en" lang="en">
 <head>
  <title>
</title>
<meta http-equiv="Content-Type" content="text/html;charset=utf-8" />
  <meta name='ocr-system' content='tesseract 3.04.00' />
  <meta name='ocr-capabilities' content='ocr_page ocr_carea ocr_par ocr_line ocrx_word'/>
</head>
<body>
  <div class='ocr_page' id='page_1' title='image "./mnemosyne07servgoog_0736.png"; bbox 0 0 3192 5009; ppageno 0'>
   <div class='ocr_carea' id='block_1_1' title="bbox 500 338 2074 407">
    <p class='ocr_par' dir='ltr' id='par_1_1' title="bbox 500 338 2074 407">
     <span class='ocr_line' id='line_1_1' title="bbox 500 338 2074 407; baseline 0.001 -5"><span class='ocrx_word' id='word_1_1' title='bbox 500 338 633 403; x_wconf 79' lang='lat'><strong>256</strong></span> <span class='ocrx_word' id='word_1_2' title='bbox 1264 359 1349 406; x_wconf 78' lang='grc'><strong>611</strong></span> <span class='ocrx_word' id='word_1_3' title='bbox 1396 358 1705 407; x_wconf 65' lang='grc'><strong>1616161111</strong></span> <span class='ocrx_word' id='word_1_4' title='bbox 1751 358 2074 405; x_wconf 70' lang='lat' dir='ltr'><strong>ans-rou.</strong></span> 
     </span>
    </p>
   </div>
   <div class='ocr_carea' id='block_1_2' title="bbox 496 524 2900 3573">
    <p class='ocr_par' dir='ltr' id='par_1_2' title="bbox 496 524 2900 3573">
     <span class='ocr_line' id='line_1_2' title="bbox 500 524 2864 611; baseline -0.002 -20"><span class='ocrx_word' id='word_1_5' title='bbox 500 532 683 605; x_wconf 90' lang='lat' dir='ltr'><strong>(tom.</strong></span> <span class='ocrx_word' id='word_1_6' title='bbox 751 524 937 588; x_wconf 88' lang='lat' dir='ltr'><strong>XXV</strong></span> <span class='ocrx_word' id='word_1_7' title='bbox 1008 547 1071 610; x_wconf 90' lang='lat' dir='ltr'><strong>p.</strong></span> <span class='ocrx_word' id='word_1_8' title='bbox 1142 524 1301 605; x_wconf 83' lang='lat'>289)</span> <span class='ocrx_word' id='word_1_9' title='bbox 1378 545 1579 611; x_wconf 88' lang='lat' dir='ltr'><strong>usque</strong></span> <span class='ocrx_word' id='word_1_10' title='bbox 1666 526 1744 589; x_wconf 87' lang='lat' dir='ltr'><strong>ad</strong></span> <span class='ocrx_word' id='word_1_11' title='bbox 1809 528 2212 611; x_wconf 87' lang='lat' dir='ltr'><strong>imperatoris</strong></span> <span class='ocrx_word' id='word_1_12' title='bbox 2281 524 2524 590; x_wconf 81' lang='lat' dir='ltr'><strong>Tiberii</strong></span> <span class='ocrx_word' id='word_1_13' title='bbox 2591 528 2864 589; x_wconf 84' lang='lat' dir='ltr'><strong>aetatem</strong></span> 
     </span>
     <span class='ocr_line' id='line_1_3' title="bbox 498 630 2866 716; baseline -0.002 -19"><span class='ocrx_word' id='word_1_14' title='bbox 498 634 783 697; x_wconf 74' lang='lat' dir='ltr'>Aristeae</span> <span class='ocrx_word' id='word_1_15' title='bbox 822 630 1159 716; x_wconf 88' lang='lat' dir='ltr'><strong>epistolam</strong></span> <span class='ocrx_word' id='word_1_16' title='bbox 1195 630 1528 696; x_wconf 82' lang='lat' dir='ltr'><strong>detrudere</strong></span> <span class='ocrx_word' id='word_1_17' title='bbox 1568 638 1918 708; x_wconf 74' lang='lat' dir='ltr'><strong>conaretur,</strong></span> <span class='ocrx_word' id='word_1_18' title='bbox 1971 630 2275 716; x_wconf 82' lang='lat' dir='ltr'><strong>„Inepte”</strong></span> <span class='ocrx_word' id='word_1_19' title='bbox 2329 633 2562 716; x_wconf 90' lang='lat' dir='ltr'><strong>inquit,</strong></span> <span class='ocrx_word' id='word_1_20' title='bbox 2615 634 2866 707; x_wconf 77' lang='lat' dir='ltr'><strong>„noster</strong></span> 
     </span>
     <span class='ocr_line' id='line_1_4' title="bbox 496 736 2868 823; baseline -0.002 -20"><span class='ocrx_word' id='word_1_21' title='bbox 496 742 871 823; x_wconf 80' lang='lat' dir='ltr'><strong>interpretes</strong></span> <span class='ocrx_word' id='word_1_22' title='bbox 944 736 1127 801; x_wconf 87' lang='lat' dir='ltr'><strong>LXX</strong></span> <span class='ocrx_word' id='word_1_23' title='bbox 1200 736 1646 801; x_wconf 77' lang='lat' dir='ltr'><strong>Alexandriam</strong></span> <span class='ocrx_word' id='word_1_24' title='bbox 1712 740 2039 801; x_wconf 81' lang='lat' dir='ltr'><strong>venientes</strong></span> <span class='ocrx_word' id='word_1_25' title='bbox 2109 737 2260 803; x_wconf 84' lang='lat' dir='ltr'><strong>facit</strong></span> <span class='ocrx_word' id='word_1_26' title='bbox 2278 786 2294 814; x_wconf 99' lang='lat'><strong>,</strong></span> <span class='ocrx_word' id='word_1_27' title='bbox 2385 758 2512 822; x_wconf 87' lang='lat' dir='ltr'><strong>quo</strong></span> <span class='ocrx_word' id='word_1_28' title='bbox 2585 741 2868 820; x_wconf 90' lang='lat' dir='ltr'><strong>tempore</strong></span> 
     </span>
     <span class='ocr_line' id='line_1_5' title="bbox 498 840 2876 929; baseline -0.002 -20"><span class='ocrx_word' id='word_1_29' title='bbox 498 842 959 928; x_wconf 81' lang='lat' dir='ltr'><strong>Philadelphus</strong></span> <span class='ocrx_word' id='word_1_30' title='bbox 1004 845 1339 907; x_wconf 80' lang='lat' dir='ltr'><strong>victoriam</strong></span> <span class='ocrx_word' id='word_1_31' title='bbox 1375 842 1453 907; x_wconf 91' lang='lat' dir='ltr'><strong>de</strong></span> <span class='ocrx_word' id='word_1_32' title='bbox 1492 844 1816 929; x_wconf 82' lang='lat' dir='ltr'><strong>Antigono</strong></span> <span class='ocrx_word' id='word_1_33' title='bbox 1863 840 2114 909; x_wconf 84' lang='lat' dir='ltr'><strong>Gonata</strong></span> <span class='ocrx_word' id='word_1_34' title='bbox 2157 842 2550 919; x_wconf 89' lang='lat' dir='ltr'><strong>celebrabat,</strong></span> <span class='ocrx_word' id='word_1_35' title='bbox 2601 863 2753 906; x_wconf 89' lang='lat' dir='ltr'><strong>nam</strong></span> <span class='ocrx_word' id='word_1_36' title='bbox 2801 860 2876 905; x_wconf 89' lang='lat' dir='ltr'><strong>ea</strong></span> 
     </span>
     <span class='ocr_line' id='line_1_6' title="bbox 496 946 2874 1035; baseline -0.002 -20"><span class='ocrx_word' id='word_1_37' title='bbox 496 954 765 1015; x_wconf 80' lang='lat' dir='ltr'><strong>victoria</strong></span> <span class='ocrx_word' id='word_1_38' title='bbox 806 956 1127 1035; x_wconf 83' lang='lat' dir='ltr'><strong>reportata</strong></span> <span class='ocrx_word' id='word_1_39' title='bbox 1172 955 1269 1013; x_wconf 93' lang='lat' dir='ltr'><strong>est</strong></span> <span class='ocrx_word' id='word_1_40' title='bbox 1316 970 1481 1013; x_wconf 90' lang='lat' dir='ltr'><strong>anno</strong></span> <span class='ocrx_word' id='word_1_41' title='bbox 1520 954 1666 1013; x_wconf 84' lang='lat' dir='ltr'><strong>ante</strong></span> <span class='ocrx_word' id='word_1_42' title='bbox 1705 946 1854 1015; x_wconf 88' lang='lat' dir='ltr'><strong>Chr.</strong></span> <span class='ocrx_word' id='word_1_43' title='bbox 1895 948 2096 1012; x_wconf 83' lang='lat'>262”.</span> <span class='ocrx_word' id='word_1_44' title='bbox 2141 948 2330 1013; x_wconf 80' lang='lat' dir='ltr'><strong>Esset.</strong></span> <span class='ocrx_word' id='word_1_45' title='bbox 2367 970 2518 1013; x_wconf 89' lang='lat' dir='ltr'><strong>sane</strong></span> <span class='ocrx_word' id='word_1_46' title='bbox 2557 950 2874 1032; x_wconf 85' lang='lat' dir='ltr'><strong>ineptum,</strong></span> 
     </span>
     <span class='ocr_line' id='line_1_7' title="bbox 498 1054 2874 1141; baseline -0.002 -20"><span class='ocrx_word' id='word_1_47' title='bbox 498 1078 648 1121; x_wconf 90' lang='lat' dir='ltr'><strong>nam</strong></span> <span class='ocrx_word' id='word_1_48' title='bbox 694 1060 861 1121; x_wconf 87' lang='lat' dir='ltr'><strong>senis</strong></span> <span class='ocrx_word' id='word_1_49' title='bbox 904 1056 1053 1141; x_wconf 92' lang='lat' dir='ltr'><strong>plus</strong></span> <span class='ocrx_word' id='word_1_50' title='bbox 1097 1076 1293 1141; x_wconf 87' lang='lat' dir='ltr'><strong>quam</strong></span> <span class='ocrx_word' id='word_1_51' title='bbox 1338 1058 1726 1141; x_wconf 75' lang='lat' dir='ltr'><strong>octogenarii</strong></span> <span class='ocrx_word' id='word_1_52' title='bbox 1774 1062 1984 1139; x_wconf 86' lang='lat' dir='ltr'><strong>partes</strong></span> <span class='ocrx_word' id='word_1_53' title='bbox 2031 1076 2156 1121; x_wconf 92' lang='lat' dir='ltr'><strong>non</strong></span> <span class='ocrx_word' id='word_1_54' title='bbox 2203 1058 2342 1141; x_wconf 78' lang='lat' dir='ltr'><strong>agit</strong></span> <span class='ocrx_word' id='word_1_55' title='bbox 2387 1054 2760 1120; x_wconf 85' lang='lat' dir='ltr'><strong>Demetrius</strong></span> <span class='ocrx_word' id='word_1_56' title='bbox 2807 1056 2874 1117; x_wconf 90' lang='grc'><strong>16</strong></span> 
     </span>
     <span class='ocr_line' id='line_1_8' title="bbox 496 1160 2878 1248; baseline -0.002 -21"><span class='ocrx_word' id='word_1_57' title='bbox 496 1170 711 1227; x_wconf 86' lang='lat' dir='ltr'><strong>nostra</strong></span> <span class='ocrx_word' id='word_1_58' title='bbox 756 1160 1057 1246; x_wconf 85' lang='lat' dir='ltr'><strong>epistola;</strong></span> <span class='ocrx_word' id='word_1_59' title='bbox 1118 1164 1176 1225; x_wconf 92' lang='lat' dir='ltr'><strong>is</strong></span> <span class='ocrx_word' id='word_1_60' title='bbox 1222 1168 1441 1225; x_wconf 89' lang='lat' dir='ltr'><strong>autem</strong></span> <span class='ocrx_word' id='word_1_61' title='bbox 1486 1182 1638 1226; x_wconf 90' lang='lat' dir='ltr'><strong>cum</strong></span> <span class='ocrx_word' id='word_1_62' title='bbox 1683 1160 2144 1246; x_wconf 83' lang='lat' dir='ltr'><strong>rempublicam</strong></span> <span class='ocrx_word' id='word_1_63' title='bbox 2197 1164 2511 1248; x_wconf 77' lang='lat' dir='ltr'><strong>attingere</strong></span> <span class='ocrx_word' id='word_1_64' title='bbox 2565 1162 2878 1245; x_wconf 83' lang='lat' dir='ltr'><strong>coepisset</strong></span> 
     </span>
     <span class='ocr_line' id='line_1_9' title="bbox 498 1264 2876 1354; baseline -0.002 -22"><span class='ocrx_word' id='word_1_65' title='bbox 498 1290 625 1353; x_wconf 90' lang='lat' dir='ltr'><strong>quo</strong></span> <span class='ocrx_word' id='word_1_66' title='bbox 671 1277 954 1352; x_wconf 87' lang='lat' dir='ltr'><strong>tempore</strong></span> <span class='ocrx_word' id='word_1_67' title='bbox 1000 1266 1319 1352; x_wconf 83' lang='lat' dir='ltr'><strong>Harpalus</strong></span> <span class='ocrx_word' id='word_1_68' title='bbox 1360 1266 1794 1331; x_wconf 85' lang='lat' dir='ltr'><strong>Alexandrum</strong></span> <span class='ocrx_word' id='word_1_69' title='bbox 1833 1268 2086 1354; x_wconf 76' lang='lat' dir='ltr'><strong>fugiens</strong></span> <span class='ocrx_word' id='word_1_70' title='bbox 2125 1268 2408 1332; x_wconf 84' lang='lat' dir='ltr'><strong>Athenas</strong></span> <span class='ocrx_word' id='word_1_71' title='bbox 2450 1268 2629 1331; x_wconf 83' lang='lat' dir='ltr'><strong>venit</strong></span> <span class='ocrx_word' id='word_1_72' title='bbox 2655 1264 2876 1351; x_wconf 79' lang='lat' dir='ltr'><strong>(Diog.</strong></span> 
     </span>
     <span class='ocr_line' id='line_1_10' title="bbox 500 1369 2882 1451; baseline -0.002 -13"><span class='ocrx_word' id='word_1_73' title='bbox 500 1374 710 1438; x_wconf 74' lang='lat' dir='ltr'><strong>baert.</strong></span> <span class='ocrx_word' id='word_1_74' title='bbox 759 1372 821 1437; x_wconf 92' lang='lat'><strong>11</strong></span> <span class='ocrx_word' id='word_1_75' title='bbox 868 1371 978 1451; x_wconf 86' lang='lat'><strong>76)</strong></span> <span class='ocrx_word' id='word_1_76' title='bbox 1024 1392 1185 1438; x_wconf 90' lang='lat' dir='ltr'><strong>anno</strong></span> <span class='ocrx_word' id='word_1_77' title='bbox 1232 1372 1358 1437; x_wconf 85' lang='lat' dir='ltr'><strong>fere</strong></span> <span class='ocrx_word' id='word_1_78' title='bbox 1404 1371 1536 1437; x_wconf 84' lang='lat'><strong>350</strong></span> <span class='ocrx_word' id='word_1_79' title='bbox 1581 1378 1770 1436; x_wconf 88' lang='lat' dir='ltr'><strong>natus</strong></span> <span class='ocrx_word' id='word_1_80' title='bbox 1815 1380 1970 1437; x_wconf 90' lang='lat' dir='ltr'><strong>erat.</strong></span> <span class='ocrx_word' id='word_1_81' title='bbox 2021 1370 2258 1436; x_wconf 89' lang='lat' dir='ltr'><strong>Verum</strong></span> <span class='ocrx_word' id='word_1_82' title='bbox 2303 1373 2471 1437; x_wconf 87' lang='lat' dir='ltr'><strong>unde</strong></span> <span class='ocrx_word' id='word_1_83' title='bbox 2517 1392 2720 1437; x_wconf 87' lang='lat' dir='ltr'><strong>annus</strong></span> <span class='ocrx_word' id='word_1_84' title='bbox 2767 1369 2882 1435; x_wconf 87' lang='lat' dir='ltr'><strong>ille</strong></span> 
     </span>
     <span class='ocr_line' id='line_1_11' title="bbox 500 1476 2882 1563; baseline -0.002 -20"><span class='ocrx_word' id='word_1_85' title='bbox 500 1478 633 1543; x_wconf 81' lang='lat'><strong>262</strong></span> <span class='ocrx_word' id='word_1_86' title='bbox 672 1476 967 1543; x_wconf 84' lang='lat' dir='ltr'><strong>Graetzio</strong></span> <span class='ocrx_word' id='word_1_87' title='bbox 1004 1479 1269 1552; x_wconf 81' lang='lat' dir='ltr'><strong>venerit,</strong></span> <span class='ocrx_word' id='word_1_88' title='bbox 1308 1477 1606 1563; x_wconf 87' lang='lat' dir='ltr'><strong>equidem</strong></span> <span class='ocrx_word' id='word_1_89' title='bbox 1643 1480 1873 1542; x_wconf 90' lang='lat' dir='ltr'><strong>nescio.</strong></span> <span class='ocrx_word' id='word_1_90' title='bbox 1921 1477 2143 1562; x_wconf 87' lang='lat' dir='ltr'><strong>Ipsum</strong></span> <span class='ocrx_word' id='word_1_91' title='bbox 2175 1480 2494 1543; x_wconf 87' lang='lat' dir='ltr'><strong>Aristeam</strong></span> <span class='ocrx_word' id='word_1_92' title='bbox 2517 1476 2882 1543; x_wconf 87' lang='lat' dir='ltr'><strong>audiamus.</strong></span> 
     </span>
     <span class='ocr_line' id='line_1_12' title="bbox 498 1580 2890 1669; baseline -0.001 -21"><span class='ocrx_word' id='word_1_93' title='bbox 498 1585 729 1649; x_wconf 88' lang='lat' dir='ltr'><strong>Narrat</strong></span> <span class='ocrx_word' id='word_1_94' title='bbox 788 1604 1008 1669; x_wconf 82' lang='lat' dir='ltr'><strong>regem</strong></span> <span class='ocrx_word' id='word_1_95' title='bbox 1025 1632 1041 1660; x_wconf 99' lang='lat'><strong>,</strong></span> <span class='ocrx_word' id='word_1_96' title='bbox 1090 1586 1513 1669; x_wconf 87' lang='lat' dir='ltr'><strong>interpretum</strong></span> <span class='ocrx_word' id='word_1_97' title='bbox 1560 1584 1838 1647; x_wconf 82' lang='lat' dir='ltr'><strong>adventu</strong></span> <span class='ocrx_word' id='word_1_98' title='bbox 1885 1586 2164 1648; x_wconf 84' lang='lat' dir='ltr'><strong>maxime</strong></span> <span class='ocrx_word' id='word_1_99' title='bbox 2209 1583 2523 1648; x_wconf 86' lang='lat' dir='ltr'><strong>laetatum</strong></span> <span class='ocrx_word' id='word_1_100' title='bbox 2541 1632 2559 1661; x_wconf 96' lang='lat'><strong>,</strong></span> <span class='ocrx_word' id='word_1_101' title='bbox 2607 1580 2890 1647; x_wconf 77' lang='lat' dir='ltr'><strong>blandis-</strong></span> 
     </span>
     <span class='ocr_line' id='line_1_13' title="bbox 500 1687 2886 1765; baseline -0.003 -10"><span class='ocrx_word' id='word_1_102' title='bbox 500 1692 681 1755; x_wconf 87' lang='lat' dir='ltr'><strong>simis</strong></span> <span class='ocrx_word' id='word_1_103' title='bbox 749 1689 961 1753; x_wconf 82' lang='lat' dir='ltr'><strong>verbis</strong></span> <span class='ocrx_word' id='word_1_104' title='bbox 1028 1691 1201 1753; x_wconf 84' lang='lat' dir='ltr'><strong>viros</strong></span> <span class='ocrx_word' id='word_1_105' title='bbox 1260 1687 1630 1752; x_wconf 86' lang='lat' dir='ltr'><strong>adlocutum</strong></span> <span class='ocrx_word' id='word_1_106' title='bbox 1691 1708 1859 1753; x_wconf 88' lang='lat' dir='ltr'><strong>esse:</strong></span> <span class='ocrx_word' id='word_1_107' title='bbox 1927 1689 2260 1765; x_wconf 57' lang='grc' dir='ltr'><strong>,μεγάλην</strong></span> <span class='ocrx_word' id='word_1_108' title='bbox 2325 1689 2388 1753; x_wconf 79' lang='grc' dir='ltr'><strong>δὲ</strong></span> <span class='ocrx_word' id='word_1_109' title='bbox 2451 1689 2696 1764; x_wconf 74' lang='grc' dir='ltr'><strong><em>τίθεμαι</em></strong></span> <span class='ocrx_word' id='word_1_110' title='bbox 2767 1690 2886 1759; x_wconf 67' lang='grc' dir='ltr'><strong>τὴν</strong></span> 
     </span>
     <span class='ocr_line' id='line_1_14' title="bbox 504 1792 2890 1874; baseline -0.001 -16"><span class='ocrx_word' id='word_1_111' title='bbox 504 1796 731 1873; x_wconf 65' lang='grc' dir='ltr'><strong><em>ἥμέρκν</em></strong></span> <span class='ocrx_word' id='word_1_112' title='bbox 795 1796 1049 1870; x_wconf 74' lang='grc' dir='ltr'><strong><em>ταύτην,</em></strong></span> <span class='ocrx_word' id='word_1_113' title='bbox 1115 1796 1173 1856; x_wconf 81' lang='grc' dir='ltr'><strong>ἐν</strong></span> <span class='ocrx_word' id='word_1_114' title='bbox 1238 1792 1275 1874; x_wconf 72' lang='grc' dir='ltr'><strong><em>ᾖ</em></strong></span> <span class='ocrx_word' id='word_1_115' title='bbox 1330 1796 1852 1871; x_wconf 67' lang='grc' dir='ltr'><strong><em>παραγεγόνατε·</em></strong></span> <span class='ocrx_word' id='word_1_116' title='bbox 1919 1795 2020 1857; x_wconf 73' lang='grc' dir='ltr'><strong>καὶ</strong></span> <span class='ocrx_word' id='word_1_117' title='bbox 2072 1796 2216 1858; x_wconf 76' lang='grc' dir='ltr'><strong>κατ’</strong></span> <span class='ocrx_word' id='word_1_118' title='bbox 2263 1796 2534 1859; x_wconf 75' lang='grc' dir='ltr'><strong>ἐνιαυτὸν</strong></span> <span class='ocrx_word' id='word_1_119' title='bbox 2581 1795 2890 1867; x_wconf 70' lang='grc' dir='ltr'><strong>ἐπίσημος</strong></span> 
     </span>
     <span class='ocr_line' id='line_1_15' title="bbox 502 1898 2894 1981; baseline -0.003 -16"><span class='ocrx_word' id='word_1_120' title='bbox 502 1902 677 1965; x_wconf 75' lang='grc' dir='ltr'><strong><em>ἔσται</em></strong></span> <span class='ocrx_word' id='word_1_121' title='bbox 728 1902 940 1964; x_wconf 71' lang='grc' dir='ltr'><strong><em>πάντα</em></strong></span> <span class='ocrx_word' id='word_1_122' title='bbox 988 1906 1089 1963; x_wconf 82' lang='grc' dir='ltr'><strong>τὸν</strong></span> <span class='ocrx_word' id='word_1_123' title='bbox 1136 1898 1287 1979; x_wconf 78' lang='grc' dir='ltr'><em>ζωῆς</em></span> <span class='ocrx_word' id='word_1_124' title='bbox 1338 1900 1503 1972; x_wconf 72' lang='grc' dir='ltr'><strong>ἡμῶν</strong></span> <span class='ocrx_word' id='word_1_125' title='bbox 1548 1900 1784 1981; x_wconf 73' lang='grc' dir='ltr'><strong><em>χρόνον.</em></strong></span> <span class='ocrx_word' id='word_1_126' title='bbox 1833 1900 2176 1979; x_wconf 55' lang='lat' dir='ltr'><strong>curri-ruge</strong></span> <span class='ocrx_word' id='word_1_127' title='bbox 2225 1900 2350 1980; x_wconf 72' lang='grc' dir='ltr'><strong>γὰρ</strong></span> <span class='ocrx_word' id='word_1_128' title='bbox 2399 1902 2504 1964; x_wconf 72' lang='grc' dir='ltr'><strong>καὶ</strong></span> <span class='ocrx_word' id='word_1_129' title='bbox 2549 1900 2722 1963; x_wconf 71' lang='grc' dir='ltr'><strong>κατὰ</strong></span> <span class='ocrx_word' id='word_1_130' title='bbox 2773 1902 2894 1971; x_wconf 67' lang='grc' dir='ltr'><strong>τὴν</strong></span> 
     </span>
     <span class='ocr_line' id='line_1_16' title="bbox 502 2003 2890 2091; baseline -0.002 -20"><span class='ocrx_word' id='word_1_131' title='bbox 502 2011 666 2079; x_wconf 73' lang='grc' dir='ltr'><strong><em>νίκην</em></strong></span> <span class='ocrx_word' id='word_1_132' title='bbox 692 2008 836 2079; x_wconf 69' lang='grc' dir='ltr'><strong>ἡμῖν</strong></span> <span class='ocrx_word' id='word_1_133' title='bbox 861 2005 1401 2085; x_wconf 68' lang='grc' dir='ltr'><strong><em>προσ-πεπτωκέναι</em></strong></span> <span class='ocrx_word' id='word_1_134' title='bbox 1428 2014 1539 2078; x_wconf 76' lang='grc' dir='ltr'><strong>τῆς</strong></span> <span class='ocrx_word' id='word_1_135' title='bbox 1563 2007 1708 2083; x_wconf 67' lang='grc' dir='ltr'><strong>πρὸς</strong></span> <span class='ocrx_word' id='word_1_136' title='bbox 1733 2006 2080 2082; x_wconf 76' lang='grc' dir='ltr'><strong><em>’Λντίγονον</em></strong></span> <span class='ocrx_word' id='word_1_137' title='bbox 2107 2006 2521 2085; x_wconf 66' lang='grc' dir='ltr'><strong><em>ναυμαχίκς”</em></strong></span> <span class='ocrx_word' id='word_1_138' title='bbox 2549 2012 2636 2091; x_wconf 84' lang='lat' dir='ltr'><strong>(p.</strong></span> <span class='ocrx_word' id='word_1_139' title='bbox 2665 2004 2775 2069; x_wconf 84' lang='lat'><strong>44.</strong></span> <span class='ocrx_word' id='word_1_140' title='bbox 2795 2003 2890 2067; x_wconf 81' lang='grc'><strong>21</strong></span> 
     </span>
     <span class='ocr_line' id='line_1_17' title="bbox 504 2106 2896 2191; baseline -0.002 -12"><span class='ocrx_word' id='word_1_141' title='bbox 504 2114 771 2191; x_wconf 83' lang='lat' dir='ltr'><strong>Schm.).</strong></span> <span class='ocrx_word' id='word_1_142' title='bbox 814 2110 1091 2176; x_wconf 88' lang='lat' dir='ltr'><strong>Obscura</strong></span> <span class='ocrx_word' id='word_1_143' title='bbox 1129 2112 1283 2176; x_wconf 90' lang='lat' dir='ltr'><strong>haec</strong></span> <span class='ocrx_word' id='word_1_144' title='bbox 1320 2110 1491 2176; x_wconf 91' lang='lat' dir='ltr'><strong>dicta</strong></span> <span class='ocrx_word' id='word_1_145' title='bbox 1528 2132 1664 2176; x_wconf 89' lang='lat' dir='ltr'><strong>esse</strong></span> <span class='ocrx_word' id='word_1_146' title='bbox 1683 2160 1699 2187; x_wconf 92' lang='lat'><strong>,</strong></span> <span class='ocrx_word' id='word_1_147' title='bbox 1741 2118 1806 2175; x_wconf 93' lang='lat' dir='ltr'><strong>et</strong></span> <span class='ocrx_word' id='word_1_148' title='bbox 1845 2114 2113 2176; x_wconf 90' lang='lat' dir='ltr'><strong>minime</strong></span> <span class='ocrx_word' id='word_1_149' title='bbox 2145 2106 2378 2177; x_wconf 88' lang='lat' dir='ltr'><strong>diserte</strong></span> <span class='ocrx_word' id='word_1_150' title='bbox 2399 2114 2723 2177; x_wconf 81' lang='lat' dir='ltr'><strong>Aristeam</strong></span> <span class='ocrx_word' id='word_1_151' title='bbox 2743 2132 2896 2175; x_wconf 88' lang='lat' dir='ltr'><strong>rem</strong></span> 
     </span>
     <span class='ocr_line' id='line_1_18' title="bbox 502 2216 2898 2303; baseline -0.001 -19"><span class='ocrx_word' id='word_1_152' title='bbox 502 2220 721 2285; x_wconf 87' lang='lat' dir='ltr'><strong>fictam</strong></span> <span class='ocrx_word' id='word_1_153' title='bbox 760 2238 1011 2283; x_wconf 87' lang='lat' dir='ltr'><strong>narrare</strong></span> <span class='ocrx_word' id='word_1_154' title='bbox 1028 2267 1045 2295; x_wconf 93' lang='lat'><strong>,</strong></span> <span class='ocrx_word' id='word_1_155' title='bbox 1088 2239 1272 2281; x_wconf 90' lang='lat' dir='ltr'><strong>nemo</strong></span> <span class='ocrx_word' id='word_1_156' title='bbox 1312 2217 1589 2303; x_wconf 82' lang='lat' dir='ltr'><strong>negabit.</strong></span> <span class='ocrx_word' id='word_1_157' title='bbox 1634 2217 1802 2281; x_wconf 93' lang='lat' dir='ltr'><strong>Nam</strong></span> <span class='ocrx_word' id='word_1_158' title='bbox 1841 2218 2122 2302; x_wconf 85' lang='lat' dir='ltr'><strong>profecto</strong></span> <span class='ocrx_word' id='word_1_159' title='bbox 2161 2217 2308 2282; x_wconf 90' lang='lat' dir='ltr'><strong>ficta</strong></span> <span class='ocrx_word' id='word_1_160' title='bbox 2331 2226 2470 2283; x_wconf 89' lang='lat' dir='ltr'><strong>erat</strong></span> <span class='ocrx_word' id='word_1_161' title='bbox 2491 2218 2644 2283; x_wconf 90' lang='lat' dir='ltr'><strong>haec</strong></span> <span class='ocrx_word' id='word_1_162' title='bbox 2671 2216 2898 2282; x_wconf 64' lang='lat' dir='ltr'><strong>{abula</strong></span> 
     </span>
     <span class='ocr_line' id='line_1_19' title="bbox 504 2320 2896 2409; baseline -0.002 -18"><span class='ocrx_word' id='word_1_163' title='bbox 504 2327 581 2391; x_wconf 89' lang='lat' dir='ltr'><strong>de</strong></span> <span class='ocrx_word' id='word_1_164' title='bbox 626 2325 878 2389; x_wconf 90' lang='lat' dir='ltr'><strong>Iudaeis</strong></span> <span class='ocrx_word' id='word_1_165' title='bbox 924 2346 1003 2389; x_wconf 89' lang='lat' dir='ltr'><strong>ex</strong></span> <span class='ocrx_word' id='word_1_166' title='bbox 1048 2326 1251 2408; x_wconf 89' lang='lat' dir='ltr'><strong>patria</strong></span> <span class='ocrx_word' id='word_1_167' title='bbox 1288 2327 1606 2388; x_wconf 85' lang='lat' dir='ltr'><strong>accersitis</strong></span> <span class='ocrx_word' id='word_1_168' title='bbox 1647 2330 1722 2387; x_wconf 85' lang='lat' dir='ltr'><strong>ut</strong></span> <span class='ocrx_word' id='word_1_169' title='bbox 1759 2323 1936 2409; x_wconf 84' lang='lat' dir='ltr'><strong>leges</strong></span> <span class='ocrx_word' id='word_1_170' title='bbox 1975 2320 2214 2389; x_wconf 86' lang='lat' dir='ltr'><strong>Graece</strong></span> <span class='ocrx_word' id='word_1_171' title='bbox 2253 2331 2592 2389; x_wconf 82' lang='lat' dir='ltr'><strong>verterent.</strong></span> <span class='ocrx_word' id='word_1_172' title='bbox 2641 2322 2896 2389; x_wconf 84' lang='lat' dir='ltr'><strong>Verum</strong></span> 
     </span>
     <span class='ocr_line' id='line_1_20' title="bbox 506 2428 2900 2517; baseline -0.002 -20"><span class='ocrx_word' id='word_1_173' title='bbox 506 2429 809 2517; x_wconf 88' lang='lat' dir='ltr'><strong>epistolae</strong></span> <span class='ocrx_word' id='word_1_174' title='bbox 870 2433 1153 2513; x_wconf 88' lang='lat' dir='ltr'><strong>scriptor,</strong></span> <span class='ocrx_word' id='word_1_175' title='bbox 1216 2432 1283 2493; x_wconf 92' lang='lat' dir='ltr'><strong>ni</strong></span> <span class='ocrx_word' id='word_1_176' title='bbox 1342 2428 1544 2506; x_wconf 85' lang='lat' dir='ltr'><strong>fallor,</strong></span> <span class='ocrx_word' id='word_1_177' title='bbox 1607 2428 1802 2494; x_wconf 90' lang='lat' dir='ltr'><strong>fidem</strong></span> <span class='ocrx_word' id='word_1_178' title='bbox 1860 2430 1960 2493; x_wconf 90' lang='lat' dir='ltr'><strong>his</strong></span> <span class='ocrx_word' id='word_1_179' title='bbox 2023 2430 2318 2496; x_wconf 91' lang='lat' dir='ltr'><strong>omnibus</strong></span> <span class='ocrx_word' id='word_1_180' title='bbox 2366 2430 2594 2495; x_wconf 86' lang='lat' dir='ltr'><strong>habuit</strong></span> <span class='ocrx_word' id='word_1_181' title='bbox 2615 2479 2631 2507; x_wconf 99' lang='lat'><strong>,</strong></span> <span class='ocrx_word' id='word_1_182' title='bbox 2685 2436 2750 2495; x_wconf 90' lang='lat' dir='ltr'><strong>et</strong></span> <span class='ocrx_word' id='word_1_183' title='bbox 2795 2432 2900 2493; x_wconf 85' lang='lat' dir='ltr'><strong>ita</strong></span> 
     </span>
     <span class='ocr_line' id='line_1_21' title="bbox 508 2533 2900 2621; baseline -0.001 -20"><span class='ocrx_word' id='word_1_184' title='bbox 508 2558 645 2601; x_wconf 90' lang='lat' dir='ltr'><strong>rem</strong></span> <span class='ocrx_word' id='word_1_185' title='bbox 706 2538 1072 2620; x_wconf 82' lang='lat' dir='ltr'><strong>exposuisse</strong></span> <span class='ocrx_word' id='word_1_186' title='bbox 1133 2534 1453 2619; x_wconf 87' lang='lat' dir='ltr'><strong>putandus</strong></span> <span class='ocrx_word' id='word_1_187' title='bbox 1516 2539 1613 2598; x_wconf 84' lang='lat' dir='ltr'><strong>est</strong></span> <span class='ocrx_word' id='word_1_188' title='bbox 1633 2584 1648 2611; x_wconf 96' lang='lat'><strong>,</strong></span> <span class='ocrx_word' id='word_1_189' title='bbox 1714 2540 1790 2598; x_wconf 88' lang='lat' dir='ltr'><strong>ut</strong></span> <span class='ocrx_word' id='word_1_190' title='bbox 1849 2537 1930 2599; x_wconf 94' lang='grc'><strong>116</strong></span> <span class='ocrx_word' id='word_1_191' title='bbox 1991 2556 2242 2620; x_wconf 87' lang='lat' dir='ltr'><strong>quoque</strong></span> <span class='ocrx_word' id='word_1_192' title='bbox 2289 2538 2400 2621; x_wconf 89' lang='lat' dir='ltr'><strong>qui</strong></span> <span class='ocrx_word' id='word_1_193' title='bbox 2445 2535 2772 2621; x_wconf 82' lang='lat' dir='ltr'><strong>legerent,</strong></span> <span class='ocrx_word' id='word_1_194' title='bbox 2821 2533 2900 2599; x_wconf 90' lang='lat' dir='ltr'><strong>id</strong></span> 
     </span>
     <span class='ocr_line' id='line_1_22' title="bbox 507 2641 2898 2728; baseline -0.001 -21"><span class='ocrx_word' id='word_1_195' title='bbox 507 2642 673 2728; x_wconf 92' lang='lat' dir='ltr'><strong>quod</strong></span> <span class='ocrx_word' id='word_1_196' title='bbox 748 2645 829 2705; x_wconf 83' lang='lat' dir='ltr'><strong>iis</strong></span> <span class='ocrx_word' id='word_1_197' title='bbox 906 2641 1217 2704; x_wconf 90' lang='lat' dir='ltr'><strong>traditum</strong></span> <span class='ocrx_word' id='word_1_198' title='bbox 1289 2646 1422 2704; x_wconf 88' lang='lat' dir='ltr'><strong>erat</strong></span> <span class='ocrx_word' id='word_1_199' title='bbox 1492 2662 1640 2704; x_wconf 91' lang='lat' dir='ltr'><strong>cum</strong></span> <span class='ocrx_word' id='word_1_200' title='bbox 1708 2646 1860 2704; x_wconf 89' lang='lat' dir='ltr'><strong>nota</strong></span> <span class='ocrx_word' id='word_1_201' title='bbox 1930 2662 2144 2705; x_wconf 87' lang='lat' dir='ltr'><strong>rerum</strong></span> <span class='ocrx_word' id='word_1_202' title='bbox 2213 2642 2481 2706; x_wconf 85' lang='lat' dir='ltr'><strong>historia</strong></span> <span class='ocrx_word' id='word_1_203' title='bbox 2550 2644 2898 2707; x_wconf 81' lang='lat' dir='ltr'><strong>convenire</strong></span> 
     </span>
     <span class='ocr_line' id='line_1_23' title="bbox 508 2745 2900 2833; baseline -0.001 -20"><span class='ocrx_word' id='word_1_204' title='bbox 508 2748 855 2813; x_wconf 77' lang='lat' dir='ltr'><strong>videretur.</strong></span> <span class='ocrx_word' id='word_1_205' title='bbox 902 2746 995 2811; x_wconf 90' lang='lat' dir='ltr'><strong>De</strong></span> <span class='ocrx_word' id='word_1_206' title='bbox 1034 2766 1251 2832; x_wconf 82' lang='lat' dir='ltr'><strong>pugna</strong></span> <span class='ocrx_word' id='word_1_207' title='bbox 1290 2745 1501 2810; x_wconf 84' lang='lat' dir='ltr'><strong>navali</strong></span> <span class='ocrx_word' id='word_1_208' title='bbox 1536 2766 1701 2810; x_wconf 90' lang='lat' dir='ltr'><strong>anno</strong></span> <span class='ocrx_word' id='word_1_209' title='bbox 1751 2745 1883 2810; x_wconf 83' lang='lat'><strong>262</strong></span> <span class='ocrx_word' id='word_1_210' title='bbox 1931 2746 2098 2811; x_wconf 85' lang='lat' dir='ltr'><strong>facta</strong></span> <span class='ocrx_word' id='word_1_211' title='bbox 2144 2750 2386 2833; x_wconf 88' lang='lat' dir='ltr'><strong>(siquae</strong></span> <span class='ocrx_word' id='word_1_212' title='bbox 2433 2748 2558 2811; x_wconf 77' lang='lat' dir='ltr'><strong>fuit</strong></span> <span class='ocrx_word' id='word_1_213' title='bbox 2603 2767 2676 2813; x_wconf 90' lang='lat' dir='ltr'><strong>eo</strong></span> <span class='ocrx_word' id='word_1_214' title='bbox 2723 2766 2900 2811; x_wconf 88' lang='lat' dir='ltr'><strong>anno</strong></span> 
     </span>
     <span class='ocr_line' id='line_1_24' title="bbox 504 2850 2900 2939; baseline 0 -22"><span class='ocrx_word' id='word_1_215' title='bbox 504 2856 773 2918; x_wconf 85' lang='lat' dir='ltr'><strong>victoria</strong></span> <span class='ocrx_word' id='word_1_216' title='bbox 814 2850 1245 2936; x_wconf 88' lang='lat' dir='ltr'><strong>Philadelphi)</strong></span> <span class='ocrx_word' id='word_1_217' title='bbox 1290 2874 1413 2916; x_wconf 91' lang='lat' dir='ltr'><strong>non</strong></span> <span class='ocrx_word' id='word_1_218' title='bbox 1460 2854 1792 2938; x_wconf 82' lang='lat' dir='ltr'><strong>cogitavit.</strong></span> <span class='ocrx_word' id='word_1_219' title='bbox 1839 2850 1936 2916; x_wconf 92' lang='lat' dir='ltr'><strong>De</strong></span> <span class='ocrx_word' id='word_1_220' title='bbox 1981 2873 2260 2937; x_wconf 90' lang='lat' dir='ltr'><strong>quanam</strong></span> <span class='ocrx_word' id='word_1_221' title='bbox 2297 2851 2547 2939; x_wconf 80' lang='lat' dir='ltr'><strong>igitur?</strong></span> <span class='ocrx_word' id='word_1_222' title='bbox 2593 2853 2770 2917; x_wconf 89' lang='lat' dir='ltr'><strong>Num</strong></span> <span class='ocrx_word' id='word_1_223' title='bbox 2812 2852 2900 2917; x_wconf 81' lang='lat' dir='ltr'><strong>de</strong></span> 
     </span>
     <span class='ocr_line' id='line_1_25' title="bbox 506 2957 2896 3045; baseline -0.001 -20"><span class='ocrx_word' id='word_1_224' title='bbox 506 2963 775 3025; x_wconf 77' lang='lat' dir='ltr'><strong>victoria</strong></span> <span class='ocrx_word' id='word_1_225' title='bbox 812 2958 1085 3044; x_wconf 88' lang='lat' dir='ltr'><strong>quadam</strong></span> <span class='ocrx_word' id='word_1_226' title='bbox 1122 2966 1309 3023; x_wconf 89' lang='lat' dir='ltr'><strong>antea</strong></span> <span class='ocrx_word' id='word_1_227' title='bbox 1346 2978 1385 3021; x_wconf 93' lang='lat' dir='ltr'><strong>a</strong></span> <span class='ocrx_word' id='word_1_228' title='bbox 1422 2957 1845 3043; x_wconf 88' lang='lat' dir='ltr'><strong>Philadelpho</strong></span> <span class='ocrx_word' id='word_1_229' title='bbox 1885 2958 2242 3043; x_wconf 78' lang='lat' dir='ltr'><strong>reportata?</strong></span> <span class='ocrx_word' id='word_1_230' title='bbox 2281 2958 2426 3023; x_wconf 90' lang='lat' dir='ltr'><strong>Non</strong></span> <span class='ocrx_word' id='word_1_231' title='bbox 2455 2963 2710 3045; x_wconf 88' lang='lat' dir='ltr'><strong>opinor;</strong></span> <span class='ocrx_word' id='word_1_232' title='bbox 2735 2979 2896 3023; x_wconf 86' lang='lat' dir='ltr'><strong>nam</strong></span> 
     </span>
     <span class='ocr_line' id='line_1_26' title="bbox 505 3062 2898 3150; baseline -0.001 -19"><span class='ocrx_word' id='word_1_233' title='bbox 505 3068 775 3131; x_wconf 77' lang='lat' dir='ltr'><strong>victoria</strong></span> <span class='ocrx_word' id='word_1_234' title='bbox 832 3064 1043 3129; x_wconf 87' lang='lat' dir='ltr'><strong>navali</strong></span> <span class='ocrx_word' id='word_1_235' title='bbox 1104 3062 1383 3130; x_wconf 85' lang='lat' dir='ltr'><strong>Gonatas</strong></span> <span class='ocrx_word' id='word_1_236' title='bbox 1446 3085 1483 3128; x_wconf 91' lang='lat' dir='ltr'><strong>a</strong></span> <span class='ocrx_word' id='word_1_237' title='bbox 1529 3062 1896 3129; x_wconf 85' lang='lat' dir='ltr'><strong>Ptolemaeo</strong></span> <span class='ocrx_word' id='word_1_238' title='bbox 1944 3064 2142 3149; x_wconf 89' lang='lat' dir='ltr'><strong>(quod</strong></span> <span class='ocrx_word' id='word_1_239' title='bbox 2188 3066 2368 3130; x_wconf 87' lang='lat' dir='ltr'><strong>nobis</strong></span> <span class='ocrx_word' id='word_1_240' title='bbox 2412 3066 2672 3150; x_wconf 90' lang='lat' dir='ltr'><strong>quidem</strong></span> <span class='ocrx_word' id='word_1_241' title='bbox 2719 3086 2898 3130; x_wconf 88' lang='lat' dir='ltr'><strong>nunc</strong></span> 
     </span>
     <span class='ocr_line' id='line_1_27' title="bbox 508 3168 2900 3256; baseline 0 -19"><span class='ocrx_word' id='word_1_242' title='bbox 508 3180 733 3237; x_wconf 89' lang='lat' dir='ltr'><strong>notum</strong></span> <span class='ocrx_word' id='word_1_243' title='bbox 796 3173 905 3249; x_wconf 90' lang='lat' dir='ltr'><strong>sit)</strong></span> <span class='ocrx_word' id='word_1_244' title='bbox 954 3190 1305 3254; x_wconf 90' lang='lat' dir='ltr'><strong>numquam</strong></span> <span class='ocrx_word' id='word_1_245' title='bbox 1354 3173 1562 3234; x_wconf 84' lang='lat' dir='ltr'><strong>victus</strong></span> <span class='ocrx_word' id='word_1_246' title='bbox 1613 3176 1726 3234; x_wconf 88' lang='lat' dir='ltr'><strong>est.</strong></span> <span class='ocrx_word' id='word_1_247' title='bbox 1775 3168 2016 3235; x_wconf 85' lang='lat' dir='ltr'><strong>Verum</strong></span> <span class='ocrx_word' id='word_1_248' title='bbox 2063 3173 2120 3235; x_wconf 87' lang='lat' dir='ltr'><strong>si</strong></span> <span class='ocrx_word' id='word_1_249' title='bbox 2166 3174 2310 3256; x_wconf 90' lang='lat' dir='ltr'><strong>quis</strong></span> <span class='ocrx_word' id='word_1_250' title='bbox 2359 3174 2648 3237; x_wconf 85' lang='lat' dir='ltr'><strong>Aristeae</strong></span> <span class='ocrx_word' id='word_1_251' title='bbox 2696 3172 2900 3237; x_wconf 79' lang='lat' dir='ltr'><strong>verba</strong></span> 
     </span>
     <span class='ocr_line' id='line_1_28' title="bbox 508 3276 2898 3361; baseline -0.001 -17"><span class='ocrx_word' id='word_1_252' title='bbox 508 3280 861 3344; x_wconf 84' lang='lat' dir='ltr'><strong>accuratius</strong></span> <span class='ocrx_word' id='word_1_253' title='bbox 916 3278 1210 3361; x_wconf 89' lang='lat' dir='ltr'><strong>inspiciet</strong></span> <span class='ocrx_word' id='word_1_254' title='bbox 1230 3325 1244 3351; x_wconf 96' lang='lat'><strong>,</strong></span> <span class='ocrx_word' id='word_1_255' title='bbox 1316 3296 1439 3339; x_wconf 90' lang='lat' dir='ltr'><strong>non</strong></span> <span class='ocrx_word' id='word_1_256' title='bbox 1512 3276 1807 3361; x_wconf 83' lang='lat' dir='ltr'><strong>negabit,</strong></span> <span class='ocrx_word' id='word_1_257' title='bbox 1877 3297 2076 3361; x_wconf 89' lang='lat' dir='ltr'><strong>aequo</strong></span> <span class='ocrx_word' id='word_1_258' title='bbox 2143 3280 2282 3341; x_wconf 92' lang='lat' dir='ltr'><strong>iure</strong></span> <span class='ocrx_word' id='word_1_259' title='bbox 2305 3326 2320 3353; x_wconf 96' lang='lat'><strong>,</strong></span> <span class='ocrx_word' id='word_1_260' title='bbox 2390 3280 2593 3342; x_wconf 90' lang='lat' dir='ltr'><strong>immo</strong></span> <span class='ocrx_word' id='word_1_261' title='bbox 2655 3279 2898 3343; x_wconf 84' lang='lat' dir='ltr'><strong>rectius</strong></span> 
     </span>
     <span class='ocr_line' id='line_1_29' title="bbox 508 3382 2900 3469; baseline -0.001 -20"><span class='ocrx_word' id='word_1_262' title='bbox 508 3386 799 3459; x_wconf 86' lang='lat' dir='ltr'><strong>fortasse,</strong></span> <span class='ocrx_word' id='word_1_263' title='bbox 842 3384 935 3446; x_wconf 90' lang='lat' dir='ltr'><strong>ita</strong></span> <span class='ocrx_word' id='word_1_264' title='bbox 974 3402 1047 3446; x_wconf 92' lang='lat' dir='ltr'><strong>ea</strong></span> <span class='ocrx_word' id='word_1_265' title='bbox 1092 3384 1291 3465; x_wconf 87' lang='lat' dir='ltr'><strong>accipi</strong></span> <span class='ocrx_word' id='word_1_266' title='bbox 1340 3402 1559 3465; x_wconf 90' lang='lat' dir='ltr'><strong>posse,</strong></span> <span class='ocrx_word' id='word_1_267' title='bbox 1609 3388 1684 3445; x_wconf 89' lang='lat' dir='ltr'><strong>ut</strong></span> <span class='ocrx_word' id='word_1_268' title='bbox 1731 3382 1806 3446; x_wconf 89' lang='lat' dir='ltr'><strong>de</strong></span> <span class='ocrx_word' id='word_1_269' title='bbox 1855 3384 2124 3447; x_wconf 83' lang='lat' dir='ltr'><strong>victoria</strong></span> <span class='ocrx_word' id='word_1_270' title='bbox 2171 3382 2326 3446; x_wconf 83' lang='lat' dir='ltr'><strong>olim</strong></span> <span class='ocrx_word' id='word_1_271' title='bbox 2375 3404 2412 3447; x_wconf 90' lang='lat' dir='ltr'><strong>a</strong></span> <span class='ocrx_word' id='word_1_272' title='bbox 2457 3389 2637 3469; x_wconf 89' lang='lat' dir='ltr'><strong>patre</strong></span> <span class='ocrx_word' id='word_1_273' title='bbox 2685 3404 2900 3467; x_wconf 86' lang='lat' dir='ltr'><strong>repor-</strong></span> 
     </span>
     <span class='ocr_line' id='line_1_30' title="bbox 510 3487 2894 3573; baseline 0.001 -20"><span class='ocrx_word' id='word_1_274' title='bbox 510 3496 643 3553; x_wconf 86' lang='lat' dir='ltr'><strong>tata</strong></span> <span class='ocrx_word' id='word_1_275' title='bbox 662 3538 677 3565; x_wconf 95' lang='lat'><strong>,</strong></span> <span class='ocrx_word' id='word_1_276' title='bbox 740 3490 921 3551; x_wconf 90' lang='lat' dir='ltr'><strong>cuius</strong></span> <span class='ocrx_word' id='word_1_277' title='bbox 970 3508 1137 3551; x_wconf 90' lang='lat' dir='ltr'><strong>nunc</strong></span> <span class='ocrx_word' id='word_1_278' title='bbox 1186 3487 1423 3551; x_wconf 88' lang='lat' dir='ltr'><strong>festum</strong></span> <span class='ocrx_word' id='word_1_279' title='bbox 1466 3488 1638 3551; x_wconf 89' lang='lat' dir='ltr'><strong>diem</strong></span> <span class='ocrx_word' id='word_1_280' title='bbox 1686 3496 1869 3573; x_wconf 81' lang='lat' dir='ltr'><strong>agat,</strong></span> <span class='ocrx_word' id='word_1_281' title='bbox 1935 3510 2046 3553; x_wconf 90' lang='lat' dir='ltr'><strong>rex</strong></span> <span class='ocrx_word' id='word_1_282' title='bbox 2091 3489 2346 3553; x_wconf 91' lang='lat' dir='ltr'><strong>locutus</strong></span> <span class='ocrx_word' id='word_1_283' title='bbox 2391 3510 2526 3554; x_wconf 91' lang='lat' dir='ltr'><strong>esse</strong></span> <span class='ocrx_word' id='word_1_284' title='bbox 2577 3490 2894 3555; x_wconf 78' lang='lat' dir='ltr'><strong>videatur.</strong></span> 
     </span>
    </p>
   </div>
   <div class='ocr_carea' id='block_1_3' title="bbox 400 3592 2900 3683">
    <p class='ocr_par' dir='ltr' id='par_1_3' title="bbox 400 3592 2900 3683">
     <span class='ocr_line' id='line_1_31' title="bbox 400 3592 2900 3683; baseline 0.001 -24"><span class='ocrx_word' id='word_1_285' title='bbox 400 3668 417 3683; x_wconf 51' lang='lat'><strong>·</strong></span> <span class='ocrx_word' id='word_1_286' title='bbox 509 3596 679 3659; x_wconf 81' lang='lat' dir='ltr'><strong>Tum</strong></span> <span class='ocrx_word' id='word_1_287' title='bbox 748 3597 838 3671; x_wconf 88' lang='lat' dir='ltr'><strong>si,</strong></span> <span class='ocrx_word' id='word_1_288' title='bbox 900 3600 973 3657; x_wconf 92' lang='lat' dir='ltr'><strong>ut</strong></span> <span class='ocrx_word' id='word_1_289' title='bbox 1036 3597 1105 3656; x_wconf 93' lang='lat' dir='ltr'><strong>in</strong></span> <span class='ocrx_word' id='word_1_290' title='bbox 1168 3612 1405 3679; x_wconf 81' lang='lat' dir='ltr'><strong>magna</strong></span> <span class='ocrx_word' id='word_1_291' title='bbox 1458 3596 1674 3677; x_wconf 92' lang='lat' dir='ltr'><strong>inopia</strong></span> <span class='ocrx_word' id='word_1_292' title='bbox 1721 3592 2283 3671; x_wconf 87' lang='lat' dir='ltr'><strong>documentorum,</strong></span> <span class='ocrx_word' id='word_1_293' title='bbox 2333 3599 2764 3661; x_wconf 88' lang='lat' dir='ltr'><strong>coniecturam</strong></span> <span class='ocrx_word' id='word_1_294' title='bbox 2809 3596 2900 3661; x_wconf 82' lang='lat' dir='ltr'><strong>fa·</strong></span> 
     </span>
    </p>
   </div>
   <div class='ocr_carea' id='block_1_4' title="bbox 510 3698 2900 4533">
    <p class='ocr_par' dir='ltr' id='par_1_4' title="bbox 510 3698 2900 4533">
     <span class='ocr_line' id='line_1_32' title="bbox 510 3698 2900 3787; baseline -0.001 -20"><span class='ocrx_word' id='word_1_295' title='bbox 510 3704 752 3777; x_wconf 87' lang='grc'><strong>6116116,</strong></span> <span class='ocrx_word' id='word_1_296' title='bbox 818 3719 1127 3785; x_wconf 88' lang='lat' dir='ltr'><strong>quaenam</strong></span> <span class='ocrx_word' id='word_1_297' title='bbox 1174 3698 1285 3763; x_wconf 89' lang='lat' dir='ltr'><strong>illa</strong></span> <span class='ocrx_word' id='word_1_298' title='bbox 1334 3698 1580 3763; x_wconf 84' lang='lat' dir='ltr'><strong>navalis</strong></span> <span class='ocrx_word' id='word_1_299' title='bbox 1629 3702 1900 3764; x_wconf 81' lang='lat' dir='ltr'><strong>victoria</strong></span> <span class='ocrx_word' id='word_1_300' title='bbox 1947 3701 2173 3777; x_wconf 86' lang='lat' dir='ltr'><strong>fuerit,</strong></span> <span class='ocrx_word' id='word_1_301' title='bbox 2223 3700 2416 3787; x_wconf 80' lang='lat' dir='ltr'><strong>digna</strong></span> <span class='ocrx_word' id='word_1_302' title='bbox 2475 3708 2553 3765; x_wconf 92' lang='lat' dir='ltr'><strong>ut</strong></span> <span class='ocrx_word' id='word_1_303' title='bbox 2593 3704 2662 3765; x_wconf 90' lang='lat' dir='ltr'><strong>in</strong></span> <span class='ocrx_word' id='word_1_304' title='bbox 2707 3701 2900 3787; x_wconf 82' lang='lat' dir='ltr'><strong>Lagi-</strong></span> 
     </span>
     <span class='ocr_line' id='line_1_33' title="bbox 510 3804 2894 3893; baseline -0 -20"><span class='ocrx_word' id='word_1_305' title='bbox 510 3808 737 3873; x_wconf 89' lang='lat' dir='ltr'><strong>darum</strong></span> <span class='ocrx_word' id='word_1_306' title='bbox 792 3806 988 3869; x_wconf 86' lang='lat' dir='ltr'><strong>fastos</strong></span> <span class='ocrx_word' id='word_1_307' title='bbox 1052 3804 1391 3869; x_wconf 84' lang='lat' dir='ltr'><strong>referretur</strong></span> <span class='ocrx_word' id='word_1_308' title='bbox 1454 3810 1514 3869; x_wconf 85' lang='lat' dir='ltr'><strong>et</strong></span> <span class='ocrx_word' id='word_1_309' title='bbox 1564 3810 1638 3867; x_wconf 90' lang='lat' dir='ltr'><strong>ut</strong></span> <span class='ocrx_word' id='word_1_310' title='bbox 1683 3804 1944 3869; x_wconf 90' lang='lat' dir='ltr'><strong>laetiore</strong></span> <span class='ocrx_word' id='word_1_311' title='bbox 1993 3819 2144 3869; x_wconf 89' lang='lat' dir='ltr'><strong>nota</strong></span> <span class='ocrx_word' id='word_1_312' title='bbox 2191 3809 2464 3893; x_wconf 82' lang='lat' dir='ltr'><strong>insignis</strong></span> <span class='ocrx_word' id='word_1_313' title='bbox 2512 3808 2712 3872; x_wconf 87' lang='lat' dir='ltr'><strong>festus</strong></span> <span class='ocrx_word' id='word_1_314' title='bbox 2757 3806 2894 3873; x_wconf 85' lang='lat' dir='ltr'><strong>dies</strong></span> 
     </span>
     <span class='ocr_line' id='line_1_34' title="bbox 510 3907 2896 3996; baseline -0 -18"><span class='ocrx_word' id='word_1_315' title='bbox 510 3918 577 3978; x_wconf 89' lang='lat' dir='ltr'><strong>in</strong></span> <span class='ocrx_word' id='word_1_316' title='bbox 640 3914 779 3977; x_wconf 89' lang='grc'><strong>61116</strong></span> <span class='ocrx_word' id='word_1_317' title='bbox 845 3910 971 3975; x_wconf 88' lang='lat' dir='ltr'><strong>diei</strong></span> <span class='ocrx_word' id='word_1_318' title='bbox 1036 3912 1413 3973; x_wconf 86' lang='lat' dir='ltr'><strong>memoriam</strong></span> <span class='ocrx_word' id='word_1_319' title='bbox 1486 3907 1925 3987; x_wconf 88' lang='lat' dir='ltr'><strong>celebraretur,</strong></span> <span class='ocrx_word' id='word_1_320' title='bbox 1995 3912 2168 3976; x_wconf 90' lang='lat' dir='ltr'><strong>haud</strong></span> <span class='ocrx_word' id='word_1_321' title='bbox 2237 3912 2459 3996; x_wconf 86' lang='lat' dir='ltr'><strong>procul</strong></span> <span class='ocrx_word' id='word_1_322' title='bbox 2530 3914 2794 3977; x_wconf 87' lang='lat' dir='ltr'><strong>fortasse</strong></span> <span class='ocrx_word' id='word_1_323' title='bbox 2857 3934 2896 3977; x_wconf 89' lang='lat' dir='ltr'><strong>a</strong></span> 
     </span>
     <span class='ocr_line' id='line_1_35' title="bbox 510 4014 2896 4104; baseline 0 -21"><span class='ocrx_word' id='word_1_324' title='bbox 510 4040 659 4084; x_wconf 83' lang='lat' dir='ltr'><strong>vero</strong></span> <span class='ocrx_word' id='word_1_325' title='bbox 708 4018 1241 4089; x_wconf 83' lang='lat' dir='ltr'><strong>aberraverimus,</strong></span> <span class='ocrx_word' id='word_1_326' title='bbox 1312 4014 1724 4100; x_wconf 79' lang='lat' dir='ltr'><strong>cogitandum</strong></span> <span class='ocrx_word' id='word_1_327' title='bbox 1774 4018 2076 4100; x_wconf 90' lang='lat' dir='ltr'><strong>suspicati</strong></span> <span class='ocrx_word' id='word_1_328' title='bbox 2123 4017 2200 4081; x_wconf 94' lang='lat' dir='ltr'><strong>de</strong></span> <span class='ocrx_word' id='word_1_329' title='bbox 2247 4017 2650 4101; x_wconf 87' lang='lat' dir='ltr'><strong>expeditione</strong></span> <span class='ocrx_word' id='word_1_330' title='bbox 2699 4040 2896 4104; x_wconf 85' lang='lat' dir='ltr'><strong>quam</strong></span> 
     </span>
     <span class='ocr_line' id='line_1_36' title="bbox 510 4118 2896 4211; baseline 0 -23"><span class='ocrx_word' id='word_1_331' title='bbox 510 4132 657 4211; x_wconf 88' lang='lat' dir='ltr'><strong>post</strong></span> <span class='ocrx_word' id='word_1_332' title='bbox 718 4123 1125 4186; x_wconf 86' lang='lat' dir='ltr'><strong>notissimam</strong></span> <span class='ocrx_word' id='word_1_333' title='bbox 1190 4118 1501 4183; x_wconf 83' lang='lat' dir='ltr'><strong>Demetrii</strong></span> <span class='ocrx_word' id='word_1_334' title='bbox 1566 4118 2011 4198; x_wconf 72' lang='lat' dir='ltr'><strong>(Polior-cetae)</strong></span> <span class='ocrx_word' id='word_1_335' title='bbox 2073 4121 2150 4185; x_wconf 87' lang='lat' dir='ltr'><strong>ad</strong></span> <span class='ocrx_word' id='word_1_336' title='bbox 2215 4120 2510 4207; x_wconf 84' lang='lat' dir='ltr'><strong>Cyprum</strong></span> <span class='ocrx_word' id='word_1_337' title='bbox 2553 4127 2896 4189; x_wconf 81' lang='lat' dir='ltr'><strong>victoriam</strong></span> 
     </span>
     <span class='ocr_line' id='line_1_37' title="bbox 511 4224 2898 4314; baseline -0.001 -16"><span class='ocrx_word' id='word_1_338' title='bbox 511 4254 673 4298; x_wconf 88' lang='lat' dir='ltr'><strong>anno</strong></span> <span class='ocrx_word' id='word_1_339' title='bbox 724 4228 853 4294; x_wconf 89' lang='lat'><strong>306</strong></span> <span class='ocrx_word' id='word_1_340' title='bbox 904 4229 1266 4313; x_wconf 78' lang='lat' dir='ltr'><strong>Antigonus</strong></span> <span class='ocrx_word' id='word_1_341' title='bbox 1316 4224 1627 4289; x_wconf 85' lang='lat' dir='ltr'><strong>Demetrii</strong></span> <span class='ocrx_word' id='word_1_342' title='bbox 1673 4234 1852 4311; x_wconf 85' lang='lat' dir='ltr'><strong>pater</strong></span> <span class='ocrx_word' id='word_1_343' title='bbox 1897 4231 1960 4291; x_wconf 89' lang='lat' dir='ltr'><strong>in</strong></span> <span class='ocrx_word' id='word_1_344' title='bbox 2007 4230 2387 4314; x_wconf 78' lang='lat' dir='ltr'><strong>Aegyptum</strong></span> <span class='ocrx_word' id='word_1_345' title='bbox 2435 4231 2604 4295; x_wconf 88' lang='lat' dir='ltr'><strong>fecit.</strong></span> <span class='ocrx_word' id='word_1_346' title='bbox 2668 4229 2898 4296; x_wconf 82' lang='lat' dir='ltr'><strong>Diodo-</strong></span> 
     </span>
     <span class='ocr_line' id='line_1_38' title="bbox 511 4334 2894 4415; baseline -0 -11"><span class='ocrx_word' id='word_1_347' title='bbox 511 4361 619 4404; x_wconf 89' lang='lat' dir='ltr'><strong>rus</strong></span> <span class='ocrx_word' id='word_1_348' title='bbox 682 4334 935 4401; x_wconf 84' lang='lat' dir='ltr'><strong>Siculus</strong></span> <span class='ocrx_word' id='word_1_349' title='bbox 996 4334 1203 4407; x_wconf 85' lang='lat' dir='ltr'><strong>enim,</strong></span> <span class='ocrx_word' id='word_1_350' title='bbox 1271 4338 1608 4415; x_wconf 78' lang='lat' dir='ltr'><strong>postquam</strong></span> <span class='ocrx_word' id='word_1_351' title='bbox 1676 4352 1772 4397; x_wconf 84' lang='lat' dir='ltr'><strong>res</strong></span> <span class='ocrx_word' id='word_1_352' title='bbox 1836 4334 1910 4397; x_wconf 88' lang='lat' dir='ltr'><strong>ad</strong></span> <span class='ocrx_word' id='word_1_353' title='bbox 1976 4337 2214 4399; x_wconf 86' lang='lat' dir='ltr'><strong>ostium</strong></span> <span class='ocrx_word' id='word_1_354' title='bbox 2279 4335 2688 4401; x_wconf 86' lang='lat' dir='ltr'><strong>Pelusiacum</strong></span> <span class='ocrx_word' id='word_1_355' title='bbox 2749 4342 2894 4403; x_wconf 87' lang='lat' dir='ltr'><strong>tum</strong></span> 
     </span>
     <span class='ocr_line' id='line_1_39' title="bbox 510 4436 2892 4533; baseline -0.001 -23"><span class='ocrx_word' id='word_1_356' title='bbox 510 4456 723 4533; x_wconf 81' lang='lat' dir='ltr'><strong>gestas</strong></span> <span class='ocrx_word' id='word_1_357' title='bbox 780 4442 1104 4526; x_wconf 79' lang='lat' dir='ltr'><strong>exposuit,</strong></span> <span class='ocrx_word' id='word_1_358' title='bbox 1154 4438 1305 4501; x_wconf 80' lang='lat' dir='ltr'><strong>haec</strong></span> <span class='ocrx_word' id='word_1_359' title='bbox 1356 4436 1532 4501; x_wconf 81' lang='lat' dir='ltr'><strong>addit</strong></span> <span class='ocrx_word' id='word_1_360' title='bbox 1581 4436 1754 4515; x_wconf 73' lang='lat' dir='ltr'>(XX.</span> <span class='ocrx_word' id='word_1_361' title='bbox 1809 4436 1918 4517; x_wconf 85' lang='lat'><strong>76)</strong></span> <span class='ocrx_word' id='word_1_362' title='bbox 1969 4450 2404 4519; x_wconf 58' lang='grc' dir='ltr'><strong>,Πτολεμαῖος</strong></span> <span class='ocrx_word' id='word_1_363' title='bbox 2455 4443 2514 4507; x_wconf 77' lang='grc' dir='ltr'><strong>δὲ</strong></span> <span class='ocrx_word' id='word_1_364' title='bbox 2565 4444 2731 4521; x_wconf 76' lang='grc' dir='ltr'><strong>μετὰ</strong></span> <span class='ocrx_word' id='word_1_365' title='bbox 2784 4448 2892 4519; x_wconf 66' lang='grc' dir='ltr'><strong>τὴν</strong></span> 
     </span>
    </p>
   </div>
  </div>
 </body>
</html>
