3192 5009
1026 264 1109 313 nn
1153 260 1771 313 miuom'flomus
1816 264 2114 313 nomme.
2621 246 2751 313 455

391 428 738 516 Dionysius
756 478 773 507 ,
834 434 984 494 sunt
1036 430 1324 495 curiones
1341 476 1357 507 ‚
1403 427 1691 495 flamines
1737 432 2061 495 curiarum
2077 479 2094 509 ,
2144 430 2389 496 tribuni
2433 431 2714 498 celerum
2734 480 2751 510 ‚

390 556 666 623 augures
692 533 763 618 ¹).
826 535 920 601 De
984 536 1084 601 his
1131 538 1336 624 igitur
1383 536 1553 621 quod
1600 535 1941 602 affirmavit
1985 535 2331 624 Dionysius
2348 586 2363 616 ‚
2412 559 2539 603 non
2582 560 2743 625 pror-

389 664 500 709 sus
545 647 714 709 recte
761 664 826 708 se
871 642 1092 721 habet;
1142 640 1528 708 vocabulum
1575 640 2039 708 ιὲποδείκνυσθαι
2089 664 2236 709 sane
2280 646 2583 711 vitiosum
2636 651 2751 711 est.

393 750 614 837 Neque
650 752 937 817 curiones
954 799 971 827 ,
1010 770 1213 835 neque
1251 770 1528 835 augures
1561 754 1731 815 certe
1766 770 1925 835 quos
1964 755 2111 816 ante
2147 748 2360 838 legem
2397 748 2753 817 Domitiam

395 878 448 923 a.
498 856 625 921 103
671 856 872 922 latam
919 856 997 921 ab
1041 858 1180 942 ipso
1226 854 1494 942 collegio
1543 862 1871 941 cooptatos
1914 878 2051 925 esse
2094 858 2395 922 novimus
2440 860 2575 923 sine
2620 856 2754 923 ullo

393 964 689 1051 suffrag-io
750 966 992 1028 civium
1017 960 1090 1044 ³),
1160 968 1448 1048 tempore
1508 983 1742 1049 regum
1803 983 1841 1028 a
1886 966 2081 1029 curiis
2127 970 2367 1029 creatos
2413 985 2549 1029 esse
2593 967 2755 1029 veri-

391 1070 600 1135 simile
665 1075 779 1136 est.
845 1068 1194 1157 Dionysius
1254 1071 1391 1155 ipse
1407 1118 1424 1147 ,
1491 1072 1813 1155 superiore
1875 1073 2079 1156 capite
2139 1075 2218 1152 (c.
2268 1070 2381 1150 21)
2441 1072 2555 1136 ubi
2600 1072 2755 1136 dicit

387 1180 674 1243 curiones
735 1182 800 1242 et
862 1177 1148 1241 flamines
1208 1174 1404 1241 lectos
1467 1197 1602 1241 esse
1652 1198 1724 1240 ecc
1770 1175 2044 1263 sing-ulis
2092 1179 2285 1242 curiis
2302 1226 2319 1254 ,
2368 1183 2549 1243 cavet
2597 1178 2755 1243 affir-

389 1304 562 1349 mare
608 1304 714 1349 eos
760 1304 797 1348 a
841 1281 1075 1368 populo
1114 1288 1356 1347 creatos
1393 1303 1566 1360 esse;
1610 1281 1797 1367 paulo
1840 1288 1983 1367 post
2018 1281 2095 1347 de
2133 1282 2536 1369 pontificibus
2558 1305 2753 1371 agens

389 1391 479 1471 (2.
508 1387 621 1471 73)
666 1389 941 1455 ostendit
987 1392 1450 1475 cooptationem
1495 1388 1947 1455 sacerdotalem
1993 1391 2262 1455 minime
2299 1391 2591 1477 ignotam
2630 1392 2755 1456 sibi

388 1518 542 1573 esse.
608 1495 733 1562 Sed
791 1500 1004 1561 totum
1063 1498 1303 1561 vitium
1365 1498 1532 1561 inest
1592 1498 1660 1561 in
1715 1494 2025 1562 vocabulo
2091 1496 2549 1577 ἁποδεικνύναις
2604 1519 2752 1562 cum

387 1607 662 1669 sciamus
722 1602 916 1667 fuisse
976 1600 1188 1688 legem
1251 1604 1562 1666 curiatam
1627 1601 1703 1666 de
1764 1602 2126 1667 sacerdotiis
2147 1650 2163 1680 ,
2208 1624 2333 1668 non
2377 1601 2527 1669 licet
2572 1602 2753 1669 nobis

387 1711 631 1796 opinari
687 1711 905 1793 ipsum
949 1706 1326 1795 suffragium
1373 1709 1698 1772 curiarum
1716 1756 1733 1786 ,
1784 1707 1951 1793 quod
1997 1729 2069 1773 eo
2114 1708 2422 1774 vocabulo
2470 1710 2755 1796 desig-ne-

385 1822 513 1893 tur,
579 1835 712 1880 esse
761 1815 1317 1891 commenticium3
1365 1812 1715 1901 Dionysius
1760 1814 1825 1879 h.
1850 1812 1895 1877 1.
1946 1834 2278 1900 perperam
2324 1814 2403 1880 ad
2446 1813 2753 1881 lationem

383 1922 550 2009 legis
598 1923 876 1986 curiatae
894 1969 911 1998 ,
961 1922 1143 1986 cuius
1189 1922 1502 1985 rationem
1545 1923 1913 1985 universam
1958 1942 2086 1985 non
2128 1924 2281 1986 satis
2328 1928 2751 2007 perspexerat,

385 2027 678 2094 adhibuit
736 2024 1121 2092 vocabulum
1183 2023 1605 2091 ἀποδεικνύναι
1668 2026 1862 2111 (quod
1922 2025 2094 2091 idem
2155 2047 2305 2092 eum
2351 2028 2570 2094 fecisse
2618 2027 2679 2092 3.
2713 2029 2746 2093 1

383 2139 452 2201 in
512 2155 709 2221 regno
773 2132 1039 2198 Hostilii
1101 2154 1291 2219 supra
1337 2132 1584 2197 ostendi
1629 2154 1775 2220 pag.
1828 2130 2017 2213 439);
2067 2136 2217 2217 quia
2261 2134 2527 2219 putabat
2570 2156 2753 2200 voca-

384 2239 614 2306 bulum
678 2241 1008 2317 ἕπικυροῦν,
1076 2238 1242 2324 quod
1301 2242 1517 2325 ipsum
1561 2240 1715 2305 huic
1760 2242 1853 2304 rei
1899 2260 2147 2325 quoque
2192 2239 2405 2305 solum
2448 2242 2748 2307 idoneum

387 2348 626 2424 fuerat,
689 2345 1141 2411 reservandum
1203 2367 1336 2411 esse
1398 2344 1581 2411 alteri
1642 2348 1809 2432 parti
1874 2345 2365 2412 confirmationis
2382 2396 2399 2425 ,
2470 2350 2749 2435 auspicio

387 2456 681 2541 auguris3
745 2455 838 2518 ita
883 2454 1265 2519 creationem
1311 2474 1425 2538 pro
1471 2452 1943 2518 confirmatione
1990 2454 2407 2518 substitutam
2455 2456 2751 2521 attribuit

386 2560 683 2647 suffrag-io
745 2562 1064 2625 curiarum
1083 2609 1098 2637 ,
1157 2581 1280 2645 quo
1327 2580 1533 2624 errore
1581 2566 1857 2625 correcto
1908 2561 2044 2625 eius
2092 2562 2535 2625 testimonium
2582 2567 2749 2627 recte

383 2688 450 2732 se
511 2666 720 2732 habet.
783 2665 1004 2751 Itaque
1049 2668 1104 2731 si
1150 2668 1434 2752 primum
1482 2669 1845 2751 quaerimus
1892 2664 1968 2732 de
2014 2667 2365 2753 auguribus
2382 2716 2400 2745 ,
2449 2671 2748 2752 quoniam

451 2912 501 2973 1)
533 2910 732 2973 Dionys.
769 2910 900 2959 282
935 2910 1016 2973 (de
1048 2925 1144 2974 quo
1175 2910 1279 2959 loco
1313 2910 1411 2975 egit
1447 2912 1717 2960 Mommsen
1751 2913 1821 2961 St.
1858 2912 1890 2960 2
1924 2926 2030 2976 pag.
2070 2912 2132 2959 ³4
2167 2912 2273 2960 adn.
2307 2913 2385 2976 4):
2424 2910 2655 2970 Kar-mac
2693 2908 2747 2960 δῦ

383 2993 504 3050 τοὺς
537 2994 677 3054 Ιερεΐς
708 2991 794 3041 καῖ
825 2993 943 3050 τοῦς
979 2993 1297 3055 λειτουργοῦς
1330 2996 1429 3041 τᾶν
1465 2995 1577 3044 θεῶν
1614 2991 1937 3054 &venedis-nos
1976 2994 2261 3058 (Romulus,
2291 3008 2386 3044 non
2414 2994 2599 3057 Numa)
2626 2992 2747 3042 ἀπο·

382 3072 654 3124 δείκνυσθαι
706 3075 796 3135 μὶν
842 3072 934 3123 ὑπὸ
985 3079 1084 3123 τῶν
1132 3078 1372 3136 φρατρῶν,
1418 3070 1759 3135 ἐπικυροῦσθαι
1808 3073 1864 3123 31
1910 3072 2003 3123 ὑπὸ
2040 3078 2137 3123 τῶν
2172 3072 2508 3142 ἐξηγουμένων
2539 3076 2608 3123 τὰ
2645 3074 2748 3126 θεῖα

380 3154 461 3206 διὰ
507 3160 759 3217 μαντικῆς.
811 3156 1110 3206 Vocabuium
1157 3156 1474 3218 λειτουργοῦς
1519 3156 1674 3221 (quod
1720 3158 1954 3220 significet
1996 3157 2323 3215 administros,
2369 3157 2590 3222 quocirca
2636 3157 2747 3208 Plu·

378 3242 571 3291 tat-chus
616 3256 968 3304 nonnumquam
1008 3256 1063 3288 eo
1098 3240 1363 3305 designavit
1399 3240 1607 3299 lictores)
1637 3256 1695 3289 ne
1734 3241 1996 3289 referretur
2028 3239 2085 3289 sd
2121 3240 2309 3288 lictores
2342 3240 2596 3297 curiatios,
2631 3241 2746 3289 satis

377 3323 506 3373 cavit
559 3322 809 3385 Dionysius
856 3337 964 3370 cum
1009 3322 1227 3371 adderet:
1276 3325 1374 3370 τῶν
1421 3320 1549 3379 θεῶν,
1597 3324 1647 3369 et
1691 3337 1797 3370 cum
1843 3324 2028 3371 eosdem
2064 3321 2193 3369 viros
2226 3322 2405 3370 diceret
2442 3322 2604 3385 paullo
2638 3324 2747 3386 post

379 3406 443 3469 (c.
479 3406 568 3467 28)
603 3405 717 3460 τοὺς
755 3400 1106 3465 θρησκεύοντας
1141 3404 1260 3461 τοῦς
1296 3401 1452 3460 θεούς,
1487 3407 1535 3452 et
1571 3403 1732 3468 paullo
1769 3407 1877 3452 ante
1911 3406 1967 3465 (c.
2000 3403 2087 3467 21)
2121 3401 2276 3465 ἱερέας
2311 3419 2371 3451 ‘rs
2403 3401 2487 3451 καὶ
2521 3401 2745 3464 θεραπευ-

380 3487 476 3544 τὰς
519 3485 656 3541 θεῶνς
705 3486 1010 3537 eodemmodo
1045 3487 1075 3535 2
1123 3503 1163 3535 e.
1201 3484 1264 3537 73
1301 3486 1388 3534 hoc
1422 3485 1647 3534 vocabulo
1683 3484 1964 3547 λειτουργοὶ
2000 3488 2096 3533 τῶν
2132 3486 2246 3536 θεῶν
2284 3501 2394 3534 usus
2425 3490 2496 3534 est
2529 3486 2653 3535 idem
2686 3487 2745 3535 ad

379 3568 688 3633 signflcendos
719 3584 872 3617 omnes
904 3570 1194 3624 sacerdotes,
1228 3567 1389 3631 eisque
1420 3568 1644 3633 opposuit
1677 3569 1840 3617 eodem
1868 3565 2023 3632 capite
2053 3564 2298 3628 ὑπηρέτας
2326 3582 2386 3616 ‘rs
2415 3565 2499 3616 καὶ
2527 3577 2746 3629 λειτουρ-

377 3650 500 3711 γοῦς
533 3653 630 3697 τῶν
665 3650 841 3710 ἱερέων,
874 3650 957 3713 qui
990 3654 1100 3698 sunt
1131 3649 1402 3698 administri
1429 3650 1744 3698 secerdotum.
1772 3677 1825 3686 -
1852 3646 2012 3698 Verba
2046 3648 2259 3713 Dionysii
2288 3658 2444 3699 nutem
2464 3650 2633 3699 referri
2650 3667 2745 3702 non

379 3732 490 3781 iicet
531 3732 589 3781 sd
633 3732 896 3781 secerdotes
941 3746 1144 3796 quorum
1190 3730 1484 3781 nullsmdum
1521 3732 1814 3781 mentionem
1846 3732 2023 3781 feceret
2056 3747 2165 3781 cum
2198 3748 2252 3781 es
2286 3731 2536 3791 scriberet,
2572 3734 2652 3782 sed
2686 3734 2743 3782 sd

380 3830 458 3865 eos
501 3815 625 3865 solos
669 3815 914 3864 referenda
956 3818 1068 3865 sunt
1113 3831 1231 3879 quos
1275 3830 1303 3863 n
1351 3815 1554 3863 Romulo
1603 3815 1849 3864 institutos
1895 3830 1993 3863 esse
2040 3815 2179 3863 modo
2222 3815 2511 3874 tradiderat,
2548 3814 2648 3866 scil.
2686 3816 2745 3865 sd

381 3912 582 3961 augures
625 3901 673 3946 et
717 3897 776 3946 ad
822 3897 905 3945 Lx
949 3897 1075 3945 viros
1109 3897 1219 3946 illos
1251 3913 1456 3961 quorum
1488 3897 1586 3946 bini
1623 3896 1824 3961 singulis
1858 3896 2005 3945 curiis
2038 3896 2261 3961 praefecti
2294 3900 2457 3954 erent,
2491 3897 2574 3959 qui
2608 3900 2743 3947 erent

380 3979 581 4044 triginta
622 3978 840 4029 curiones
884 3984 932 4029 et
977 3978 1181 4041 triginta
1226 3979 1461 4037 flamines,
1509 3980 1711 4029 fortasse
1745 3979 1892 4028 etism
1926 3978 1985 4027 sd
2021 3978 2239 4027 tribunos
2271 3978 2478 4027 celerum
2512 3977 2570 4042 (2
2602 3994 2642 4027 c.
2682 3980 2743 4027 1³

381 4061 464 4130 cfr.
502 4078 541 4111 e.
579 4061 683 4125 64).
719 4060 824 4110 Hos
857 4062 1059 4126 triginta
1094 4062 1305 4111 flamines
1338 4062 1580 4111 curiarum
1618 4061 1761 4128 probe
1796 4060 2154 4125 distinguendos
2188 4076 2288 4109 esse
2322 4077 2349 4109 a
2384 4060 2633 4111 lictoribus
2664 4077 2744 4110 cu·

381 4142 563 4203 ristiis,
605 4142 774 4209 probat
821 4144 898 4193 hic
941 4144 1072 4193 locus
1109 4144 1338 4207 Dionysii.
1381 4145 1526 4192 Recte
1561 4146 1834 4194 Mommsen
1868 4146 1919 4206 (3
1953 4159 2057 4209 pag.
2100 4145 2192 4193 101
2242 4143 2348 4193 adn.
2386 4146 2433 4202 ⁵,
2481 4145 2525 4192 1.
2562 4161 2607 4210 p.
2646 4145 2743 4194 890

380 4226 486 4275 sdn.
524 4226 574 4284 3)
626 4224 814 4275 monuit
863 4224 1057 4274 minime
1104 4230 1286 4275 certum
1331 4240 1428 4273 esse
1473 4224 1562 4274 hos
1608 4240 1706 4273 esse
1745 4226 1945 4274 eosdem.
1994 4253 2060 4263 —
2106 4226 2163 4287 8)
2204 4224 2323 4273 Vell.
2360 4225 2409 4274 2.
2434 4224 2581 4275 128:
2622 4242 2743 4290 ·quo

380 4324 506 4358 suno
538 4309 624 4357 Cn.
663 4306 898 4357 Domitius
932 4310 996 4355 tr.
1030 4306 1094 4373 pl.
1133 4307 1282 4371 legem
1319 4307 1464 4365 tulit,
1499 4310 1552 4357 ut
1584 4308 1875 4366 sacerdotes,
1909 4324 2027 4373 quos
2054 4312 2193 4357 unies
2220 4305 2427 4371 collegae
2443 4306 2749 4369 sufficiebant,

379 4391 584 4459 populus
613 4387 844 4441 cresret”.
881 4389 983 4439 1³ae1.
1021 4388 1110 4440 loe.
1145 4390 1239 4440 vid.
1275 4390 1400 4457 spud
1435 4390 1704 4442 Mommsen
1739 4392 1937 4441 Stsstsr.
1977 4392 2007 4439 2
2043 4405 2147 4457 pag.
2185 4390 2248 4440 29
2267 4404 2335 4454 sq.
