3192 5009
632 246 762 310 110
1428 261 1512 308 nn
1556 261 1708 308 man
1756 259 2208 309 onnunmxm.

626 436 791 508 erat,
857 432 925 495 in
986 449 1303 516 magnum
1363 428 1723 515 periculum
1787 427 2094 493 adducere
2154 449 2283 492 non
2345 431 2597 512 poterat
2641 427 2970 490 civitatem
2987 473 3010 500 ,

626 540 776 623 quia
811 536 1107 602 effectum
1145 533 1401 600 nullum
1448 535 1676 600 edebat
1721 538 1846 600 nisi
1895 535 2360 620 prohibentem.
2416 571 2501 582 -—-
2550 531 2796 599 Deinde
2841 531 3012 596 vide-

626 665 811 709 amus
860 643 1015 729 quid
1060 642 1270 708 valere
1320 641 1654 707 debuerint
1702 642 1908 707 edicta
1957 642 2126 727 apud
2173 663 2279 707 eos
2327 644 2440 727 qui
2483 643 2745 706 comitia
2794 660 2870 704 eo
2911 639 3012 702 die

623 750 908 815 habituri
953 749 1229 836 fuerant.
1284 747 1421 812 Hos
1469 749 1802 833 oportebat
1821 799 1836 826 ,
1885 752 1940 813 si
1989 751 2249 813 comitia
2295 749 2582 813 nondum
2628 747 3012 820 indixerant,

625 855 701 920 de
743 855 1007 921 consilio
1045 855 1421 920 desistentes
1466 858 1822 940 quiescere,
1874 861 2018 932 aut,
2071 857 2126 918 si
2171 857 2302 919 iam
2353 854 2600 940 aliquid
2645 851 3016 941 promulga-

623 967 881 1039 verant,
946 960 1229 1025 edictum
1277 959 1604 1026 comitiale
1652 960 1730 1026 de
1776 961 1912 1025 foro
1962 962 2196 1026 auferri
2241 961 2496 1039 iubere,
2548 963 2698 1046 quia
2747 958 2883 1024 dies
2933 957 3008 1023 ab

622 1067 747 1133 alio
816 1071 1311 1153 praeoccupatus
1374 1070 1509 1132 sive
1565 1073 1641 1130 ut
1687 1066 1889 1154 vulgo
1937 1066 2230 1132 dicebant
2278 1066 2772 1145 „obnuntiatione
2815 1065 3012 1128 subla-

546 1204 554 1212 ·
623 1181 720 1237 tuo
784 1173 1099 1254 (vitiatus,
1165 1171 1535 1255 exemptus)’'
1601 1177 1739 1237 erat
1797 1171 2070 1254 (Mnem.
2134 1172 2352 1237 XVIII
2415 1194 2564 1261 pag.
2616 1172 2749 1238 418
2797 1194 2860 1237 n.
2921 1169 3011 1250 3).

623 1277 749 1345 Sed
813 1285 1028 1344 tamen
1088 1282 1310 1366 negari
1372 1300 1497 1344 non
1559 1286 1845 1366 poterat,
1893 1280 2089 1362 specie
2135 1301 2214 1345 ex
2257 1283 2414 1366 ipsis
2462 1281 2764 1366 auspiciis
2812 1281 3016 1344 etiam

623 1387 910 1472 aliquam
968 1407 1151 1472 spem
1215 1386 1317 1450 his
1380 1406 1709 1471 superesse
1767 1389 2028 1452 comitia
2089 1386 2364 1453 habendi
2412 1408 2562 1452 cum
2609 1387 2775 1451 bona
2817 1387 3016 1452 venia

614 1494 883 1559 deorum
901 1541 917 1570 ,
966 1495 1021 1556 si
1066 1495 1135 1557 in
1185 1491 1447 1557 consilio
1488 1513 1890 1578 perseverare
1926 1493 2232 1570 mallent;
2278 1496 2550 1580 cogitari
2588 1499 2836 1579 poterat
2875 1492 3014 1558 fore

615 1607 692 1663 ut
752 1602 810 1663 is
859 1600 970 1683 qui
1014 1596 1128 1662 illo
1177 1597 1277 1663 die
1324 1601 1772 1683 auspicaturus
1820 1606 1986 1664 esset
2005 1649 2020 1676 ,
2072 1602 2126 1663 si
2173 1599 2339 1664 nihil
2384 1621 2534 1664 vere
2583 1601 2978 1684 conspiceret
2997 1647 3014 1674 ,

613 1726 740 1770 non
790 1704 1051 1770 auderet
1096 1702 1336 1790 fingere
1385 1707 1745 1790 auspicium
1764 1754 1779 1782 ‚
1822 1711 2023 1790 utque
2062 1707 2178 1771 hac
2220 1709 2462 1772 ratione
2487 1707 2588 1772 dei
2611 1709 3016 1792 superiorem

614 1812 894 1877 facerent
942 1831 1095 1875 eum
1156 1814 1268 1896 qui
1312 1815 1577 1876 comitia
1623 1811 1855 1877 habere
1903 1815 2339 1878 constituerat.
2387 1813 2570 1878 Hanc
2619 1813 2698 1878 ob
2745 1833 3014 1878 causam

612 1918 791 2006 leges
852 1940 977 1983 non
1044 1924 1391 2003 potuerunt
1452 1919 1600 1983 dare
1649 1921 1787 1983 vim
1835 1925 2172 2004 cogentem
2220 1920 2464 1985 edictis.
2537 1919 2662 1986 Sed
2707 1929 3014 2006 apertum

614 2032 743 2101 est,
792 2025 979 2110 facto
1043 2027 1350 2111 exiguam
1410 2030 1524 2089 aut
1570 2023 1819 2088 nullam
1865 2045 1999 2090 esse
2047 2046 2230 2111 spem
2276 2026 2652 2091 huiusmodi
2696 2032 3011 2102 eventus;

612 2133 1075 2216 antiquissimis
1139 2131 1537 2215 temporibus
1596 2130 1861 2196 fortasse
1926 2137 2028 2211 (ut
2090 2140 2236 2197 ante
2299 2131 2434 2196 dixi
2491 2131 2736 2197 Mnem.
2785 2130 3014 2196 XVIII

613 2261 675 2325 p.
740 2236 871 2302 254
936 2261 999 2301 n.
1052 2236 1122 2316 2)
1191 2257 1679 2322 nonnumquam
1742 2238 1864 2302 hoc
1925 2236 2186 2314 accidit,
2253 2244 2330 2303 ut
2390 2240 2448 2302 is
2511 2240 2623 2324 qui
2687 2238 2763 2303 de
2827 2237 3012 2304 caelo

614 2347 1071 2432 auspicaretur,
1122 2345 1177 2407 si
1224 2346 1283 2408 ei
1330 2366 1458 2408 non
1504 2346 1884 2429 contigisset
1929 2349 2006 2408 ut
2049 2365 2280 2409 verum
2329 2344 2574 2409 fulmen
2613 2346 3010 2422 observaret,

613 2451 1020 2516 confiteretur
1082 2452 1366 2535 auspicia
1424 2451 1549 2514 sibi
1610 2471 1736 2514 non
1798 2451 2010 2516 favere
2030 2499 2045 2528 ,
2110 2459 2176 2516 et
2224 2450 2395 2516 ultro
2445 2472 2632 2516 suam
2681 2455 3010 2518 actionem

611 2557 920 2635 differret,
986 2556 1097 2621 sed
1160 2577 1231 2621 eo
1294 2559 1498 2620 rarius
1542 2555 1884 2642 paullatim
1927 2557 1996 2621 id
2041 2557 2263 2635 fiebat,
2316 2579 2438 2643 quo
2486 2561 2696 2646 magis
2742 2579 3009 2624 consue·

608 2665 765 2730 tudo
831 2663 1296 2729 increbrescens
1365 2663 1649 2750 fingendi
1718 2664 2012 2729 fulminis
2080 2667 2398 2751 impetriti
2467 2687 2580 2750 per
2647 2665 3008 2752 pullarium

609 2779 724 2837 aut
783 2769 1076 2836 fulminis
1146 2768 1418 2834 oblativi
1479 2771 1614 2835 sine
1680 2791 1796 2856 ope
1845 2773 2227 2856 cuiusquam
2245 2820 2261 2849 ,
2313 2793 2575 2837 omnem
2621 2772 3010 2859 scrupulum

608 2900 687 2945 ex
728 2879 962 2942 animis
1011 2876 1356 2942 auferebat.
1408 2875 1722 2941 Omnibus
1771 2877 2190 2942 manifestum
2239 2884 2410 2956 erat,
2462 2881 2517 2942 si
2558 2881 2615 2944 is
2656 2883 2764 2965 qui
2803 2883 3010 2945 eomi-

608 2987 702 3050 tia
760 2983 992 3048 habere
1040 2982 1299 3048 volebat
1347 2985 1791 3069 perseverabat
1837 2984 2141 3048 adversus
2188 2984 2507 3063 edictum,
2559 3007 2711 3050 eum
2755 3007 2886 3051 non
2930 2990 3004 3050 in

607 3089 723 3155 illo
786 3095 1021 3154 eventu
1084 3091 1517 3174 auspiciorum
1580 3111 1762 3176 spem
1823 3110 2055 3176 ponere
2074 3139 2089 3168 ,
2161 3090 2271 3155 sed
2315 3094 2387 3156 in
2434 3091 2622 3178 longe
2671 3091 2799 3157 alia
2845 3113 2916 3157 re
2967 3114 3009 3158 a

608 3199 854 3261 ratione
904 3198 1337 3280 auspiciorum
1383 3195 1609 3261 aliena.
1659 3196 1884 3282 Itaque
1930 3196 2192 3262 decebat
2236 3201 2658 3285 magistratus
2707 3221 2834 3264 non
2879 3203 3009 3264 mi-

609 3325 731 3368 nus
793 3308 1087 3390 prompte
1150 3302 1412 3387 obsequi
1474 3303 1712 3380 edict0,
1780 3324 1976 3389 quam
2023 3304 2505 3390 obsequendum
2551 3311 2716 3370 esset
2762 3307 3009 3371 obnun-

608 3411 865 3474 tiationi
908 3410 977 3471 in
1025 3407 1267 3494 templo
1316 3408 1557 3487 editae;
1606 3430 1810 3495 neque
1863 3431 2176 3496 umquam
2215 3410 2402 3476 aliter
2440 3411 2659 3477 fecisse
2697 3411 3008 3478 videntur

608 3517 1033 3602 magistratus
1080 3513 1352 3579 Romani
1401 3523 1544 3580 ante
1591 3535 1646 3580 a.
1701 3514 1785 3582 59
1835 3517 1972 3597 (cfr.
2021 3538 2168 3604 pag.
2226 3517 2352 3583 106
2400 3541 2462 3582 n.
2517 3517 2604 3598 1).
2677 3517 2801 3584 Sed
2845 3540 3006 3585 cum

606 3623 741 3686 iure
786 3643 911 3686 non
958 3621 1446 3706 prohiberentur
1492 3625 1836 3708 quominus
1883 3629 2160 3688 erectam
2204 3629 2492 3690 tenerent
2539 3625 3007 3712 promulgatio—

607 3750 756 3794 nem
802 3748 989 3793 suam
1008 3777 1024 3805 ,
1076 3734 1297 3815 postea
1341 3730 1411 3792 in
1458 3730 1972 3795 contentionibus
2018 3728 2318 3795 civilibus
2365 3731 2593 3796 accidit
2641 3737 2718 3796 ut
2766 3734 3004 3817 princi-

606 3857 719 3923 pes
763 3836 1048 3922 part-ium
1092 3834 1211 3900 hoc
1254 3837 1397 3900 iure
1442 3843 1693 3922 arrepto
1738 3836 2154 3924 neglegerent
2200 3837 2408 3902 edicta
2448 3838 2998 3904 obnuntiantium.

609 3940 734 4021 Qui
791 3943 1043 4027 primus
1062 3989 1079 4018 ,
1142 3947 1217 4004 ut
1282 3939 1561 4019 videtur,
1627 3943 1748 4008 hoc
1797 3944 1982 4022 fecit,
2032 3949 2246 4029 aperte
2295 3942 2608 4010 declarare
2655 3965 2849 4010 ausus
2897 3953 3002 4010 est

607 4069 673 4113 se
719 4069 844 4112 non
891 4067 1073 4132 spem
1119 4067 1305 4111 suam
1351 4068 1583 4133 ponere
1629 4051 1697 4112 in
1736 4055 1971 4114 eventu
2010 4052 2246 4115 incerto
2284 4051 2715 4134 auspiciorum
2733 4100 2750 4129 ,
2792 4072 3002 4137 neque

601 4157 671 4218 in
729 4155 1156 4218 inconstantia
1216 4155 1355 4218 eius
1426 4157 1540 4240 qui
1606 4154 2013 4220 obnuntiaret
2074 4175 2200 4240 qua
2259 4156 2556 4220 futurum
2602 4164 2770 4223 esset
2815 4165 2894 4222 ut
2940 4162 3000 4224 is

604 4283 755 4327 cum
817 4258 1019 4325 semel
1064 4267 1291 4325 vocata
1338 4269 1545 4326 essent
1594 4264 1855 4327 comitia
1903 4261 2159 4327 tendere
2207 4284 2331 4327 non
2381 4263 2643 4328 auderet
2688 4263 2997 4330 adversus

603 4367 1012 4435 voluntatem
1071 4365 1297 4453 populi
1357 4371 1731 4454 congregati
1745 4416 1762 4445 ,
1828 4368 1938 4433 sed
1982 4371 2050 4433 in
2100 4390 2166 4434 re
2213 4367 2423 4434 multo
2471 4371 2758 4456 turpiore
2775 4419 2794 4450 ,
2843 4393 2997 4437 cum
