3192 5009
1254 245 1605 296 6011116106.
2491 227 2614 294 141

294 410 489 480 Gobeto
504 461 521 492 ,
578 419 831 499 poetam
892 416 1005 499 qui
1064 413 1227 479 hanc
1272 414 1425 479 fecit
1472 413 1890 500 rhapsodiam
1935 417 2004 478 in
2048 414 2169 479 hoc
2213 418 2382 478 certe
2429 433 2621 478 versu

292 540 577 585 consonam
618 543 643 584 1
688 523 1130 605 pronuntiasse
1178 527 1245 586 et
1290 521 1339 584 τ’
1390 518 1525 598 ἄξει
1574 519 1812 584 dixisse
1859 525 1936 584 ut
1979 541 2136 585 mox
2181 521 2240 583 α’
2280 516 2463 594 ἄξειῗ
2513 520 2629 585 Α1-

292 627 384 711 qui
418 628 467 690 si
506 647 623 690 uno
663 625 841 703 1000,
890 628 1002 711 qui
1046 628 1117 689 in
1162 627 1401 690 recenti
1445 628 1602 690 satis
1647 625 1871 690 Iliadis
1920 632 2103 712 parte
2141 627 2418 691 occurrit
2435 673 2452 702 ‚
2496 645 2624 690 cer-

292 733 361 796 tis
397 733 767 818 argumentis
816 732 1177 797 stabilitum
1224 737 1321 797 est
1366 732 1698 818 digamma
1730 730 1797 809 ¹),
1845 753 1974 796 non
2021 739 2119 797 est
2156 752 2271 796 cur
2308 734 2622 796 sexcentis

292 836 407 902 ah'is
464 837 636 903 aliter
702 838 1098 917 1111110616116;
1169 861 1297 904 non
1366 846 1464 904 est
1532 861 1646 903 cur
1706 859 2018 925 negemus
2081 841 2366 924 potuisse
2414 837 2623 902 audiri

286 944 517 1010 dicamne
572 945 787 1026 (περέω)
850 945 1048 1011 vellet
1104 952 1295 1031 poeta
1354 966 1437 1010 an
1496 968 1636 1027 royo
1695 945 1909 1026 (ἐρέω),
1967 945 2267 1010 1116116016
2311 945 2507 1010 fuisse
2553 946 2622 1008 in

280 1053 531 1125 61116016
574 1055 949 1136 pronomina
992 1052 1099 1138 qui
1145 1048 1263 1132 (ὅς)
1312 1059 1377 1117 61
1421 1073 1565 1115 suus
1611 1051 1778 1132 (πός).

356 1155 459 1222 &d
512 1157 770 1223 fortasse
833 1157 1068 1223 dixerit
1134 1160 1491 1244 quispiam:
1546 1179 1628 1235 „o
1677 1157 1871 1235 bone,
1918 1157 2214 1224 verberas
2263 1161 2408 1222 aera
2424 1177 2441 1235 3
2493 1177 2619 1221 non
2655 1163 2664 1172 ‘

282 1264 443 1340 „haec
483 1272 573 1328 est
618 1285 800 1329 mens
847 1261 1078 1332 Caneri
1117 1270 1182 1330 et
1221 1285 1447 1330 eorum
1486 1267 1601 1349 qui
1640 1285 1790 1328 cum
1829 1285 1904 1329 eo
1931 1266 2353 1330 consentiunt.
2393 1263 2620 1329 Dicere

278 1368 492 1446 „voluit
552 1368 663 1434 1116
682 1418 701 1446 ,
771 1375 939 1435 06116
1003 1370 1260 1448 debuit,
1326 1368 1596 1434 Iliadem
1659 1375 1724 1434 et
1791 1367 2143 1456 Odysseam
2163 1419 2180 1447 ,
2243 1369 2396 1434 licet
2439 1375 2624 1434 natae

276 1478 425 1553 „sint
462 1497 495 1541 6
540 1477 929 1542 carminibus
966 1477 1367 1544 brevioribus
1402 1479 1471 1541 in
1506 1477 1741 1562 quibus
1780 1475 2111 1562 digamma
2134 1476 2426 1554 vivebat,
2451 1479 2624 1561 ipsas

274 1587 501 1658 „tamen
558 1585 947 1668 compositas
1008 1604 1144 1648 esse
1194 1582 1464 1649 dialecto
1515 1603 1676 1668 quae
1722 1603 1796 1647 ea
1843 1603 2116 1648 consona
2163 1583 2415 1648 carebat
2431 1631 2449 1660 ‚
2497 1582 2627 1648 dia-

270 1686 453 1764 „lecto
512 1690 824 1753 nimirum
885 1687 1165 1754 Ionica'’.
1220 1726 1307 1738 —-
1354 1688 1509 1753 Esto
1530 1737 1547 1767 ,
1601 1709 1997 1774 quamquam
2042 1691 2311 1753 minime
2360 1687 2626 1754 obscure

268 1791 490 1858 locutus
551 1803 647 1860 est
695 1793 902 1861 Gauer
938 1794 1032 1861 1.1.
1060 1794 1147 1877 ⁹);
1198 1796 1309 1861 sed
1354 1795 1678 1882 fingamus
1723 1795 1888 1860 hanc
1937 1816 2072 1860 esse
2119 1799 2256 1861 sive
2305 1798 2443 1860 eius
2488 1798 2624 1862 sive

266 1898 513 1964 aliorum
573 1903 944 1966 criticorum
1004 1903 1420 1968 sententiam:
1486 1900 1644 1966 duas
1707 1903 1915 1988 igitur
1977 1903 2114 1965 vias
2163 1906 2454 1986 patentes
2503 1901 2626 1966 sibi

268 2005 439 2071 habet
498 2011 553 2071 is
618 2010 733 2092 qui
791 2010 885 2072 ita
942 2007 1203 2073 iudicat.
1270 2009 1405 2073 Aut
1466 2007 1843 2072 contendere
1907 2012 2122 2092 potest
2183 2010 2467 2073 carmina
2513 2028 2624 2085 ea,

266 2133 409 2198 quae
462 2116 583 2198 ipsi
640 2119 863 2198 poetae
916 2114 1229 2192 fecerant,
1274 2117 1343 2178 in
1387 2135 1584 2198 parva
1633 2114 1996 2199 fragmenta
2043 2134 2178 2178 esse
2226 2116 2624 2179 comminuta

268 2227 323 2283 et
366 2225 605 2284 tantum
650 2241 779 2285 non
823 2223 1086 2306 periisse
1101 2269 1119 2300 ‚
1171 2225 1424 2286 mutata
1470 2223 1647 2286 enim
1693 2220 2020 2285 decurtata
2060 2220 2447 2305 amplificata
2487 2240 2623 2286 esse

266 2327 463 2389 omnia
518 2329 581 2390 et
638 2328 751 2390 vix
815 2346 1020 2390 unum
1080 2332 1146 2391 et
1208 2325 1485 2390 alterum
1550 2327 2002 2391 hexametrum
2049 2346 2375 2410 superesse
2425 2325 2622 2390 talem

264 2429 456 2515 qualis
512 2453 587 2496 ex
630 2439 855 2517 poetae
902 2453 1010 2498 ore
1049 2432 1385 2518 prodierit;
1443 2437 1557 2497 aut
1607 2453 1757 2497 cum
1801 2431 2027 2497 Flomo
2075 2436 2286 2517 potest
2336 2453 2586 2499 censere
2605 2482 2621 2511 ,

262 2541 505 2622 antiqua
564 2541 845 2603 carmina
906 2541 1274 2604 etiamnunc
1334 2541 1489 2603 satis
1535 2541 1791 2625 integra
1837 2559 2164 2623 superesse
2213 2559 2326 2604 nec
2374 2545 2626 2624 praeter

262 2665 427 2728 spem
494 2644 752 2709 sanandi
808 2651 1104 2731 corrupta
1120 2694 1137 2724 ,
1201 2645 1311 2710 sed
1368 2647 1438 2710 in
1500 2643 1780 2709 Ionicam
1843 2643 2189 2710 dialectum
2241 2667 2321 2710 ex
2367 2646 2627 2712 Aeolica

260 2755 576 2834 (quatenus
612 2751 680 2815 id
717 2754 850 2817 sine
890 2751 1197 2818 violentia
1242 2751 1381 2818 fieri
1424 2757 1702 2838 poterat)
1749 2771 2054 2816 conversa
2102 2772 2237 2817 esse
2285 2758 2351 2817 et
2396 2753 2625 2818 multis

260 2860 665 2923 mcentiorum
711 2858 1162 2925 additamentis
1209 2865 1471 2938 onusta;
1515 2860 1674 2924 haec
1713 2858 2048 2924 resecanda
2085 2879 2220 2925 esse
2240 2909 2256 2937 ,
2296 2863 2366 2925 in
2401 2863 2626 2948 genui-

261 2965 343 3028 nis
396 2984 551 3030 vero
594 2965 887 3030 versibus
930 2973 996 3031 et
1042 2965 1169 3031 alia
1216 2987 1377 3051 quae
1422 2965 1681 3031 Aeolica
1726 2963 2036 3030 dialectus
2083 2968 2343 3050 propria
2389 2967 2619 3032 habuit

260 3069 633 3136 restituenda
690 3092 825 3138 esse
889 3072 1213 3158 (psilosin,
1265 3074 1342 3149 ἆ,
1396 3069 1668 3135 lorsam
1720 3076 1876 3150 etc.)
1917 3077 1982 3136 et
2031 3070 2363 3157 digamma
2392 3069 2461 3151 ³).
2533 3073 2622 3137 At

262 3173 515 3241 duarum
574 3176 805 3242 harum
853 3180 1230 3264 opinionum
1276 3180 1453 3263 prior
1498 3198 1572 3242 eo
1621 3176 1786 3242 redit
1831 3183 1907 3241 ut
1955 3180 2237 3242 carmina
2279 3177 2626 3243 Homerica

262 3318 331 3329 —
372 3305 427 3348 e.
450 3305 525 3370 g.
588 3283 1092 3370 Agamemnonis
1154 3306 1303 3350 cum
1365 3283 1618 3350 Achille
1679 3286 1890 3348 rixam
1949 3283 2057 3349 vel
2118 3305 2332 3369 preces
2377 3285 2623 3350 Priami

260 3387 347 3454 vel
400 3389 617 3454 Ulixis
678 3393 1069 3456 narrationes
1117 3427 1202 3449 -.-
1252 3412 1378 3456 non
1422 3411 1573 3457 vera
1621 3392 1904 3454 carmina
1951 3411 2086 3455 esse
2134 3390 2466 3456 credamus
2514 3391 2624 3456 sed

259 3500 603 3562 carminum
654 3497 912 3562 umbras
968 3505 1033 3563 et
1076 3519 1386 3564 versuum
1430 3497 1662 3562 rudera
1679 3517 1696 3574 3
1746 3518 1824 3562 ex
1871 3495 2196 3581 lapidibus
2242 3497 2470 3582 templi
2518 3517 2623 3562 an-

258 3603 401 3688 tiqui
460 3604 733 3689 11136116
792 3609 857 3668 61
917 3603 1167 3669 stabula
1228 3603 1374 3668 rudi
1436 3608 1571 3668 arte
1635 3608 1879 3668 structa
1925 3623 2059 3668 esse
2075 3622 2092 3680 ;
2141 3605 2312 3687 ipsos
2359 3603 2624 3688 quidem

258 3715 451 3792 poetas
530 3708 763 3774 dixisse
831 3711 985 3788 Φίλε
1056 3711 1252 3791 remp}
1324 3708 1533 3780 δνεινός
1609 3733 1680 3774 τε
1749 3707 1855 3774 vel
1917 3709 2088 3780 rdmc
2153 3709 2216 3774 δέ
2278 3731 2390 3774 roe·
2443 3711 2618 3775 ἀλλὰ

257 3815 473 3890 vinnm
522 3814 813 3900 {reppiw
872 3816 977 3883 vel
1039 3811 1137 3881 οἷοὶ
1200 3841 1270 3880 τε
1335 3819 1405 3896 νῷ
1462 3825 1642 3891 tonuit
1693 3815 1887 3894 εῶναξ
1934 3815 2189 3894 ἕύθυμος
2240 3814 2458 3895 ἔδωκε,
2511 3818 2621 3882 sed

314 4037 365 4102 1)
406 4037 595 4088 Butae
646 4036 761 4086 11666
810 4035 1077 4086 emendatio
1126 4035 1294 4100 ignota
1347 4033 1547 4084 Fiekio?
1599 4032 1764 4084 Edidit
1809 4037 1936 4083 certe
1979 4031 2036 4091 ὃς
2081 4031 2190 4098 ἕξει
2241 4028 2327 4091 ἇός
2371 4049 2452 4083 κεν
2487 4031 2624 4097 Εγων

264 4117 447 4181 Ἀχιλῆι
478 4116 739 4182 πελάσσῃ.

314 4201 365 4266 2)
398 4203 557 4254 Etiam
594 4201 875 4250 Luowxcuu
908 4197 1210 4262 (Amtaroh.
1252 4197 1303 4248 ΙΙ
1336 4215 1382 4264 p.
1421 4197 1544 4263 287)
1580 4214 1635 4247 66
1671 4198 1862 4248 videtur
1897 4213 1995 4247 6666
2031 4197 2210 4263 opinio.

317 4285 367 4348 Β)
417 4287 569 4335 ‚Du
617 4284 946 4350 digamma,
998 4281 1268 4331 welches
1317 4297 1427 4331 666
1462 4279 1788 4332 verbietet
1823 4281 2055 4330 Homer
2089 4279 2184 4329 616
2219 4279 2466 4340 106161,
2503 4280 2623 4330 und

266 4377 365 4416 666
392 4366 666 4433 66111131
699 4365 807 4416 ihu
842 4365 935 4415 616
969 4353 1199 4414 Aeoler
1234 4380 1304 4414 66
1336 4361 1627 4414 denken''.
1662 4362 1784 4414 Flex
1821 4363 1988 4427 Odys-r.
2022 4379 2070 4429 p.
2108 4362 2138 4415 7
2173 4366 2223 4412 et
2255 4363 2458 4429 666ρί66.
