3192 5009
440 244 573 310 436
1085 265 1170 312 »Β
1212 261 1836 312 ῑΝΑσασΒΑἨοΝῑΒσε
1883 261 2184 310 nomme.

439 434 570 496 iam
620 431 975 517 antiquitus
996 478 1012 507 ,
1064 451 1215 495 cum
1260 428 1597 494 nulladum
1644 434 1811 495 esset
1858 427 2249 495 consuetudo
2293 427 2616 493 indicendi
2629 476 2646 506 ‚
2703 426 2831 494 fixa

439 545 617 604 erant
658 539 846 603 certis
895 536 1114 602 diebus
1132 586 1149 614 ,
1204 541 1267 600 et
1316 539 1407 600 eis
1453 535 1713 622 quidem
1734 585 1751 614 ‚
1802 543 1877 600 ut
1924 542 2062 600 tam
2107 533 2422 622 probabili
2468 536 2832 600 coniectura

438 651 765 711 assecutus
810 650 906 709 est
953 642 1353 720 Mommsen,
1405 663 1563 728 quos
1609 645 1678 706 iu
1727 643 1906 707 fastis
1948 647 2202 706 notatos
2252 641 2548 706 videmus
2593 641 2830 706 litteris

440 750 511 831 Q.
570 751 648 816 R.
714 747 784 816 C.
850 749 957 826 F„
1026 752 1139 834 qui
1188 753 1339 814 sunt
1387 769 1442 812 a.
1494 747 1555 813 d.
1604 746 1702 812 IX
1743 746 1872 813 kal.
1923 746 2176 831 Apriles
2223 752 2291 812 et
2335 768 2392 812 a.
2442 747 2504 811 d.
2553 745 2650 810 IX
2697 746 2830 812 kal.

438 857 477 922 J
480 859 681 922 unias.
751 893 835 903 -
900 857 1103 940 Atqui
1166 854 1484 940 siquidem
1548 851 1856 918 nonnulla
1899 874 2122 918 eorum
2171 856 2582 920 comitiorum
2600 903 2616 932 ,
2667 874 2830 940 quae

438 985 477 1028 a
536 963 783 1028 civibus
832 983 955 1027 non
1000 961 1327 1026 inibantur
1343 1008 1360 1037 ,
1410 961 1670 1025 fuerunt
1715 960 2023 1025 subitaria
2069 981 2273 1045 neque
2321 967 2508 1026 antea
2552 960 2793 1025 indicta
2811 1009 2829 1038 ‚

439 1070 703 1134 fortasse
763 1069 940 1132 nobis
997 1066 1213 1132 licebit
1270 1066 1339 1130 id
1388 1067 1725 1132 transferre
1774 1066 1852 1130 ad
1899 1069 2113 1131 omnia
2163 1069 2426 1131 comitia
2472 1067 2679 1132 calata
2695 1115 2712 1144 ,
2763 1073 2832 1131 et

438 1180 798 1239 statuemus
844 1173 963 1238 hoc
1010 1171 1286 1238 alterum
1334 1174 1667 1257 proprium
1707 1192 1930 1237 eorum
1969 1172 2163 1236 fuisse
2179 1220 2195 1249 ‚
2241 1173 2412 1258 quod
2451 1193 2654 1258 neque
2693 1193 2834 1257 pro-

440 1279 835 1361 mulgatione
878 1281 1227 1366 rogationis
1274 1299 1478 1364 neque
1528 1277 1733 1343 edicto
1779 1278 1856 1342 de
1896 1281 1988 1343 eis
2027 1281 2322 1344 certiores
2360 1277 2598 1344 fiebant
2636 1280 2829 1344 cives.

439 1387 608 1452 Nam
672 1405 746 1450 ea
808 1386 1167 1450 coniectura
1213 1391 1468 1469 accepta
1484 1432 1500 1462 ,
1551 1387 1838 1470 primum
1885 1384 2131 1448 facilius
2180 1383 2632 1470 intellegemus
2651 1433 2668 1463 ,
2717 1406 2834 1448 cur

440 1514 671 1559 nomen
718 1513 841 1577 quo
893 1493 1047 1558 haec
1093 1493 1353 1556 comitia
1401 1491 1724 1578 desig-nari
1770 1489 2045 1555 solerent
2093 1493 2442 1576 repetitum
2487 1493 2575 1556 sit
2619 1511 2654 1555 e
2701 1511 2833 1555 cae-

442 1601 717 1665 rimonia
762 1601 1107 1664 vocationis
1124 1645 1141 1674 ,
1191 1618 1340 1662 cum
1389 1602 1607 1662 tamen
1656 1597 1732 1662 ab
1781 1618 1854 1662 eo
1903 1605 2188 1680 tempore
2235 1618 2362 1682 quo
2408 1596 2832 1684 pervulgatus

441 1714 577 1772 erat
638 1726 793 1770 usus
857 1703 1171 1781 edicendi,
1231 1703 1311 1768 ad
1372 1705 1634 1768 comitia
1696 1701 1904 1768 multo
1974 1705 2190 1767 minus
2259 1702 2515 1768 valebat
2583 1705 2832 1768 vocatio

435 1803 637 1900 'quam
702 1811 985 1878 edictum
1002 1859 1017 1888 ,
1081 1831 1287 1894 neque
1348 1809 1462 1874 illa
1523 1831 1677 1876 voce
1739 1809 1982 1874 lictoris
2043 1815 2157 1873 aut
2220 1816 2412 1874 cantu
2459 1812 2794 1875 cornicinis
2810 1857 2826 1886 ,

442 1919 551 1984 sed
610 1918 816 1984 edicto
878 1919 1288 2004 potissimum
1308 1965 1325 1995 ,
1386 1918 1559 1981 cives
1622 1917 1885 1982 excitari
1947 1921 2012 1981 et
2073 1915 2150 1980 de
2206 1919 2486 1980 comitiis
2535 1919 2830 1982 certiores

440 2024 579 2091 fieri
616 2023 923 2102 solerent;
967 2022 1237 2109 denique
1275 2026 1345 2086 in
1382 2043 1456 2086 ea
1494 2043 1559 2086 re
1601 2025 1914 2087 rationem
1952 2023 2239 2087 invenire
2277 2025 2630 2107 poterimus
2669 2043 2832 2108 quae

441 2132 683 2218 aliquid
741 2130 1017 2196 valuisse
1080 2129 1502 2195 existimanda
1555 2131 1642 2193 sit
1689 2129 1769 2194 ad
1813 2128 2322 2194 constituendam
2367 2135 2664 2192 naturam
2711 2130 2835 2190 sin-

440 2237 735 2325 gularem
783 2239 1194 2302 comitiorum
1244 2234 1634 2312 calatorum;
1674 2255 1824 2300 nam
1865 2237 1986 2299 etsi
2023 2237 2376 2299 maximam
2414 2253 2668 2298 causam
2717 2251 2830 2297 cur

442 2349 613 2410 cives
660 2363 734 2408 ea
781 2345 1045 2408 comitia
1090 2342 1253 2408 inire
1302 2343 1635 2407 omiserint
1653 2389 1670 2418 ,
1719 2340 1880 2405 hanc
1928 2341 2123 2405 fuisse
2167 2339 2349 2405 credo
2396 2339 2567 2426 quod
2611 2360 2712 2404 res
2751 2337 2828 2402 de

442 2451 673 2537 quibus
730 2449 1108 2536 suffragium
1153 2447 1487 2514 ferendum
1533 2452 1745 2534 esset*
1779 2446 1914 2510 iure
1959 2445 2216 2532 quidem
2261 2453 2629 2539 paterentur
2650 2494 2666 2523 ,
2717 2444 2828 2510 sed

424 2558 609 2644 facto
672 2579 789 2620 non
852 2561 1221 2641 paterentur
1280 2576 1415 2620 esse
1479 2553 1686 2619 ullam
1745 2557 2207 2618 sententiarum
2261 2557 2326 2618 et
2371 2552 2828 2640 suffragiorum

442 2663 883 2728 diversitatem
898 2711 917 2740 ,
958 2682 1163 2747 neque
1202 2663 1584 2747 cuiusquam
1623 2660 1955 2725 commoda
1993 2663 2062 2724 in
2102 2663 2192 2725 eis
2233 2667 2576 2746 agerentur
2598 2659 2830 2745 quibus

440 2770 551 2835 alii
589 2769 923 2854 suffragari
961 2767 1073 2832 alii
1096 2788 1453 2855 repugnare
1478 2767 1808 2833 studerent
1834 2805 1918 2816 —-
1945 2787 2095 2832 nam
2121 2769 2317 2832 etiam
2341 2788 2491 2832 cum
2514 2767 2831 2832 ferrentur

437 2876 613 2964 leges
662 2875 740 2941 de
787 2877 1060 2960 imperio
1108 2882 1172 2939 et
1218 2879 1531 2962 potestate
1548 2923 1565 2954 ,
1618 2877 1914 2960 quamvis
1961 2881 2104 2938 tum
2151 2881 2316 2940 esset
2362 2871 2830 2956 reprehendendi

426 2988 696 3065 potestas
741 2981 798 3044 ei
833 2981 1130 3063 popubum
1177 2980 1447 3064 beneficii
1492 2980 1590 3043 eui
1627 2981 1966 3070 poeniteret
1993 2978 2042 3062 1)
2063 3029 2080 3058 ,
2131 2987 2348 3046 tamen
2385 2985 2665 3066 potestas
2703 2999 2828 3044 non

440 3095 577 3153 erat
638 3086 945 3149 adimendi
1002 3089 1423 3172 magistratus
1442 3136 1459 3164 ,
1510 3108 1714 3173 neque
1759 3089 2100 3173 quisquam
2146 3095 2406 3173 propter
2449 3108 2524 3152 ea
2569 3087 2834 3151 comitia

441 3193 757 3279 populum
808 3193 1167 3258 ambiturus
1216 3198 1281 3257 et
1328 3193 1632 3280 suffragia
1675 3196 1996 3279 petiturus
2042 3201 2179 3258 erat
2227 3231 2334 3271 —,
2383 3199 2598 3258 tamen
2635 3192 2832 3257 huius

445 3302 539 3364 rei
607 3319 857 3383 quoque
912 3301 1073 3364 ratio
1119 3300 1337 3364 haberi
1384 3304 1628 3385 potest,
1677 3300 1848 3384 quod
1892 3301 2064 3364 cives
2081 3347 2098 3376 ,
2148 3320 2297 3363 cum
2343 3298 2544 3364 semel
2589 3305 2831 3364 consta-

445 3410 547 3470 ret
592 3403 983 3469 consuetudo
1030 3404 1349 3470 indicendi
1394 3408 1690 3483 comitia,
1739 3427 1866 3470 non
1914 3404 2193 3490 amplius
2240 3407 2449 3490 parati
2485 3412 2666 3470 erant
2703 3406 2830 3469 ani-

445 3533 584 3576 mos
630 3509 954 3576 attendere
998 3511 1078 3575 ad
1122 3513 1485 3577 vocationes
1530 3513 1870 3577 subitarias
1889 3561 1904 3590 ,
1957 3533 2159 3598 neque
2207 3517 2349 3576 tum
2375 3532 2456 3576 se
2494 3511 2573 3575 ad
2619 3509 2832 3576 suffra-

443 3621 633 3705 gium
694 3616 1026 3681 ferendum
1089 3638 1235 3682 vere
1299 3621 1534 3704 requiri
1595 3618 1864 3684 fortasse
1919 3618 2406 3696 existimabant,
2455 3637 2606 3682 cum
2654 3617 2834 3682 nulla

446 3725 705 3788 comitia
762 3722 1003 3787 indicta
1063 3745 1199 3789 esse
1260 3727 1513 3789 scirent.
1587 3723 1810 3809 Itaque
1870 3727 1938 3789 in
1991 3747 2058 3790 re
2107 3725 2183 3790 de
2229 3737 2354 3809 qua
2399 3744 2630 3809 parum
2676 3725 2834 3788 certi

446 3852 561 3895 nos
608 3829 921 3895 affirmare
966 3832 1119 3894 sinit
1165 3833 1450 3917 paucitas
1501 3833 2020 3897 testimoniorum
2037 3880 2054 3909 ‚
2102 3831 2257 3896 haec
2296 3828 2579 3895 sufficere
2615 3829 2834 3895 viden-

447 3940 555 4000 tur
602 3957 750 4001 cum
796 3941 1155 4000 statuamus
1204 3940 1463 4003 comitia
1482 3986 1499 4015 ‚
1548 3958 1709 4024 quae
1757 3937 1960 4002 calata
1999 3937 2359 4003 dicerentur
2399 3937 2566 4022 quod
2605 3959 2642 4001 a
2680 3939 2835 4002 civi-

445 4043 567 4107 bus
628 4063 755 4106 non
797 4044 1147 4120 inirentur,
1200 4046 1399 4109 etiam
1442 4043 1683 4108 indicta
1728 4066 1854 4110 nou
1902 4042 2118 4108 fuisse.
2189 4041 2330 4109 Hoc
2376 4040 2566 4108 modo
2613 4048 2832 4107 autem

446 4150 781 4234 praecipue
852 4148 1095 4213 factum
1156 4169 1290 4214 esse
1353 4150 1624 4215 arbitror
1684 4165 1758 4213 ut
1819 4153 2079 4214 comitia
2126 4149 2357 4235 quibus
2402 4151 2834 4234 arrogationes

516 4380 570 4442 1)
606 4377 707 4428 Cic.
743 4377 833 4442 leg.
868 4394 967 4442 agr.
1006 4379 1051 4428 2.
1076 4380 1153 4431 ll..
1173 4379 1253 4429 26.
