<?xml version="1.0" encoding="UTF-8"?>
<!DOCTYPE html PUBLIC "-//W3C//DTD XHTML 1.0 Transitional//EN"
    "http://www.w3.org/TR/xhtml1/DTD/xhtml1-transitional.dtd">
<html xmlns="http://www.w3.org/1999/xhtml" xml:lang="en" lang="en">
 <head>
  <title>
</title>
<meta http-equiv="Content-Type" content="text/html;charset=utf-8" />
  <meta name='ocr-system' content='tesseract 3.04.00' />
  <meta name='ocr-capabilities' content='ocr_page ocr_carea ocr_par ocr_line ocrx_word'/>
</head>
<body>
  <div class='ocr_page' id='page_1' title='image "./mnemosyne07servgoog_0281.png"; bbox 0 0 3192 5009; ppageno 0'>
   <div class='ocr_carea' id='block_1_1' title="bbox 1262 273 2638 340">
    <p class='ocr_par' dir='ltr' id='par_1_1' title="bbox 1262 273 2638 340">
     <span class='ocr_line' id='line_1_1' title="bbox 1262 273 2638 340; baseline 0.001 -1"><span class='ocrx_word' id='word_1_1' title='bbox 1262 291 1624 340; x_wconf 71' lang='lat' dir='ltr'><strong>muamus.</strong></span> <span class='ocrx_word' id='word_1_2' title='bbox 2506 273 2638 340; x_wconf 82' lang='lat'><strong>273</strong></span> 
     </span>
    </p>
   </div>
   <div class='ocr_carea' id='block_1_2' title="bbox 215 437 2640 4346">
    <p class='ocr_par' dir='ltr' id='par_1_2' title="bbox 226 437 2640 2661">
     <span class='ocr_line' id='line_1_2' title="bbox 296 437 2640 542; baseline -0.001 -20"><span class='ocrx_word' id='word_1_3' title='bbox 296 457 581 522; x_wconf 78' lang='lat' dir='ltr'><strong>codicibus</strong></span> <span class='ocrx_word' id='word_1_4' title='bbox 598 505 613 533; x_wconf 88' lang='lat'><em>,</em></span> <span class='ocrx_word' id='word_1_5' title='bbox 659 455 962 522; x_wconf 88' lang='lat' dir='ltr'><strong>similiter</strong></span> <span class='ocrx_word' id='word_1_6' title='bbox 1022 461 1211 542; x_wconf 89' lang='lat' dir='ltr'><strong>atque</strong></span> <span class='ocrx_word' id='word_1_7' title='bbox 1281 457 1415 535; x_wconf 87' lang='lat' dir='ltr'><strong>hic,</strong></span> <span class='ocrx_word' id='word_1_8' title='bbox 1479 437 1732 542; x_wconf 34' lang='lat' dir='ltr'><strong>legitur·</strong></span> <span class='ocrx_word' id='word_1_9' title='bbox 1795 456 1935 518; x_wconf 81' lang='lat' dir='ltr'><strong>Oum</strong></span> <span class='ocrx_word' id='word_1_10' title='bbox 1991 456 2139 518; x_wconf 73' lang='lat' dir='ltr'><strong>mihi</strong></span> <span class='ocrx_word' id='word_1_11' title='bbox 2199 479 2260 520; x_wconf 70' lang='lat' dir='ltr'><strong>ee</strong></span> <span class='ocrx_word' id='word_1_12' title='bbox 2319 479 2438 520; x_wconf 80' lang='lat' dir='ltr'><strong>non</strong></span> <span class='ocrx_word' id='word_1_13' title='bbox 2500 465 2640 521; x_wconf 63' lang='lat' dir='ltr'><strong>ambe</strong></span> 
     </span>
     <span class='ocr_line' id='line_1_3' title="bbox 290 559 2636 628; baseline 0.002 -4"><span class='ocrx_word' id='word_1_14' title='bbox 290 563 472 625; x_wconf 70' lang='lat' dir='ltr'><strong>oculos</strong></span> <span class='ocrx_word' id='word_1_15' title='bbox 510 569 619 624; x_wconf 76' lang='lat' dir='ltr'><strong>tam</strong></span> <span class='ocrx_word' id='word_1_16' title='bbox 652 562 823 625; x_wconf 79' lang='lat' dir='ltr'><strong>clara</strong></span> <span class='ocrx_word' id='word_1_17' title='bbox 861 562 1179 625; x_wconf 81' lang='lat' dir='ltr'><strong>videndam</strong></span> <span class='ocrx_word' id='word_1_18' title='bbox 1216 562 1450 625; x_wconf 75' lang='lat' dir='ltr'><strong>obtubit.</strong></span> <span class='ocrx_word' id='word_1_19' title='bbox 1492 559 1676 626; x_wconf 86' lang='lat' dir='ltr'><strong>Unus</strong></span> <span class='ocrx_word' id='word_1_20' title='bbox 1717 565 1975 626; x_wconf 82' lang='lat' dir='ltr'><strong>tantum</strong></span> <span class='ocrx_word' id='word_1_21' title='bbox 2013 560 2208 626; x_wconf 82' lang='lat' dir='ltr'><strong>codex</strong></span> <span class='ocrx_word' id='word_1_22' title='bbox 2247 561 2636 628; x_wconf 81' lang='lat' dir='ltr'><strong>Francianus</strong></span> 
     </span>
     <span class='ocr_line' id='line_1_4' title="bbox 286 667 2634 754; baseline 0 -22"><span class='ocrx_word' id='word_1_23' title='bbox 286 670 518 732; x_wconf 85' lang='lat' dir='ltr'><strong>minimi</strong></span> <span class='ocrx_word' id='word_1_24' title='bbox 572 670 761 753; x_wconf 88' lang='lat' dir='ltr'><strong>pretii</strong></span> <span class='ocrx_word' id='word_1_25' title='bbox 810 673 876 732; x_wconf 89' lang='lat' dir='ltr'><strong>et</strong></span> <span class='ocrx_word' id='word_1_26' title='bbox 920 667 1129 734; x_wconf 88' lang='lat' dir='ltr'><strong>infimi</strong></span> <span class='ocrx_word' id='word_1_27' title='bbox 1176 667 1417 732; x_wconf 77' lang='lat' dir='ltr'><strong>ordinis</strong></span> <span class='ocrx_word' id='word_1_28' title='bbox 1465 667 1652 747; x_wconf 88' lang='lat' dir='ltr'><strong>(conf.</strong></span> <span class='ocrx_word' id='word_1_29' title='bbox 1704 667 1948 754; x_wconf 79' lang='lat' dir='ltr'><strong>Heynii</strong></span> <span class='ocrx_word' id='word_1_30' title='bbox 1995 667 2149 732; x_wconf 88' lang='lat' dir='ltr'><strong>edit.</strong></span> <span class='ocrx_word' id='word_1_31' title='bbox 2199 671 2512 733; x_wconf 90' lang='lat' dir='ltr'><strong>maiorem</strong></span> <span class='ocrx_word' id='word_1_32' title='bbox 2561 667 2634 732; x_wconf 84' lang='grc' dir='ltr'><strong>Τ.</strong></span> 
     </span>
     <span class='ocr_line' id='line_1_5' title="bbox 282 771 2634 859; baseline 0.001 -22"><span class='ocrx_word' id='word_1_33' title='bbox 282 773 445 859; x_wconf 72' lang='lat' dir='ltr'><strong>svp.</strong></span> <span class='ocrx_word' id='word_1_34' title='bbox 474 773 613 853; x_wconf 89' lang='grc'>166)</span> <span class='ocrx_word' id='word_1_35' title='bbox 650 773 791 839; x_wconf 89' lang='lat' dir='ltr'><strong>dat:</strong></span> <span class='ocrx_word' id='word_1_36' title='bbox 836 774 1112 838; x_wconf 73' lang='lat' dir='ltr'><strong>videnda.</strong></span> <span class='ocrx_word' id='word_1_37' title='bbox 1162 773 1602 838; x_wconf 81' lang='lat' dir='ltr'><strong>Nihilominus</strong></span> <span class='ocrx_word' id='word_1_38' title='bbox 1644 780 1865 838; x_wconf 77' lang='lat' dir='ltr'><strong>auctor</strong></span> <span class='ocrx_word' id='word_1_39' title='bbox 1899 771 2078 838; x_wconf 87' lang='lat' dir='ltr'><strong>illius</strong></span> <span class='ocrx_word' id='word_1_40' title='bbox 2118 775 2516 838; x_wconf 87' lang='lat' dir='ltr'><strong>coniecturae</strong></span> <span class='ocrx_word' id='word_1_41' title='bbox 2556 774 2634 840; x_wconf 90' lang='lat' dir='ltr'><strong>de</strong></span> 
     </span>
     <span class='ocr_line' id='line_1_6' title="bbox 282 877 2634 966; baseline 0 -22"><span class='ocrx_word' id='word_1_42' title='bbox 282 901 407 964; x_wconf 81' lang='lat' dir='ltr'><strong>qua</strong></span> <span class='ocrx_word' id='word_1_43' title='bbox 436 883 671 966; x_wconf 77' lang='lat' dir='ltr'><strong>agimus</strong></span> <span class='ocrx_word' id='word_1_44' title='bbox 688 927 703 954; x_wconf 90' lang='lat'>‚</span> <span class='ocrx_word' id='word_1_45' title='bbox 752 880 925 944; x_wconf 87' lang='lat' dir='ltr'><strong>hune</strong></span> <span class='ocrx_word' id='word_1_46' title='bbox 969 879 1187 945; x_wconf 89' lang='lat' dir='ltr'><strong>locum</strong></span> <span class='ocrx_word' id='word_1_47' title='bbox 1204 928 1221 957; x_wconf 89' lang='lat'><strong><em>,</em></strong></span> <span class='ocrx_word' id='word_1_48' title='bbox 1261 881 1375 964; x_wconf 89' lang='lat' dir='ltr'><strong>qui</strong></span> <span class='ocrx_word' id='word_1_49' title='bbox 1414 900 1566 944; x_wconf 90' lang='lat' dir='ltr'><strong>eum</strong></span> <span class='ocrx_word' id='word_1_50' title='bbox 1604 877 1790 964; x_wconf 89' lang='lat' dir='ltr'><strong>plane</strong></span> <span class='ocrx_word' id='word_1_51' title='bbox 1829 879 2254 966; x_wconf 77' lang='lat' dir='ltr'><strong>redarguebat</strong></span> <span class='ocrx_word' id='word_1_52' title='bbox 2271 927 2286 956; x_wconf 90' lang='lat'><em>,</em></span> <span class='ocrx_word' id='word_1_53' title='bbox 2315 882 2598 944; x_wconf 84' lang='lat' dir='ltr'><strong>mutavit</strong></span> <span class='ocrx_word' id='word_1_54' title='bbox 2617 929 2634 958; x_wconf 94' lang='lat'><strong><em>,</em></strong></span> 
     </span>
     <span class='ocr_line' id='line_1_7' title="bbox 280 983 2634 1071; baseline 0 -23"><span class='ocrx_word' id='word_1_55' title='bbox 280 991 356 1048; x_wconf 80' lang='lat' dir='ltr'><strong>et</strong></span> <span class='ocrx_word' id='word_1_56' title='bbox 385 986 466 1050; x_wconf 91' lang='lat' dir='ltr'><strong>ibi</strong></span> <span class='ocrx_word' id='word_1_57' title='bbox 498 1007 735 1071; x_wconf 91' lang='lat' dir='ltr'><strong>quoque</strong></span> <span class='ocrx_word' id='word_1_58' title='bbox 776 988 1031 1070; x_wconf 84' lang='lat' dir='ltr'><strong>scripsit</strong></span> <span class='ocrx_word' id='word_1_59' title='bbox 1070 993 1191 1048; x_wconf 76' lang='lat' dir='ltr'><strong>tam</strong></span> <span class='ocrx_word' id='word_1_60' title='bbox 1227 985 1400 1047; x_wconf 78' lang='lat' dir='ltr'><strong>clara</strong></span> <span class='ocrx_word' id='word_1_61' title='bbox 1438 985 1721 1048; x_wconf 77' lang='lat' dir='ltr'><strong>videnda.</strong></span> <span class='ocrx_word' id='word_1_62' title='bbox 1771 983 1944 1049; x_wconf 83' lang='lat' dir='ltr'><strong>Talis</strong></span> <span class='ocrx_word' id='word_1_63' title='bbox 1981 1005 2133 1049; x_wconf 79' lang='lat' dir='ltr'><strong>vero</strong></span> <span class='ocrx_word' id='word_1_64' title='bbox 2174 984 2406 1071; x_wconf 82' lang='lat' dir='ltr'><strong>agendi</strong></span> <span class='ocrx_word' id='word_1_65' title='bbox 2431 987 2595 1050; x_wconf 89' lang='lat' dir='ltr'><strong>ratio</strong></span> <span class='ocrx_word' id='word_1_66' title='bbox 2616 1033 2634 1062; x_wconf 87' lang='lat'><strong>,</strong></span> 
     </span>
     <span class='ocr_line' id='line_1_8' title="bbox 272 1087 2634 1177; baseline -0.001 -21"><span class='ocrx_word' id='word_1_67' title='bbox 272 1095 397 1156; x_wconf 81' lang='lat' dir='ltr'><strong>etsi</strong></span> <span class='ocrx_word' id='word_1_68' title='bbox 448 1093 617 1158; x_wconf 89' lang='lat' dir='ltr'><strong>hodie</strong></span> <span class='ocrx_word' id='word_1_69' title='bbox 677 1113 863 1177; x_wconf 86' lang='lat' dir='ltr'><strong>saepe</strong></span> <span class='ocrx_word' id='word_1_70' title='bbox 912 1112 949 1156; x_wconf 89' lang='lat' dir='ltr'><strong>a</strong></span> <span class='ocrx_word' id='word_1_71' title='bbox 995 1088 1249 1158; x_wconf 86' lang='lat' dir='ltr'><strong>Oriticis</strong></span> <span class='ocrx_word' id='word_1_72' title='bbox 1267 1139 1284 1169; x_wconf 89' lang='lat'>‚</span> <span class='ocrx_word' id='word_1_73' title='bbox 1335 1087 1595 1156; x_wconf 82' lang='lat' dir='ltr'><strong>Graecis</strong></span> <span class='ocrx_word' id='word_1_74' title='bbox 1643 1093 2020 1176; x_wconf 87' lang='lat' dir='ltr'><strong>praesertim</strong></span> <span class='ocrx_word' id='word_1_75' title='bbox 2037 1139 2054 1168; x_wconf 92' lang='lat'><em>,</em></span> <span class='ocrx_word' id='word_1_76' title='bbox 2105 1090 2460 1167; x_wconf 76' lang='lat' dir='ltr'><strong>adhibetur,</strong></span> <span class='ocrx_word' id='word_1_77' title='bbox 2511 1112 2634 1155; x_wconf 91' lang='lat' dir='ltr'><strong>non</strong></span> 
     </span>
     <span class='ocr_line' id='line_1_9' title="bbox 266 1195 2638 1283; baseline 0 -23"><span class='ocrx_word' id='word_1_78' title='bbox 266 1197 591 1282; x_wconf 85' lang='lat' dir='ltr'><strong>probabilis</strong></span> <span class='ocrx_word' id='word_1_79' title='bbox 649 1219 785 1262; x_wconf 86' lang='lat' dir='ltr'><strong>esse</strong></span> <span class='ocrx_word' id='word_1_80' title='bbox 844 1197 1009 1262; x_wconf 90' lang='lat' dir='ltr'><strong>mihi</strong></span> <span class='ocrx_word' id='word_1_81' title='bbox 1054 1197 1329 1262; x_wconf 82' lang='lat' dir='ltr'><strong>videtur.</strong></span> <span class='ocrx_word' id='word_1_82' title='bbox 1380 1197 1550 1261; x_wconf 88' lang='lat' dir='ltr'><strong>Nam</strong></span> <span class='ocrx_word' id='word_1_83' title='bbox 1599 1197 1677 1261; x_wconf 89' lang='lat' dir='ltr'><strong>ab</strong></span> <span class='ocrx_word' id='word_1_84' title='bbox 1723 1195 1923 1261; x_wconf 88' lang='lat' dir='ltr'><strong>altera</strong></span> <span class='ocrx_word' id='word_1_85' title='bbox 1973 1201 2153 1283; x_wconf 87' lang='lat' dir='ltr'><strong>parte</strong></span> <span class='ocrx_word' id='word_1_86' title='bbox 2201 1195 2496 1282; x_wconf 84' lang='lat' dir='ltr'><strong>exempla</strong></span> <span class='ocrx_word' id='word_1_87' title='bbox 2541 1217 2638 1261; x_wconf 89' lang='lat' dir='ltr'><strong>co-</strong></span> 
     </span>
     <span class='ocr_line' id='line_1_10' title="bbox 268 1302 2639 1397; baseline -0 -30"><span class='ocrx_word' id='word_1_88' title='bbox 268 1303 498 1368; x_wconf 84' lang='lat' dir='ltr'><strong>dicibus</strong></span> <span class='ocrx_word' id='word_1_89' title='bbox 540 1303 819 1369; x_wconf 88' lang='lat' dir='ltr'><strong>stabilita</strong></span> <span class='ocrx_word' id='word_1_90' title='bbox 865 1303 1191 1380; x_wconf 87' lang='lat' dir='ltr'><strong>adhibere,</strong></span> <span class='ocrx_word' id='word_1_91' title='bbox 1245 1303 1479 1397; x_wconf 75' lang='lat' dir='ltr'><strong>quibus</strong></span> <span class='ocrx_word' id='word_1_92' title='bbox 1520 1304 1886 1387; x_wconf 88' lang='lat' dir='ltr'><strong>opinionem</strong></span> <span class='ocrx_word' id='word_1_93' title='bbox 1925 1307 2108 1367; x_wconf 88' lang='lat' dir='ltr'><strong>tuam</strong></span> <span class='ocrx_word' id='word_1_94' title='bbox 2149 1302 2480 1368; x_wconf 88' lang='lat' dir='ltr'><strong>confirmes</strong></span> <span class='ocrx_word' id='word_1_95' title='bbox 2502 1351 2519 1379; x_wconf 92' lang='lat'><strong><em>,</em></strong></span> <span class='ocrx_word' id='word_1_96' title='bbox 2559 1302 2639 1366; x_wconf 89' lang='lat' dir='ltr'><strong>ab</strong></span> 
     </span>
     <span class='ocr_line' id='line_1_11' title="bbox 262 1408 2630 1494; baseline -0 -21"><span class='ocrx_word' id='word_1_97' title='bbox 262 1408 459 1474; x_wconf 85' lang='lat' dir='ltr'><strong>altera</strong></span> <span class='ocrx_word' id='word_1_98' title='bbox 510 1415 721 1475; x_wconf 87' lang='lat' dir='ltr'><strong>contra</strong></span> <span class='ocrx_word' id='word_1_99' title='bbox 782 1408 899 1474; x_wconf 88' lang='lat' dir='ltr'><strong>illa</strong></span> <span class='ocrx_word' id='word_1_100' title='bbox 959 1408 1255 1494; x_wconf 87' lang='lat' dir='ltr'><strong>exempla</strong></span> <span class='ocrx_word' id='word_1_101' title='bbox 1272 1457 1289 1486; x_wconf 89' lang='lat'><strong>,</strong></span> <span class='ocrx_word' id='word_1_102' title='bbox 1340 1429 1501 1493; x_wconf 88' lang='lat' dir='ltr'><strong>quae</strong></span> <span class='ocrx_word' id='word_1_103' title='bbox 1549 1428 1693 1474; x_wconf 87' lang='lat' dir='ltr'><strong>eam</strong></span> <span class='ocrx_word' id='word_1_104' title='bbox 1741 1408 2136 1494; x_wconf 79' lang='lat' dir='ltr'><strong>redarguunt</strong></span> <span class='ocrx_word' id='word_1_105' title='bbox 2153 1457 2169 1487; x_wconf 90' lang='lat'>‚</span> <span class='ocrx_word' id='word_1_106' title='bbox 2220 1408 2594 1494; x_wconf 85' lang='lat' dir='ltr'><strong>detorquere</strong></span> <span class='ocrx_word' id='word_1_107' title='bbox 2614 1457 2630 1485; x_wconf 89' lang='lat'><em>,</em></span> 
     </span>
     <span class='ocr_line' id='line_1_12' title="bbox 259 1514 2636 1600; baseline -0.001 -21"><span class='ocrx_word' id='word_1_108' title='bbox 259 1515 383 1579; x_wconf 87' lang='lat' dir='ltr'><strong>hoc</strong></span> <span class='ocrx_word' id='word_1_109' title='bbox 425 1517 677 1580; x_wconf 89' lang='lat' dir='ltr'><strong>minime</strong></span> <span class='ocrx_word' id='word_1_110' title='bbox 724 1515 1121 1600; x_wconf 88' lang='lat' dir='ltr'><strong>probandum</strong></span> <span class='ocrx_word' id='word_1_111' title='bbox 1168 1514 1459 1579; x_wconf 83' lang='lat' dir='ltr'><strong>videtur:</strong></span> <span class='ocrx_word' id='word_1_112' title='bbox 1510 1515 1631 1579; x_wconf 86' lang='lat' dir='ltr'><strong>hoc</strong></span> <span class='ocrx_word' id='word_1_113' title='bbox 1681 1520 1778 1579; x_wconf 87' lang='lat' dir='ltr'><strong>est</strong></span> <span class='ocrx_word' id='word_1_114' title='bbox 1826 1517 2009 1599; x_wconf 85' lang='lat' dir='ltr'><strong>quasi</strong></span> <span class='ocrx_word' id='word_1_115' title='bbox 2055 1519 2279 1591; x_wconf 85' lang='lat' dir='ltr'><strong>testes,</strong></span> <span class='ocrx_word' id='word_1_116' title='bbox 2331 1517 2442 1600; x_wconf 89' lang='lat' dir='ltr'><strong>qui</strong></span> <span class='ocrx_word' id='word_1_117' title='bbox 2491 1535 2636 1579; x_wconf 87' lang='lat' dir='ltr'><strong>con-</strong></span> 
     </span>
     <span class='ocr_line' id='line_1_13' title="bbox 258 1619 2636 1708; baseline 0 -24"><span class='ocrx_word' id='word_1_118' title='bbox 258 1629 363 1684; x_wconf 81' lang='lat' dir='ltr'><strong>tra</strong></span> <span class='ocrx_word' id='word_1_119' title='bbox 408 1627 461 1686; x_wconf 84' lang='lat' dir='ltr'><strong>te</strong></span> <span class='ocrx_word' id='word_1_120' title='bbox 501 1624 564 1685; x_wconf 89' lang='lat' dir='ltr'><strong>in</strong></span> <span class='ocrx_word' id='word_1_121' title='bbox 608 1621 846 1686; x_wconf 89' lang='lat' dir='ltr'><strong>iudicio</strong></span> <span class='ocrx_word' id='word_1_122' title='bbox 894 1623 1340 1686; x_wconf 88' lang='lat' dir='ltr'><strong>testimonium</strong></span> <span class='ocrx_word' id='word_1_123' title='bbox 1388 1620 1620 1685; x_wconf 86' lang='lat' dir='ltr'><strong>dicturi</strong></span> <span class='ocrx_word' id='word_1_124' title='bbox 1669 1622 1798 1684; x_wconf 89' lang='lat' dir='ltr'><strong>sint</strong></span> <span class='ocrx_word' id='word_1_125' title='bbox 1844 1641 2251 1706; x_wconf 88' lang='lat' dir='ltr'><strong>corrumpere</strong></span> <span class='ocrx_word' id='word_1_126' title='bbox 2272 1669 2288 1696; x_wconf 91' lang='lat'>,</span> <span class='ocrx_word' id='word_1_127' title='bbox 2337 1627 2450 1685; x_wconf 88' lang='lat' dir='ltr'><strong>aut</strong></span> <span class='ocrx_word' id='word_1_128' title='bbox 2499 1619 2636 1708; x_wconf 82' lang='lat' dir='ltr'><strong>gla-</strong></span> 
     </span>
     <span class='ocr_line' id='line_1_14' title="bbox 256 1725 2634 1814; baseline 0.001 -24"><span class='ocrx_word' id='word_1_129' title='bbox 256 1725 437 1791; x_wconf 84' lang='lat' dir='ltr'><strong>dium</strong></span> <span class='ocrx_word' id='word_1_130' title='bbox 476 1731 541 1792; x_wconf 90' lang='lat' dir='ltr'><strong>in</strong></span> <span class='ocrx_word' id='word_1_131' title='bbox 584 1730 930 1792; x_wconf 79' lang='lat' dir='ltr'><strong>certamine</strong></span> <span class='ocrx_word' id='word_1_132' title='bbox 966 1727 1284 1814; x_wconf 82' lang='lat' dir='ltr'><strong>singulari</strong></span> <span class='ocrx_word' id='word_1_133' title='bbox 1321 1727 1684 1792; x_wconf 85' lang='lat' dir='ltr'><strong>adversario</strong></span> <span class='ocrx_word' id='word_1_134' title='bbox 1722 1729 1966 1813; x_wconf 87' lang='lat' dir='ltr'><strong>eripere</strong></span> <span class='ocrx_word' id='word_1_135' title='bbox 1985 1776 2002 1804; x_wconf 92' lang='lat'><strong><em>,</em></strong></span> <span class='ocrx_word' id='word_1_136' title='bbox 2057 1749 2182 1813; x_wconf 89' lang='lat' dir='ltr'><strong>quo</strong></span> <span class='ocrx_word' id='word_1_137' title='bbox 2223 1730 2442 1813; x_wconf 89' lang='lat' dir='ltr'><strong>ipsum</strong></span> <span class='ocrx_word' id='word_1_138' title='bbox 2482 1748 2634 1792; x_wconf 89' lang='lat' dir='ltr'><strong>eum</strong></span> 
     </span>
     <span class='ocr_line' id='line_1_15' title="bbox 254 1825 2635 1919; baseline -0.001 -21"><span class='ocrx_word' id='word_1_139' title='bbox 254 1833 565 1912; x_wconf 81' lang='lat' dir='ltr'><strong>conficias,</strong></span> <span class='ocrx_word' id='word_1_140' title='bbox 630 1855 793 1919; x_wconf 91' lang='lat' dir='ltr'><strong>quae</strong></span> <span class='ocrx_word' id='word_1_141' title='bbox 857 1836 1071 1899; x_wconf 89' lang='lat' dir='ltr'><strong>omnia</strong></span> <span class='ocrx_word' id='word_1_142' title='bbox 1133 1855 1170 1899; x_wconf 91' lang='lat' dir='ltr'><strong>a</strong></span> <span class='ocrx_word' id='word_1_143' title='bbox 1235 1833 1418 1897; x_wconf 87' lang='lat' dir='ltr'><strong>bonis</strong></span> <span class='ocrx_word' id='word_1_144' title='bbox 1476 1825 1819 1918; x_wconf 82' lang='lat' dir='ltr'><strong>probisque</strong></span> <span class='ocrx_word' id='word_1_145' title='bbox 1879 1831 2086 1897; x_wconf 89' lang='lat' dir='ltr'><strong>literis</strong></span> <span class='ocrx_word' id='word_1_146' title='bbox 2133 1837 2199 1898; x_wconf 85' lang='lat' dir='ltr'><strong>et</strong></span> <span class='ocrx_word' id='word_1_147' title='bbox 2247 1832 2479 1897; x_wconf 84' lang='lat' dir='ltr'><strong>absunt</strong></span> <span class='ocrx_word' id='word_1_148' title='bbox 2500 1881 2517 1909; x_wconf 92' lang='lat'><strong><em>,</em></strong></span> <span class='ocrx_word' id='word_1_149' title='bbox 2569 1838 2635 1896; x_wconf 86' lang='lat' dir='ltr'><strong>et</strong></span> 
     </span>
     <span class='ocr_line' id='line_1_16' title="bbox 260 1937 2632 2026; baseline -0.001 -22"><span class='ocrx_word' id='word_1_150' title='bbox 260 1947 501 2004; x_wconf 85' lang='lat' dir='ltr'><strong>remota</strong></span> <span class='ocrx_word' id='word_1_151' title='bbox 560 1960 816 2005; x_wconf 88' lang='lat' dir='ltr'><strong>manere</strong></span> <span class='ocrx_word' id='word_1_152' title='bbox 877 1940 1125 2005; x_wconf 88' lang='lat' dir='ltr'><strong>debent.</strong></span> <span class='ocrx_word' id='word_1_153' title='bbox 1190 1938 1411 2024; x_wconf 88' lang='lat' dir='ltr'><strong>Neque</strong></span> <span class='ocrx_word' id='word_1_154' title='bbox 1474 1960 1630 2003; x_wconf 88' lang='lat' dir='ltr'><strong>usus</strong></span> <span class='ocrx_word' id='word_1_155' title='bbox 1679 1937 2086 2026; x_wconf 76' lang='lat' dir='ltr'><strong>Vergilianus</strong></span> <span class='ocrx_word' id='word_1_156' title='bbox 2131 1937 2233 2003; x_wconf 89' lang='lat' dir='ltr'><strong>illi</strong></span> <span class='ocrx_word' id='word_1_157' title='bbox 2281 1941 2632 2004; x_wconf 86' lang='lat' dir='ltr'><strong>mutationi</strong></span> 
     </span>
     <span class='ocr_line' id='line_1_17' title="bbox 255 2045 2631 2132; baseline 0 -22"><span class='ocrx_word' id='word_1_158' title='bbox 255 2047 431 2110; x_wconf 74' lang='lat' dir='ltr'><strong>favet</strong></span> <span class='ocrx_word' id='word_1_159' title='bbox 448 2067 463 2123; x_wconf 89' lang='lat'>;</span> <span class='ocrx_word' id='word_1_160' title='bbox 523 2045 632 2111; x_wconf 90' lang='lat' dir='ltr'><strong>ille</strong></span> <span class='ocrx_word' id='word_1_161' title='bbox 694 2051 883 2132; x_wconf 87' lang='lat' dir='ltr'><strong>poeta</strong></span> <span class='ocrx_word' id='word_1_162' title='bbox 930 2048 1104 2110; x_wconf 89' lang='lat' dir='ltr'><strong>enim</strong></span> <span class='ocrx_word' id='word_1_163' title='bbox 1148 2050 1214 2110; x_wconf 89' lang='lat' dir='ltr'><strong>et</strong></span> <span class='ocrx_word' id='word_1_164' title='bbox 1260 2046 1655 2110; x_wconf 83' lang='lat' dir='ltr'><strong>nominativo</strong></span> <span class='ocrx_word' id='word_1_165' title='bbox 1679 2050 1768 2108; x_wconf 79' lang='lat' dir='ltr'><strong>et</strong></span> <span class='ocrx_word' id='word_1_166' title='bbox 1816 2047 2178 2110; x_wconf 81' lang='lat' dir='ltr'><strong>accusativo</strong></span> <span class='ocrx_word' id='word_1_167' title='bbox 2226 2048 2291 2109; x_wconf 88' lang='lat' dir='ltr'><strong>in</strong></span> <span class='ocrx_word' id='word_1_168' title='bbox 2341 2045 2458 2110; x_wconf 87' lang='lat' dir='ltr'><strong>illa</strong></span> <span class='ocrx_word' id='word_1_169' title='bbox 2504 2046 2631 2110; x_wconf 90' lang='lat' dir='ltr'><strong>dic-</strong></span> 
     </span>
     <span class='ocr_line' id='line_1_18' title="bbox 251 2150 2627 2238; baseline 0 -23"><span class='ocrx_word' id='word_1_170' title='bbox 251 2155 424 2216; x_wconf 89' lang='lat' dir='ltr'><strong>tione</strong></span> <span class='ocrx_word' id='word_1_171' title='bbox 484 2155 707 2216; x_wconf 88' lang='lat' dir='ltr'><strong>utitur.</strong></span> <span class='ocrx_word' id='word_1_172' title='bbox 774 2151 974 2238; x_wconf 84' lang='lat' dir='ltr'><strong>Saepe</strong></span> <span class='ocrx_word' id='word_1_173' title='bbox 1034 2158 1319 2218; x_wconf 89' lang='lat' dir='ltr'><strong>metrum</strong></span> <span class='ocrx_word' id='word_1_174' title='bbox 1372 2173 1581 2216; x_wconf 89' lang='lat' dir='ltr'><strong>unum</strong></span> <span class='ocrx_word' id='word_1_175' title='bbox 1625 2150 1984 2216; x_wconf 84' lang='lat' dir='ltr'><strong>alterumve</strong></span> <span class='ocrx_word' id='word_1_176' title='bbox 2032 2151 2331 2216; x_wconf 89' lang='lat' dir='ltr'><strong>adhibere</strong></span> <span class='ocrx_word' id='word_1_177' title='bbox 2379 2154 2627 2238; x_wconf 78' lang='lat' dir='ltr'><strong>coegit:</strong></span> 
     </span>
     <span class='ocr_line' id='line_1_19' title="bbox 250 2255 2630 2336; baseline -0 -15"><span class='ocrx_word' id='word_1_178' title='bbox 250 2257 299 2333; x_wconf 89' lang='lat'><strong>1,</strong></span> <span class='ocrx_word' id='word_1_179' title='bbox 356 2255 483 2322; x_wconf 84' lang='lat'><strong>314</strong></span> <span class='ocrx_word' id='word_1_180' title='bbox 530 2258 639 2321; x_wconf 73' lang='lat' dir='ltr'><strong>Oui</strong></span> <span class='ocrx_word' id='word_1_181' title='bbox 683 2265 870 2321; x_wconf 70' lang='lat' dir='ltr'><strong>mater</strong></span> <span class='ocrx_word' id='word_1_182' title='bbox 913 2259 1111 2322; x_wconf 79' lang='lat' dir='ltr'><strong>media</strong></span> <span class='ocrx_word' id='word_1_183' title='bbox 1154 2279 1277 2320; x_wconf 69' lang='lat' dir='ltr'><strong>sese</strong></span> <span class='ocrx_word' id='word_1_184' title='bbox 1323 2257 1538 2321; x_wconf 73' lang='lat' dir='ltr'><strong>obtubit</strong></span> <span class='ocrx_word' id='word_1_185' title='bbox 1584 2257 1756 2320; x_wconf 79' lang='lat' dir='ltr'><strong>obvia</strong></span> <span class='ocrx_word' id='word_1_186' title='bbox 1794 2257 1990 2334; x_wconf 68' lang='lat' dir='ltr'><strong>silva,</strong></span> <span class='ocrx_word' id='word_1_187' title='bbox 2038 2257 2143 2322; x_wconf 82' lang='lat' dir='ltr'><strong>sed</strong></span> <span class='ocrx_word' id='word_1_188' title='bbox 2184 2256 2236 2336; x_wconf 93' lang='lat' dir='ltr'><strong>I,</strong></span> <span class='ocrx_word' id='word_1_189' title='bbox 2280 2256 2410 2323; x_wconf 86' lang='lat'><strong>503</strong></span> <span class='ocrx_word' id='word_1_190' title='bbox 2462 2259 2630 2321; x_wconf 69' lang='lat' dir='ltr'><strong>Talis</strong></span> 
     </span>
     <span class='ocr_line' id='line_1_20' title="bbox 242 2361 2628 2449; baseline -0 -23"><span class='ocrx_word' id='word_1_191' title='bbox 242 2370 375 2426; x_wconf 64' lang='lat' dir='ltr'><strong>erat</strong></span> <span class='ocrx_word' id='word_1_192' title='bbox 432 2363 596 2427; x_wconf 75' lang='lat' dir='ltr'><strong>Dido</strong></span> <span class='ocrx_word' id='word_1_193' title='bbox 618 2413 634 2440; x_wconf 92' lang='lat'><strong><em>,</em></strong></span> <span class='ocrx_word' id='word_1_194' title='bbox 708 2365 885 2427; x_wconf 80' lang='lat' dir='ltr'><strong>talem</strong></span> <span class='ocrx_word' id='word_1_195' title='bbox 946 2386 1009 2427; x_wconf 74' lang='lat' dir='ltr'><strong>se</strong></span> <span class='ocrx_word' id='word_1_196' title='bbox 1071 2364 1233 2427; x_wconf 76' lang='lat' dir='ltr'><strong>laeta</strong></span> <span class='ocrx_word' id='word_1_197' title='bbox 1275 2364 1551 2449; x_wconf 69' lang='lat' dir='ltr'><strong>ferebat.</strong></span> <span class='ocrx_word' id='word_1_198' title='bbox 1617 2362 1700 2439; x_wconf 88' lang='lat' dir='ltr'><strong>H,</strong></span> <span class='ocrx_word' id='word_1_199' title='bbox 1752 2361 1884 2427; x_wconf 83' lang='grc'><strong>388</strong></span> <span class='ocrx_word' id='word_1_200' title='bbox 1952 2364 2196 2448; x_wconf 79' lang='lat' dir='ltr'><strong>Quaque</strong></span> <span class='ocrx_word' id='word_1_201' title='bbox 2258 2364 2517 2427; x_wconf 69' lang='lat' dir='ltr'><strong>ostendit</strong></span> <span class='ocrx_word' id='word_1_202' title='bbox 2565 2386 2628 2426; x_wconf 74' lang='lat' dir='ltr'><strong>se</strong></span> 
     </span>
     <span class='ocr_line' id='line_1_21' title="bbox 241 2466 2628 2555; baseline 0 -23"><span class='ocrx_word' id='word_1_203' title='bbox 241 2469 573 2549; x_wconf 78' lang='lat' dir='ltr'><strong>(Fortuna)</strong></span> <span class='ocrx_word' id='word_1_204' title='bbox 638 2471 851 2532; x_wconf 68' lang='lat' dir='ltr'><strong>dextra</strong></span> <span class='ocrx_word' id='word_1_205' title='bbox 908 2492 1239 2555; x_wconf 72' lang='lat' dir='ltr'><strong>sequamur,</strong></span> <span class='ocrx_word' id='word_1_206' title='bbox 1304 2468 1412 2534; x_wconf 89' lang='lat' dir='ltr'><strong>sed</strong></span> <span class='ocrx_word' id='word_1_207' title='bbox 1478 2466 1585 2544; x_wconf 89' lang='lat' dir='ltr'><strong>IV,</strong></span> <span class='ocrx_word' id='word_1_208' title='bbox 1641 2468 1720 2532; x_wconf 89' lang='lat'><strong>11</strong></span> <span class='ocrx_word' id='word_1_209' title='bbox 1786 2489 2042 2533; x_wconf 82' lang='lat' dir='ltr'><strong>rursus:</strong></span> <span class='ocrx_word' id='word_1_210' title='bbox 2101 2469 2298 2550; x_wconf 71' lang='lat' dir='ltr'><strong>Quem</strong></span> <span class='ocrx_word' id='word_1_211' title='bbox 2355 2492 2479 2533; x_wconf 68' lang='lat' dir='ltr'><strong>sese</strong></span> <span class='ocrx_word' id='word_1_212' title='bbox 2527 2491 2628 2532; x_wconf 83' lang='lat' dir='ltr'><strong>ore</strong></span> 
     </span>
     <span class='ocr_line' id='line_1_22' title="bbox 226 2574 1539 2661; baseline 0 -23"><span class='ocrx_word' id='word_1_213' title='bbox 226 2577 451 2660; x_wconf 60' lang='lat' dir='ltr'><strong>fem</strong></span> <span class='ocrx_word' id='word_1_214' title='bbox 467 2622 481 2650; x_wconf 88' lang='lat'><strong>,</strong></span> <span class='ocrx_word' id='word_1_215' title='bbox 532 2597 705 2659; x_wconf 78' lang='lat' dir='ltr'><strong>quam</strong></span> <span class='ocrx_word' id='word_1_216' title='bbox 733 2576 909 2661; x_wconf 77' lang='lat' dir='ltr'><strong>forti</strong></span> <span class='ocrx_word' id='word_1_217' title='bbox 942 2582 1188 2657; x_wconf 76' lang='lat' dir='ltr'><strong>pectore</strong></span> <span class='ocrx_word' id='word_1_218' title='bbox 1233 2582 1291 2638; x_wconf 70' lang='lat' dir='ltr'><strong>et</strong></span> <span class='ocrx_word' id='word_1_219' title='bbox 1336 2574 1539 2638; x_wconf 69' lang='lat' dir='ltr'><strong>armis.</strong></span> 
     </span>
    </p>

    <p class='ocr_par' dir='ltr' id='par_1_3' title="bbox 218 2679 2630 3807">
     <span class='ocr_line' id='line_1_23' title="bbox 318 2679 2621 2768; baseline 0.002 -26"><span class='ocrx_word' id='word_1_220' title='bbox 318 2679 599 2766; x_wconf 80' lang='lat' dir='ltr'><strong>Vergilii</strong></span> <span class='ocrx_word' id='word_1_221' title='bbox 636 2702 791 2745; x_wconf 86' lang='lat' dir='ltr'><strong>usus</strong></span> <span class='ocrx_word' id='word_1_222' title='bbox 828 2683 1034 2768; x_wconf 80' lang='lat' dir='ltr'><strong>igitur</strong></span> <span class='ocrx_word' id='word_1_223' title='bbox 1069 2701 1267 2767; x_wconf 92' lang='lat' dir='ltr'><strong>aeque</strong></span> <span class='ocrx_word' id='word_1_224' title='bbox 1292 2680 1463 2745; x_wconf 86' lang='lat' dir='ltr'><strong>favet</strong></span> <span class='ocrx_word' id='word_1_225' title='bbox 1486 2680 1782 2745; x_wconf 89' lang='lat' dir='ltr'><strong>codicum</strong></span> <span class='ocrx_word' id='word_1_226' title='bbox 1807 2682 2156 2765; x_wconf 71' lang='lat' dir='ltr'><strong>scriptume</strong></span> <span class='ocrx_word' id='word_1_227' title='bbox 2182 2687 2400 2758; x_wconf 74' lang='lat' dir='ltr'><strong>notum,</strong></span> <span class='ocrx_word' id='word_1_228' title='bbox 2428 2687 2621 2766; x_wconf 86' lang='lat' dir='ltr'><strong>atque</strong></span> 
     </span>
     <span class='ocr_line' id='line_1_24' title="bbox 234 2785 2627 2873; baseline 0 -21"><span class='ocrx_word' id='word_1_229' title='bbox 234 2790 631 2852; x_wconf 76' lang='lat' dir='ltr'><strong>coniecturae</strong></span> <span class='ocrx_word' id='word_1_230' title='bbox 676 2795 849 2850; x_wconf 71' lang='lat' dir='ltr'><strong>notus</strong></span> <span class='ocrx_word' id='word_1_231' title='bbox 865 2807 880 2865; x_wconf 83' lang='lat'><em>3</em></span> <span class='ocrx_word' id='word_1_232' title='bbox 930 2786 1225 2852; x_wconf 86' lang='lat' dir='ltr'><strong>codicum</strong></span> <span class='ocrx_word' id='word_1_233' title='bbox 1273 2807 1614 2852; x_wconf 79' lang='lat' dir='ltr'><strong>consensus</strong></span> <span class='ocrx_word' id='word_1_234' title='bbox 1663 2785 2002 2873; x_wconf 78' lang='lat' dir='ltr'><strong>vulgarem</strong></span> <span class='ocrx_word' id='word_1_235' title='bbox 2047 2807 2358 2872; x_wconf 86' lang='lat' dir='ltr'><strong>perquam</strong></span> <span class='ocrx_word' id='word_1_236' title='bbox 2408 2787 2627 2872; x_wconf 88' lang='lat' dir='ltr'><strong>proba-</strong></span> 
     </span>
     <span class='ocr_line' id='line_1_25' title="bbox 234 2889 2628 2977; baseline -0.001 -21"><span class='ocrx_word' id='word_1_237' title='bbox 234 2892 437 2958; x_wconf 85' lang='lat' dir='ltr'><strong>bilem</strong></span> <span class='ocrx_word' id='word_1_238' title='bbox 487 2891 729 2969; x_wconf 84' lang='lat' dir='ltr'><strong>reddit,</strong></span> <span class='ocrx_word' id='word_1_239' title='bbox 775 2891 953 2957; x_wconf 88' lang='lat' dir='ltr'><strong>locus</strong></span> <span class='ocrx_word' id='word_1_240' title='bbox 1001 2889 1377 2956; x_wconf 90' lang='lat' dir='ltr'><strong>simillimus</strong></span> <span class='ocrx_word' id='word_1_241' title='bbox 1421 2893 1556 2955; x_wconf 86' lang='lat' dir='ltr'><strong>iam</strong></span> <span class='ocrx_word' id='word_1_242' title='bbox 1601 2890 1918 2977; x_wconf 81' lang='lat' dir='ltr'><strong>allegatus</strong></span> <span class='ocrx_word' id='word_1_243' title='bbox 1964 2890 2028 2954; x_wconf 95' lang='lat' dir='ltr'><strong>II</strong></span> <span class='ocrx_word' id='word_1_244' title='bbox 2080 2889 2210 2956; x_wconf 84' lang='lat'><strong>589</strong></span> <span class='ocrx_word' id='word_1_245' title='bbox 2261 2891 2334 2954; x_wconf 82' lang='lat' dir='ltr'><strong>Se</strong></span> <span class='ocrx_word' id='word_1_246' title='bbox 2382 2939 2397 2956; x_wconf 92' lang='lat'><strong>.</strong></span> <span class='ocrx_word' id='word_1_247' title='bbox 2430 2939 2445 2955; x_wconf 88' lang='lat'><strong>.</strong></span> <span class='ocrx_word' id='word_1_248' title='bbox 2477 2940 2490 2954; x_wconf 92' lang='lat'><strong>.</strong></span> <span class='ocrx_word' id='word_1_249' title='bbox 2542 2891 2628 2954; x_wconf 80' lang='lat' dir='ltr'><strong>vi·</strong></span> 
     </span>
     <span class='ocr_line' id='line_1_26' title="bbox 230 2996 2630 3082; baseline -0 -21"><span class='ocrx_word' id='word_1_250' title='bbox 230 2998 491 3061; x_wconf 64' lang='lat' dir='ltr'><strong>dentiam</strong></span> <span class='ocrx_word' id='word_1_251' title='bbox 538 2997 752 3060; x_wconf 60' lang='lat' dir='ltr'><strong>obtabat</strong></span> <span class='ocrx_word' id='word_1_252' title='bbox 800 3018 943 3062; x_wconf 88' lang='lat' dir='ltr'><strong>eam</strong></span> <span class='ocrx_word' id='word_1_253' title='bbox 989 3000 1176 3062; x_wconf 90' lang='lat' dir='ltr'><strong>unice</strong></span> <span class='ocrx_word' id='word_1_254' title='bbox 1224 2998 1631 3082; x_wconf 88' lang='lat' dir='ltr'><strong>comprobat,</strong></span> <span class='ocrx_word' id='word_1_255' title='bbox 1680 2999 1787 3061; x_wconf 90' lang='lat' dir='ltr'><strong>cui</strong></span> <span class='ocrx_word' id='word_1_256' title='bbox 1835 2996 2085 3082; x_wconf 87' lang='lat' dir='ltr'><strong>pondus</strong></span> <span class='ocrx_word' id='word_1_257' title='bbox 2132 2996 2403 3081; x_wconf 90' lang='lat' dir='ltr'><strong>denique</strong></span> <span class='ocrx_word' id='word_1_258' title='bbox 2453 2996 2630 3061; x_wconf 80' lang='lat' dir='ltr'><strong>addit</strong></span> 
     </span>
     <span class='ocr_line' id='line_1_27' title="bbox 228 3102 2628 3189; baseline -0.001 -20"><span class='ocrx_word' id='word_1_259' title='bbox 228 3108 395 3169; x_wconf 83' lang='lat' dir='ltr'><strong>ratio</strong></span> <span class='ocrx_word' id='word_1_260' title='bbox 416 3151 437 3179; x_wconf 89' lang='lat'><em>,</em></span> <span class='ocrx_word' id='word_1_261' title='bbox 502 3123 662 3187; x_wconf 87' lang='lat' dir='ltr'><strong>quae</strong></span> <span class='ocrx_word' id='word_1_262' title='bbox 708 3102 945 3167; x_wconf 86' lang='lat' dir='ltr'><strong>clamat</strong></span> <span class='ocrx_word' id='word_1_263' title='bbox 989 3103 1118 3168; x_wconf 90' lang='lat' dir='ltr'><strong>fere</strong></span> <span class='ocrx_word' id='word_1_264' title='bbox 1164 3102 1559 3168; x_wconf 79' lang='lat' dir='ltr'><strong>adiectivum</strong></span> <span class='ocrx_word' id='word_1_265' title='bbox 1607 3102 1873 3183; x_wconf 74' lang='lat' dir='ltr'><strong>iqnotum</strong></span> <span class='ocrx_word' id='word_1_266' title='bbox 1919 3105 2284 3168; x_wconf 85' lang='lat' dir='ltr'><strong>accusativo</strong></span> <span class='ocrx_word' id='word_1_267' title='bbox 2331 3125 2394 3166; x_wconf 74' lang='lat' dir='ltr'><strong>se</strong></span> <span class='ocrx_word' id='word_1_268' title='bbox 2439 3105 2628 3189; x_wconf 81' lang='lat' dir='ltr'><strong>iungi</strong></span> 
     </span>
     <span class='ocr_line' id='line_1_28' title="bbox 227 3207 2628 3295; baseline -0.001 -20"><span class='ocrx_word' id='word_1_269' title='bbox 227 3211 465 3276; x_wconf 85' lang='lat' dir='ltr'><strong>debere</strong></span> <span class='ocrx_word' id='word_1_270' title='bbox 482 3257 500 3286; x_wconf 87' lang='lat'><strong>,</strong></span> <span class='ocrx_word' id='word_1_271' title='bbox 552 3230 675 3274; x_wconf 90' lang='lat' dir='ltr'><strong>non</strong></span> <span class='ocrx_word' id='word_1_272' title='bbox 721 3210 1039 3286; x_wconf 80' lang='lat' dir='ltr'><strong>subiect03</strong></span> <span class='ocrx_word' id='word_1_273' title='bbox 1092 3230 1242 3273; x_wconf 86' lang='lat' dir='ltr'><strong>nam</strong></span> <span class='ocrx_word' id='word_1_274' title='bbox 1289 3207 1486 3274; x_wconf 82' lang='lat' dir='ltr'><strong>Sinon</strong></span> <span class='ocrx_word' id='word_1_275' title='bbox 1504 3257 1521 3286; x_wconf 92' lang='lat'><em>,</em></span> <span class='ocrx_word' id='word_1_276' title='bbox 1569 3229 1773 3295; x_wconf 89' lang='lat' dir='ltr'><strong>quum</strong></span> <span class='ocrx_word' id='word_1_277' title='bbox 1821 3208 1900 3273; x_wconf 90' lang='lat' dir='ltr'><strong>ad</strong></span> <span class='ocrx_word' id='word_1_278' title='bbox 1937 3208 2228 3274; x_wconf 88' lang='lat' dir='ltr'><strong>fraudem</strong></span> <span class='ocrx_word' id='word_1_279' title='bbox 2270 3228 2458 3274; x_wconf 89' lang='lat' dir='ltr'><strong>suam</strong></span> <span class='ocrx_word' id='word_1_280' title='bbox 2490 3230 2628 3295; x_wconf 90' lang='lat' dir='ltr'><strong>per-</strong></span> 
     </span>
     <span class='ocr_line' id='line_1_29' title="bbox 224 3313 2626 3403; baseline -0 -22"><span class='ocrx_word' id='word_1_281' title='bbox 224 3313 611 3403; x_wconf 81' lang='lat' dir='ltr'><strong>petrandam</strong></span> <span class='ocrx_word' id='word_1_282' title='bbox 671 3314 1193 3401; x_wconf 87' lang='lat' dir='ltr'><strong>proficisceretur,</strong></span> <span class='ocrx_word' id='word_1_283' title='bbox 1257 3335 1383 3379; x_wconf 91' lang='lat' dir='ltr'><strong>non</strong></span> <span class='ocrx_word' id='word_1_284' title='bbox 1442 3317 1707 3400; x_wconf 81' lang='lat' dir='ltr'><strong>ignotus</strong></span> <span class='ocrx_word' id='word_1_285' title='bbox 1768 3319 1939 3393; x_wconf 86' lang='lat' dir='ltr'><strong>erat,</strong></span> <span class='ocrx_word' id='word_1_286' title='bbox 2004 3317 2138 3380; x_wconf 88' lang='lat' dir='ltr'><strong>imo</strong></span> <span class='ocrx_word' id='word_1_287' title='bbox 2199 3314 2386 3380; x_wconf 83' lang='lat' dir='ltr'><strong>valde</strong></span> <span class='ocrx_word' id='word_1_288' title='bbox 2433 3321 2626 3380; x_wconf 87' lang='lat' dir='ltr'><strong>notus</strong></span> 
     </span>
     <span class='ocr_line' id='line_1_30' title="bbox 222 3418 2623 3506; baseline -0.001 -19"><span class='ocrx_word' id='word_1_289' title='bbox 222 3422 503 3487; x_wconf 79' lang='lat' dir='ltr'><strong>Achivis</strong></span> <span class='ocrx_word' id='word_1_290' title='bbox 520 3467 538 3494; x_wconf 91' lang='lat'><em>‚</em></span> <span class='ocrx_word' id='word_1_291' title='bbox 578 3419 688 3484; x_wconf 90' lang='lat' dir='ltr'><strong>sed</strong></span> <span class='ocrx_word' id='word_1_292' title='bbox 725 3441 927 3505; x_wconf 87' lang='lat' dir='ltr'><strong>quum</strong></span> <span class='ocrx_word' id='word_1_293' title='bbox 966 3420 1045 3484; x_wconf 88' lang='lat' dir='ltr'><strong>ad</strong></span> <span class='ocrx_word' id='word_1_294' title='bbox 1088 3418 1393 3484; x_wconf 80' lang='lat' dir='ltr'><strong>Troianos</strong></span> <span class='ocrx_word' id='word_1_295' title='bbox 1430 3421 1858 3505; x_wconf 86' lang='lat' dir='ltr'><strong>pervenisset,</strong></span> <span class='ocrx_word' id='word_1_296' title='bbox 1899 3425 2046 3484; x_wconf 87' lang='lat' dir='ltr'><strong>tum</strong></span> <span class='ocrx_word' id='word_1_297' title='bbox 2070 3419 2333 3485; x_wconf 91' lang='lat' dir='ltr'><strong>demum</strong></span> <span class='ocrx_word' id='word_1_298' title='bbox 2359 3423 2623 3506; x_wconf 81' lang='lat' dir='ltr'><strong>ignotus</strong></span> 
     </span>
     <span class='ocr_line' id='line_1_31' title="bbox 220 3524 2624 3611; baseline -0.001 -18"><span class='ocrx_word' id='word_1_299' title='bbox 220 3529 445 3593; x_wconf 80' lang='lat' dir='ltr'><strong>factus</strong></span> <span class='ocrx_word' id='word_1_300' title='bbox 508 3531 637 3603; x_wconf 88' lang='lat' dir='ltr'><strong>est,</strong></span> <span class='ocrx_word' id='word_1_301' title='bbox 686 3531 830 3590; x_wconf 89' lang='lat' dir='ltr'><strong>tum</strong></span> <span class='ocrx_word' id='word_1_302' title='bbox 876 3547 943 3591; x_wconf 89' lang='lat' dir='ltr'><strong>se</strong></span> <span class='ocrx_word' id='word_1_303' title='bbox 990 3526 1255 3607; x_wconf 70' lang='lat' dir='ltr'><strong>iynotasm</strong></span> <span class='ocrx_word' id='word_1_304' title='bbox 1303 3526 1538 3589; x_wconf 74' lang='lat' dir='ltr'><strong>obtubit.</strong></span> <span class='ocrx_word' id='word_1_305' title='bbox 1591 3524 1868 3610; x_wconf 89' lang='lat' dir='ltr'><strong>Ideoque</strong></span> <span class='ocrx_word' id='word_1_306' title='bbox 1918 3527 2141 3610; x_wconf 89' lang='lat' dir='ltr'><strong>opinor</strong></span> <span class='ocrx_word' id='word_1_307' title='bbox 2187 3528 2393 3590; x_wconf 91' lang='lat' dir='ltr'><strong>critici</strong></span> <span class='ocrx_word' id='word_1_308' title='bbox 2441 3546 2624 3611; x_wconf 88' lang='lat' dir='ltr'><strong>supe-</strong></span> 
     </span>
     <span class='ocr_line' id='line_1_32' title="bbox 218 3630 2623 3718; baseline -0.002 -18"><span class='ocrx_word' id='word_1_309' title='bbox 218 3639 431 3700; x_wconf 79' lang='lat' dir='ltr'><strong>riores</strong></span> <span class='ocrx_word' id='word_1_310' title='bbox 492 3653 711 3697; x_wconf 89' lang='lat' dir='ltr'><strong>omnes</strong></span> <span class='ocrx_word' id='word_1_311' title='bbox 767 3630 985 3697; x_wconf 89' lang='lat' dir='ltr'><strong>locum</strong></span> <span class='ocrx_word' id='word_1_312' title='bbox 1043 3639 1119 3696; x_wconf 90' lang='lat' dir='ltr'><strong>ut</strong></span> <span class='ocrx_word' id='word_1_313' title='bbox 1178 3634 1505 3718; x_wconf 85' lang='lat' dir='ltr'><strong>integrum</strong></span> <span class='ocrx_word' id='word_1_314' title='bbox 1567 3632 1887 3696; x_wconf 87' lang='lat' dir='ltr'><strong>intactum</strong></span> <span class='ocrx_word' id='word_1_315' title='bbox 1934 3630 2330 3716; x_wconf 88' lang='lat' dir='ltr'><strong>reliquerunt</strong></span> <span class='ocrx_word' id='word_1_316' title='bbox 2348 3680 2364 3707; x_wconf 91' lang='lat'><em>,</em></span> <span class='ocrx_word' id='word_1_317' title='bbox 2419 3637 2484 3696; x_wconf 91' lang='lat' dir='ltr'><strong>et</strong></span> <span class='ocrx_word' id='word_1_318' title='bbox 2530 3634 2623 3695; x_wconf 89' lang='lat' dir='ltr'><strong>in-</strong></span> 
     </span>
     <span class='ocr_line' id='line_1_33' title="bbox 219 3738 1001 3807; baseline -0.006 0"><span class='ocrx_word' id='word_1_319' title='bbox 219 3748 443 3807; x_wconf 77' lang='lat' dir='ltr'><strong>tactus</strong></span> <span class='ocrx_word' id='word_1_320' title='bbox 493 3758 747 3803; x_wconf 87' lang='lat' dir='ltr'><strong>manere</strong></span> <span class='ocrx_word' id='word_1_321' title='bbox 794 3738 1001 3804; x_wconf 84' lang='lat' dir='ltr'><strong>debet.</strong></span> 
     </span>
    </p>

    <p class='ocr_par' dir='ltr' id='par_1_4' title="bbox 215 3842 2624 4346">
     <span class='ocr_line' id='line_1_34' title="bbox 306 3842 2620 3930; baseline -0.003 -18"><span class='ocrx_word' id='word_1_322' title='bbox 306 3845 665 3930; x_wconf 80' lang='lat' dir='ltr'><strong>Elegantia</strong></span> <span class='ocrx_word' id='word_1_323' title='bbox 710 3844 980 3930; x_wconf 90' lang='lat' dir='ltr'><strong>denique</strong></span> <span class='ocrx_word' id='word_1_324' title='bbox 1000 3892 1015 3922; x_wconf 91' lang='lat'>,</span> <span class='ocrx_word' id='word_1_325' title='bbox 1066 3846 1248 3908; x_wconf 90' lang='lat' dir='ltr'><strong>cuius</strong></span> <span class='ocrx_word' id='word_1_326' title='bbox 1294 3845 1362 3907; x_wconf 91' lang='lat' dir='ltr'><strong>in</strong></span> <span class='ocrx_word' id='word_1_327' title='bbox 1410 3849 1548 3907; x_wconf 86' lang='lat' dir='ltr'><strong>tam</strong></span> <span class='ocrx_word' id='word_1_328' title='bbox 1595 3845 1906 3929; x_wconf 79' lang='lat' dir='ltr'><strong>castigato</strong></span> <span class='ocrx_word' id='word_1_329' title='bbox 1953 3845 2140 3926; x_wconf 87' lang='lat' dir='ltr'><strong>poeta</strong></span> <span class='ocrx_word' id='word_1_330' title='bbox 2177 3842 2415 3926; x_wconf 90' lang='lat' dir='ltr'><strong>ubique</strong></span> <span class='ocrx_word' id='word_1_331' title='bbox 2457 3843 2620 3906; x_wconf 88' lang='lat' dir='ltr'><strong>ratio</strong></span> 
     </span>
     <span class='ocr_line' id='line_1_35' title="bbox 215 3949 2624 4040; baseline -0.004 -20"><span class='ocrx_word' id='word_1_332' title='bbox 215 3950 521 4020; x_wconf 80' lang='lat' dir='ltr'><strong>habenda</strong></span> <span class='ocrx_word' id='word_1_333' title='bbox 579 3955 678 4016; x_wconf 88' lang='lat' dir='ltr'><strong>est</strong></span> <span class='ocrx_word' id='word_1_334' title='bbox 697 3998 714 4029; x_wconf 91' lang='lat'><em>,</em></span> <span class='ocrx_word' id='word_1_335' title='bbox 774 3950 948 4015; x_wconf 84' lang='lat' dir='ltr'><strong>favet</strong></span> <span class='ocrx_word' id='word_1_336' title='bbox 1006 3953 1357 4040; x_wconf 81' lang='lat' dir='ltr'><strong>scripturae</strong></span> <span class='ocrx_word' id='word_1_337' title='bbox 1420 3951 1734 4034; x_wconf 75' lang='lat' dir='ltr'><strong>ignotum,</strong></span> <span class='ocrx_word' id='word_1_338' title='bbox 1801 3969 2005 4032; x_wconf 91' lang='lat' dir='ltr'><strong>quum</strong></span> <span class='ocrx_word' id='word_1_339' title='bbox 2068 3949 2290 4012; x_wconf 87' lang='lat' dir='ltr'><strong>statim</strong></span> <span class='ocrx_word' id='word_1_340' title='bbox 2340 3951 2484 4032; x_wconf 90' lang='lat' dir='ltr'><strong>post</strong></span> <span class='ocrx_word' id='word_1_341' title='bbox 2533 3967 2624 4010; x_wconf 88' lang='lat' dir='ltr'><strong>se—</strong></span> 
     </span>
     <span class='ocr_line' id='line_1_36' title="bbox 217 4054 2622 4150; baseline -0.006 -22"><span class='ocrx_word' id='word_1_342' title='bbox 217 4065 469 4150; x_wconf 82' lang='lat' dir='ltr'><strong>quatur</strong></span> <span class='ocrx_word' id='word_1_343' title='bbox 536 4056 928 4121; x_wconf 69' lang='lat' dir='ltr'><strong>venientibue</strong></span> <span class='ocrx_word' id='word_1_344' title='bbox 944 4104 959 4132; x_wconf 91' lang='lat'><strong><em>,</em></strong></span> <span class='ocrx_word' id='word_1_345' title='bbox 1031 4055 1202 4140; x_wconf 91' lang='lat' dir='ltr'><strong>quod</strong></span> <span class='ocrx_word' id='word_1_346' title='bbox 1270 4054 1479 4119; x_wconf 88' lang='lat' dir='ltr'><strong>multo</strong></span> <span class='ocrx_word' id='word_1_347' title='bbox 1548 4056 1800 4140; x_wconf 77' lang='lat' dir='ltr'><strong>gratius</strong></span> <span class='ocrx_word' id='word_1_348' title='bbox 1865 4058 2050 4118; x_wconf 85' lang='lat' dir='ltr'><strong>sonat</strong></span> <span class='ocrx_word' id='word_1_349' title='bbox 2113 4072 2308 4137; x_wconf 88' lang='lat' dir='ltr'><strong>quam</strong></span> <span class='ocrx_word' id='word_1_350' title='bbox 2368 4055 2622 4139; x_wconf 67' lang='lat' dir='ltr'><strong>ignotus</strong></span> 
     </span>
     <span class='ocr_line' id='line_1_37' title="bbox 216 4159 2621 4247; baseline -0.005 -15"><span class='ocrx_word' id='word_1_351' title='bbox 216 4163 655 4241; x_wconf 71' lang='lat' dir='ltr'><strong>venientibm3</strong></span> <span class='ocrx_word' id='word_1_352' title='bbox 718 4164 788 4225; x_wconf 92' lang='lat' dir='ltr'><strong>in</strong></span> <span class='ocrx_word' id='word_1_353' title='bbox 846 4159 961 4225; x_wconf 81' lang='lat' dir='ltr'><strong>illa</strong></span> <span class='ocrx_word' id='word_1_354' title='bbox 1004 4160 1211 4247; x_wconf 88' lang='lat' dir='ltr'><strong>placet</strong></span> <span class='ocrx_word' id='word_1_355' title='bbox 1255 4163 1526 4226; x_wconf 83' lang='lat' dir='ltr'><strong>variatio</strong></span> <span class='ocrx_word' id='word_1_356' title='bbox 1576 4161 2108 4224; x_wconf 89' lang='lat' dir='ltr'><strong>terminationum</strong></span> <span class='ocrx_word' id='word_1_357' title='bbox 2160 4165 2281 4221; x_wconf 72' lang='lat' dir='ltr'><strong>tum</strong></span> <span class='ocrx_word' id='word_1_358' title='bbox 2298 4207 2314 4234; x_wconf 90' lang='lat'><em>‚</em></span> <span class='ocrx_word' id='word_1_359' title='bbox 2365 4159 2503 4237; x_wconf 45' lang='lat' dir='ltr'><strong>bun</strong></span> <span class='ocrx_word' id='word_1_360' title='bbox 2554 4159 2621 4221; x_wconf 91' lang='lat' dir='ltr'><strong>in</strong></span> 
     </span>
     <span class='ocr_line' id='line_1_38' title="bbox 218 4266 2015 4346; baseline -0.007 -7"><span class='ocrx_word' id='word_1_361' title='bbox 218 4277 333 4340; x_wconf 77' lang='lat' dir='ltr'><strong>hac</strong></span> <span class='ocrx_word' id='word_1_362' title='bbox 382 4289 547 4334; x_wconf 80' lang='lat' dir='ltr'><strong>vero</strong></span> <span class='ocrx_word' id='word_1_363' title='bbox 598 4267 957 4332; x_wconf 88' lang='lat' dir='ltr'><strong>similitudo</strong></span> <span class='ocrx_word' id='word_1_364' title='bbox 1004 4274 1132 4346; x_wconf 66' lang='lat' dir='ltr'><strong>m,</strong></span> <span class='ocrx_word' id='word_1_365' title='bbox 1182 4269 1287 4330; x_wconf 69' lang='lat' dir='ltr'><strong>bue</strong></span> <span class='ocrx_word' id='word_1_366' title='bbox 1330 4266 1528 4332; x_wconf 88' lang='lat' dir='ltr'><strong>laedit</strong></span> <span class='ocrx_word' id='word_1_367' title='bbox 1578 4286 1762 4331; x_wconf 86' lang='lat' dir='ltr'><strong>aures</strong></span> <span class='ocrx_word' id='word_1_368' title='bbox 1812 4267 2015 4329; x_wconf 84' lang='lat' dir='ltr'><strong>tritas.</strong></span> 
     </span>
    </p>
   </div>
  </div>
 </body>
</html>
