3192 5009
524 293 657 361 208
1280 304 1367 359 An
1413 308 1763 360 merorum
1808 309 2141 363 sonmcm.

520 478 882 566 deperdita,
930 478 1047 545 sub
1096 482 1266 545 vitae
1314 480 1507 546 finem
1555 500 1592 545 a
1637 486 1824 565 poeta
1869 478 2190 545 elaborata
2239 484 2337 545 est
2383 484 2448 545 et
2493 478 2894 565 Neophronis

519 590 772 653 nomine
818 608 1035 652 scenae
1083 590 1440 652 commissa.
1491 585 1831 671 Neophron
1878 596 2095 653 autem
2141 587 2251 652 ille
2292 589 2434 673 quis
2473 587 2668 651 fuerit
2706 584 2894 650 hodie

517 695 831 760 nescimus
879 715 1080 780 neque
1128 694 1478 779 quidquam
1526 694 1752 771 refert;
1807 696 1895 759 sic
1942 697 2139 759 etiam
2175 696 2344 759 inter
2389 696 2622 759 veteris
2667 694 2896 756 Comoe-

514 801 655 864 diae
702 806 915 886 poetas
954 822 1119 865 unus
1167 803 1551 876 nominatur,
1604 801 1680 865 de
1728 821 1852 885 quo
1901 800 2064 865 nihil
2113 787 2390 865 omnino*
2422 801 2721 865 novimus
2767 800 2896 863 nisi

515 906 682 993 quod
744 906 963 972 drama
1032 906 1315 972 alienum
1376 911 1755 972 immutavit
1817 915 1882 972 et
1927 929 2042 972 suo
2089 911 2345 975 nomine
2389 911 2631 973 iterum
2675 906 2892 982 dedit;

514 1015 954 1100 Aristagoram
1023 1014 1161 1079 dico
1180 1062 1196 1090 ‚
1285 1016 1395 1099 qui
1464 1013 1828 1101 Metagenis
1895 1013 2181 1079 fabulam
2258 1014 2464 1094 Αὕραις
2536 1020 2892 1079 correctam

515 1141 733 1186 scenae
793 1123 1116 1185 commisit
1176 1142 1338 1185 novo
1386 1124 1832 1197 Μαμμακύθου
1878 1120 2068 1187 titulo
2113 1125 2490 1208 inscriptam
2530 1120 2686 1201 (vid.
2729 1120 2896 1185 Mei-

409 1214 417 1221 *
514 1226 660 1292 nek.
722 1225 897 1299 Hist.
964 1224 1143 1293 Com.
1208 1248 1269 1313 p.
1320 1225 1451 1293 218
1476 1234 1618 1313 sq.).
1694 1226 2038 1315 Tragicum
2100 1250 2254 1294 vero
2313 1227 2514 1293 ullius
2575 1230 2894 1293 momenti

517 1337 772 1418 poetam
819 1330 1264 1417 Neophronem
1308 1334 1501 1399 fuisse
1550 1355 1675 1398 non
1722 1339 1819 1399 est
1863 1333 2162 1400 credibile
2181 1384 2198 1412 ,
2240 1355 2520 1421 quasque
2559 1332 2784 1399 Suidas
2830 1336 2898 1398 ei

514 1438 790 1524 largitus
850 1444 947 1503 est
997 1437 1243 1504 fabulas
1293 1437 1474 1506 CXX
1518 1440 1792 1503 Nearcho
1843 1440 2198 1527 relinquere
2250 1448 2528 1526 praestat
2547 1488 2564 1517 ,
2611 1444 2680 1504 in
2727 1444 2896 1504 tem-

510 1566 663 1631 pora
722 1546 895 1610 enim
959 1544 1151 1609 huius
1215 1554 1467 1630 poetae,
1531 1548 1643 1631 qui
1691 1544 2033 1611 Alexandri
2081 1546 2312 1634 Magni
2362 1544 2646 1633 aequalis
2687 1545 2892 1611 fuisse

510 1650 763 1728 dicitur,
833 1650 1067 1716 melius
1139 1651 1404 1736 quadrat
1469 1654 1807 1738 ingenium
1868 1654 2211 1719 immodice
2265 1652 2440 1718 ferax
2503 1674 2616 1719 nec
2677 1650 2890 1716 ullam

512 1765 725 1831 tamen
764 1756 1008 1843 prolem
1046 1756 1313 1822 vitalem
1359 1761 1429 1822 in
1466 1756 1680 1823 lucem
1719 1759 2062 1845 proferens.
2105 1758 2322 1824 Etiam
2355 1761 2578 1824 δούλων
2602 1758 2888 1833 βάσανος

506 1866 577 1928 in
637 1884 710 1928 ea
774 1870 1063 1949 tempora
1122 1864 1293 1929 haud
1338 1864 1505 1929 male
1551 1868 1876 1951 competit.
1925 1864 2162 1931 Eratne
2207 1873 2427 1932 autem
2473 1868 2754 1952 tragicus
2797 1884 2888 1928 an

508 1973 787 2035 comicus
836 1967 1199 2035 Nearchus?
1247 1969 1402 2050 Quis
1452 1971 1641 2036 dicat.

596 2076 881 2162 Denique
950 2099 1077 2142 non
1148 2078 1419 2144 reticebo
1489 2077 1658 2163 quod
1729 2085 1943 2143 contra
2007 2099 2219 2144 meam
2287 2079 2884 2163 interpretationem

507 2189 713 2269 potest
751 2182 1034 2267 proferri.
1084 2182 1157 2247 Si·
1192 2190 1358 2249 recte
1396 2182 1710 2269 explicavi
1749 2185 1942 2249 verba
1979 2187 2422 2271 grammatici,
2466 2188 2577 2271 qni
2615 2183 2884 2249 Medeae

505 2291 984 2375 Argumentum
1030 2292 1318 2376 scripsit,
1368 2292 1583 2354 minus
1631 2297 1775 2375 apte
1823 2290 1900 2355 ab
1947 2311 2020 2355 eo
2068 2290 2431 2356 adhibitum
2469 2298 2566 2357 est
2606 2292 2883 2356 verbum

509 2394 972 2474 ὑποβαλέσθαι,
1039 2396 1203 2481 quod
1250 2418 1373 2461 non
1421 2396 1496 2462 de
1544 2396 1753 2483 prole,
1803 2418 1998 2483 quam
2045 2400 2187 2483 quis
2233 2397 2472 2463 alienae
2521 2398 2740 2463 domui
2785 2399 2884 2462 in-

506 2502 702 2579 ferat,
766 2505 1063 2587 usurpari
1124 2500 1318 2579 solet,
1386 2502 1495 2567 sed
1557 2503 1635 2568 de
1697 2503 1902 2569 alieno
1951 2504 2121 2581 fetu,
2173 2526 2364 2590 quam
2413 2525 2528 2570 suo
2577 2507 2719 2590 quis
2767 2524 2882 2567 no-

502 2611 667 2674 mini
733 2610 1045 2674 adscribat
1061 2629 1077 2686 ;
1151 2609 1280 2673 vid.
1344 2609 1513 2674 Plat.
1576 2610 1730 2694 Rep.
1795 2608 1913 2674 VII
1978 2609 2143 2675 5370
2202 2610 2437 2677 Herod.
2485 2610 2541 2675 V
2589 2610 2707 2688 41;
2781 2612 2878 2675 sic

498 2715 942 2801 Phrynichum
1002 2718 1320 2779 comicum
1380 2718 1616 2801 carpsit
1677 2704 2073 2801 Hermippus
2135 2719 2202 2781 in
2248 2717 2748 2802 Phormophoris
2795 2717 2878 2787 ὦς

501 2821 800 2897 ἀλλότρια
842 2820 1350 2893 ὑποβαλλόμενον
1391 2822 1716 2895 ποιήματα
1758 2820 1950 2886 schol.
1992 2823 2101 2886 Ar.
2142 2824 2264 2887 AV.
2293 2820 2444 2888 750.
2489 2822 2630 2888 Non
2656 2830 2876 2888 tamen

498 2948 770 3014 magnae
808 2926 1106 2991 audaciae
1146 2948 1281 2991 esse
1321 2926 1597 3005 videtur,
1640 2929 1951 2993 eiusmodi
1990 2935 2322 3014 peccatum
2362 2936 2592 2994 contra.
2608 2928 2876 3016 linguae

496 3032 778 3098 indolem
824 3054 960 3098 sero
1008 3038 1155 3098 nato
1203 3035 1609 3117 epitomatori
1654 3036 1994 3120 imputare.

586 3378 796 3456 Haec,
847 3399 1005 3465 quae
1052 3383 1196 3444 ante
1246 3375 1462 3443 decem
1512 3398 1705 3442 annos
1752 3378 2104 3462 conscripta
2151 3379 2219 3441 in
2266 3379 2512 3442 scriniis
2561 3377 2870 3443 hactenus

494 3490 883 3552 retinueram
902 3534 917 3563 ,
983 3486 1156 3549 hisce
1220 3484 1441 3549 diebus
1487 3486 1803 3569 protraxi,
1853 3504 2000 3547 cum
2046 3486 2115 3547 in
2159 3502 2333 3547 meas
2380 3504 2609 3549 manus
2655 3504 2872 3569 perve-

495 3594 693 3657 nisset
754 3591 948 3656 editio
1012 3589 1309 3666 Medeae,
1376 3608 1568 3673 quam
1632 3591 2084 3654 commentario
2147 3590 2363 3653 critico
2427 3598 2491 3653 et
2538 3592 2864 3676 exegetico

492 3700 872 3763 instructam
929 3717 1131 3780 nuper
1187 3698 1257 3759 in
1301 3692 1514 3759 lucem
1561 3695 1776 3759 emisit
1823 3697 1924 3758 vir
1969 3692 2028 3757 d.
2079 3692 2504 3778 Sacorraphus
2535 3692 2603 3776 ¹).
2656 3694 2864 3759 Bonae

492 3802 699 3889 frugis
768 3804 835 3865 in
905 3800 1018 3866 illo
1079 3801 1241 3865 libro
1318 3798 1525 3864 multa
1603 3801 1852 3885 repperi
1868 3819 1884 3876 3
1960 3802 2029 3863 in
2108 3797 2573 3886 prolegomenis
2651 3808 2866 3867 autem

492 3908 568 3973 de
629 3906 1003 3992 Neophrone
1065 3912 1130 3972 et
1194 3906 1269 3971 de
1318 3905 1580 3971 Medeae
1629 3905 1868 3989 duplici
1914 3909 2272 3971 recensione
2319 3905 2459 3972 fuse
2509 3906 2863 3993 disputavit

488 4012 712 4079 editor.
772 4011 857 4076 Et
904 4012 980 4077 de
1030 4032 1285 4077 summa
1333 4011 1594 4097 quidem
1641 4014 1731 4077 rei
1777 4014 1944 4077 inter
1989 4034 2104 4077 nos
2149 4015 2481 4078 convenire
2529 4013 2665 4078 vidi
2711 4034 2854 4080 cum

489 4122 627 4184 eius
675 4120 1283 4183 commentationem
1329 4116 1570 4183 contuli
1617 4138 1765 4183 cum
1808 4120 1888 4181 iis
1936 4138 2095 4204 quae
2139 4120 2276 4204 ipse
2325 4120 2560 4205 scripto
2607 4120 2864 4184 manda-

554 4350 601 4407 1)
648 4344 905 4408 Εὐριπίδου
954 4344 1157 4403 widun.
1207 4342 1415 4413 ἆξὶδωκε
1462 4345 1546 4396 καὶ
1590 4344 1858 4408 ἡρμήνευσε
1901 4345 2136 4411 Γεῶργιος
2169 4352 2234 4397 Μ.
2267 4349 2571 4411 Σακόρραφος
2608 4354 2665 4397 Δ.
2702 4354 2758 4399 Φ.
2795 4374 2860 4387 -

482 4426 533 4480 ἓν
570 4427 795 4488 Ἀθήναις
830 4424 887 4478 ἔκ
924 4431 1016 4478 τοῦ
1049 4430 1423 4493 τυπογραφσίου
1462 4436 1525 4479 n.
1558 4436 1614 4478 Δ.
1651 4430 1983 4493 Σακελλαρίου
2021 4430 2166 4481 1891.
