3192 5009
568 211 697 277 166
1154 233 1165 242 ·
1570 238 1920 287 nominos.

836 397 1059 477 ὅρκια
1111 396 1528 480 ἔσσονται,
1580 403 1762 481 πρίν
1808 405 1875 481 γ’
1925 402 1960 478 ἢ
2009 399 2208 481 ἕτερόν
2251 429 2330 483 γε
2379 402 2646 469 πεσόντα

836 501 1103 582 αἵματος
1153 498 1306 571 ἆσαι
1347 511 1552 588 ’Ἄρηα
1602 510 1965 590 ταλαύρινον
2013 512 2416 586 πολεμιστήν.

564 613 885 676 Annotant
924 617 1234 678 nostrates
1275 614 1533 691 „hiatus
1570 619 1862 682 vitiosus.
1914 614 2236 708 Correctio
2277 620 2550 694 incerta3
2579 615 2746 695 ὅρκιά
2777 617 2849 691 γ’
2877 612 2956 690 D,

564 719 835 806 Bentley
896 715 1081 798 ὅρκιον
1149 721 1421 784 ἐσσεῖται
1482 721 1628 786 coll.
1681 734 1732 786 Δ
1767 721 1930 800 1583
1995 726 2132 788 veri
2179 724 2436 788 videtur
2481 721 2762 786 similius
2813 719 2961 797 ὅρκι’

566 827 802 891 ἔσονται
852 831 915 890 et
964 825 1187 891 deinde
1226 825 1481 913 aliquod
1519 828 1904 894 vocabulum
1941 829 2370 916 supplendum
2411 828 2614 894 esse.”
2663 826 2962 907 Quorum

563 936 727 999 ratio
777 953 927 997 cum
972 932 1317 997 admodum
1357 934 1523 997 mihi
1562 935 1871 1013 arrideat,
1913 935 2237 1021 soleatque
2285 935 2611 1000 Homerus
2647 937 2714 998 in
2753 932 2960 998 altero
3073 983 3078 988 .
3130 897 3131 966 l

565 1040 855 1105 membro
926 1041 1417 1123 comparationis
1487 1047 1770 1126 repetere
1839 1044 1976 1127 ipsa
2036 1043 2264 1119 verba,
2331 1041 2564 1128 quibus
2629 1043 2698 1103 in
2741 1041 2960 1124 priore

566 1168 724 1211 usus
786 1147 873 1209 sit
891 1193 907 1222 ,
952 1147 1160 1210 nescio
1209 1166 1289 1210 an
1336 1152 1482 1230 apte
1532 1150 1911 1213 coniecerim
1957 1169 2219 1214 versum
2269 1150 2626 1233 antiquitus
2668 1149 2738 1209 in
2785 1145 2960 1208 hunc

568 1251 839 1317 modum
887 1253 1200 1336 scriptum
1248 1251 1473 1317 fuisse:
2672 1251 2685 1258 ”

839 1352 1026 1436 ὅρκι’
1075 1354 1297 1421 ἔσοντ
1323 1381 1399 1420 αι
1450 1367 1582 1435 <ore
1606 1358 1832 1434 στα),
1887 1360 2069 1438 πρὶν
2119 1361 2152 1434 ἢ
2204 1355 2399 1437 ἕτερον
2446 1323 2526 1436 γε
2574 1355 2888 1431 πεσόντα,

568 1465 803 1529 omissa
841 1469 989 1549 post
1027 1464 1165 1538 πρίν
1202 1464 1435 1529 vocula
1475 1488 1552 1541 γε
1593 1487 1743 1530 cum
1767 1465 2182 1553 palimpsesto
2207 1465 2469 1554 Syriaco
2496 1469 2562 1530 et
2583 1462 2954 1529 EustathiO.

571 1692 628 1746 Ψ
660 1680 766 1748 ¹73.
846 1681 980 1747 οὐδέ
1027 1706 1109 1758 με
1156 1707 1249 1747 πω
1298 1683 1637 1760 μίσγεσθαι
1689 1685 1832 1764 ὑπὲρ
1881 1687 2174 1763 ros-omo?
2226 1685 2428 1748 εὀἒουσι
2481 1721 2568 1733 -

840 1791 989 1853 ἀλλ’
1040 1788 1239 1860 αὔτως
1286 1790 1622 1866 ἀλάλημαι
1669 1829 1754 1840 -
1803 1793 1898 1855 ἀν’
1947 1791 2276 1871 εὐρυπυλὲς
2321 1789 2530 1862 Ἄϊδος
2575 1790 2675 1854 δῶ.

570 1895 671 1960 Ita
716 1898 954 1960 rectius
998 1899 1132 1960 iam
1180 1895 1597 1964 Doederlinus
1642 1899 1812 1962 hunc
1858 1897 2076 1964 locum
2122 1898 2436 1963 distinxit.

1496 2291 1603 2355 ‘An
1652 2289 2022 2358 OansnAm.

573 2467 615 2504 α
644 2440 798 2504 441.
850 2439 1020 2518 θύρην
1069 2441 1120 2504 δ’
1166 2439 1562 2519 ἐπέρυσσε
1618 2449 1850 2522 κορώνῃ.

668 2545 1048 2610 Rectissime
1110 2546 1309 2611 iidem
1373 2547 1788 2633 repudiarunt
1833 2549 2140 2636 Knightii
2188 2551 2616 2613 coniecturam
2666 2547 2951 2623 ἐπέρυσσε.

575 2649 878 2718 Ceterum
924 2651 1284 2738 complures
1321 2658 1470 2717 sunt
1505 2651 1667 2732 loci,
1709 2655 1821 2720 ubi
1858 2658 1926 2719 in
1970 2655 2090 2720 hoc
2129 2655 2318 2721 verbo
2358 2654 2690 2741 digamma
2714 2674 2751 2718 a
2772 2657 2954 2738 poeta

575 2757 963 2844 neglegitur.

576 2964 611 3029 δ
635 2962 790 3029 254.
1729 2965 1832 3028 καὶ
1883 2964 2095 3042 ὤμοσα
2144 2967 2426 3046 καρτερὸν
2475 2961 2659 3043 ὅρκον,

847 3072 933 3146 μὴ
984 3070 1097 3143 μὲν
1145 3069 1281 3148 πρὶν
1331 3068 1610 3140 Ὀδυσῆα
1661 3072 1874 3146 μετὰ
1923 3073 2268 3151 Τρώεσσ”
2318 3075 2725 3154 ἀναφῆναι

579 3176 977 3245 Coniecturis
1025 3174 1280 3241 accedat
1323 3176 1478 3240 haec
1523 3196 1702 3241 mea:

847 3285 934 3358 μὴ
983 3283 1093 3358 μὲν
1144 3281 1277 3362 πρὶν
1327 3281 1604 3355 Ὀδυσῆα
1656 3284 2166 3358 ἆναΦανέειν
2219 3281 2649 3362 Τρώεσσιν.

576 3391 651 3455 In
686 3389 976 3476 longiore
1015 3389 1327 3453 vocabulo
1368 3409 1404 3452 a
1444 3388 1651 3452 tribus
1689 3389 1992 3453 brevibus
2025 3389 2291 3476 syllabis
2315 3392 2656 3475 incipiente
2679 3391 2948 3474 primam

575 3500 698 3562 arsi
746 3497 1007 3582 produci
1054 3515 1241 3559 nemo
1288 3494 1677 3571 monendus,
1726 3516 1851 3560 non
1895 3498 2107 3582 magis
2154 3517 2348 3582 quam
2394 3494 2768 3581 legitimum
2821 3513 2947 3559 esse

574 3604 830 3668 hiatum
877 3605 1024 3665 ante
1070 3619 1416 3664 caesuram.

580 3804 789 3871 3758.
850 3800 923 3874 ὧς
975 3803 1183 3882 φάτο·
1233 3810 1343 3876 τῆς
1394 3802 1447 3866 δ’
1502 3804 1718 3875 ηὕνησε
1769 3805 1990 3878 γόον,
2041 3802 2227 3880 σχέθε
2273 3805 2326 3868 δ’
2373 3802 2511 3868 ὄσσε
2564 3805 2745 3881 γόοιο.

668 3909 839 3974 Mihi
883 3930 1009 3973 non
1056 3911 1148 3972 ita
1193 3914 1564 3992 suspectum
1612 3915 1708 3973 est
1756 3928 1907 3972 cum
1951 3907 2328 3973 Leeuwenio
2381 3916 2444 3973 et
2491 3913 2659 3974 socio
2717 3907 2946 3974 editore

580 4017 744 4092 γόοιο
792 4021 939 4100 post
982 4014 1144 4092 γόον,
1196 4035 1390 4099 quam
1428 4014 1569 4092 γόον
1612 4020 1759 4078 ante
1798 4015 1982 4091 γόοιο.
2031 4011 2560 4080 Praecedentium
2596 4019 2769 4080 enim
2794 4013 2946 4078 ratio

582 4121 839 4197 suadet,
888 4129 962 4184 ut
1008 4121 1335 4206 legamus:

856 4221 928 4296 ὦς
979 4233 1184 4302 φάτο·
1230 4222 1340 4298 ’τῆς
1389 4225 1441 4288 δ’
1491 4226 1710 4300 ηὔνησε
1752 4226 2018 4304 πόθον,
2065 4224 2255 4307 σχέθε
2302 4227 2354 4290 δ’
2403 4227 2543 4291 ὄσσε
2594 4226 2773 4304 γόοιο.

586 4331 835 4416 Sopivit
882 4331 997 4394 dea
1041 4334 1107 4393 in
1156 4331 1470 4416 Penelope
1515 4334 1738 4395 mariti
1785 4332 2193 4397 desiderium.
