3192 5009
93 3785 102 4720 —————-—————<—
93 3765 95 3772 -
93 3733 95 3746 -
93 3701 95 3704 ψ
93 3665 95 3684 -
93 3603 95 3614 -ψ
93 3553 95 3558 -
93 3483 95 3490 -
93 3409 98 3438 v-

1232 299 1567 348 mscnnm.
1659 303 1664 308 ·
2449 275 2580 342 345

246 473 297 532 et
332 466 613 531 Vossiano
662 466 823 542 cod„
874 487 951 531 ex
991 466 1221 552 quibus
1260 487 1455 531 corn:
1511 444 1723 542 „unde
1764 484 2051 529 excreare
2092 462 2366 528 dicimus
2405 483 2584 547 spur-

246 575 395 638 citias
451 571 689 637 eicere”
754 576 900 636 aut:
973 571 1288 648 „dicimus
1345 572 1572 636 domus
1620 591 1668 634 8.
1699 570 1798 634 e.'’
1845 567 2057 634 Facile
2105 575 2203 634 est
2245 569 2366 634 hoc
2409 590 2585 633 mon-

246 687 420 744 strum
458 698 829 764 procurare;
887 677 1055 742 illud
1099 701 1236 741 crea
1280 685 1443 758 (era,
1494 684 1609 742 aut
1654 683 1817 740 creat
1861 674 2079 752 Voss„
2128 682 2290 739 creta
2334 674 2584 761 Ampl.)

247 784 497 869 procudit
558 786 1023 870 grammaticus
1087 803 1163 848 ex
1223 784 1557 848 notissimo
1604 780 1914 847 vocabulo
1961 802 2234 844 excreare
2279 779 2450 846 male
2494 778 2584 843 di-

246 894 394 968 vis03
452 888 642 954 solvit
705 892 879 954 enim
942 911 1237 952 ex—oreare
1298 909 1411 973 pro
1476 910 1811 952 emor-eure.
1875 888 2176 950 Exi-creare
2224 892 2582 966 (exscreare)

245 1018 353 1061 esse
394 998 724 1081 spurcitias
770 997 1007 1072 eicere,
1067 995 1235 1081 quod
1280 994 1595 1081 glossator
1641 998 1951 1069 testatur,
2002 1015 2126 1057 non
2173 1013 2322 1057 sane
2369 993 2586 1056 absur-

244 1101 372 1165 dum
404 1107 524 1178 est;
575 1121 807 1187 nempe
846 1100 1203 1186 significare
1242 1105 1482 1185 potest:
1524 1099 1744 1164 radere
1762 1148 1777 1174 ,
1819 1098 2093 1164 radendo
2132 1117 2407 1184 purgare
2425 1145 2441 1174 ‚
2485 1117 2587 1162 ex-

243 1226 479 1294 purgare
494 1255 509 1284 ,
550 1227 859 1271 everrere.
900 1206 1091 1290 Apud
1128 1205 1460 1270 Tibullum
1500 1203 1547 1268 Ι.
1594 1204 1656 1268 5.
1701 1202 1785 1270 74
1829 1209 2018 1280 „ante
2053 1204 2218 1268 fores
2251 1201 2582 1268 excreare’'

243 1318 321 1375 est
358 1315 687 1396 strepitum
735 1310 939 1376 facere
983 1316 1249 1396 gutture
1297 1309 1571 1376 radendo
1590 1359 1607 1386 ‚
1659 1308 2004 1374 tussiendo.
2062 1308 2255 1393 Apud
2299 1307 2586 1372 Nonium

244 1439 292 1501 p.
334 1415 470 1482 495.
522 1415 642 1481 16:
711 1415 1087 1496 „('l'itinius)
1148 1419 1217 1480 in
1272 1413 1578 1482 Gemina:
1627 1436 1754 1479 non
1801 1419 2082 1480 exsecrat
2127 1417 2184 1478 is
2230 1416 2585 1498 parasitum

244 1543 335 1586 nec
374 1524 581 1586 virum
625 1520 881 1606 aspellit
927 1521 1161 1586 domo’'
1212 1520 1703 1607 Bambergensis
1749 1527 1841 1598 (et
1885 1518 2214 1605 Lugdun.)
2263 1518 2550 1582 execrati-s
2565 1565 2582 1593 ,

244 1627 381 1692 unde
432 1626 855 1692 Buechelerus
920 1648 1087 1704 ιι,,οιι
1147 1647 1269 1711 pus
1324 1633 1589 1688 exscreat
1640 1624 2038 1710 parasitum’'
2103 1626 2197 1701 (in
2242 1625 2586 1707 postremis

244 1736 470 1818 agnovit
508 1747 671 1796 mm
708 1732 1205 1807 substantivum„
1249 1753 1362 1816 pro
1402 1752 1527 1816 quo
1551 1729 2059 1795 Ribbeckianum
2083 1734 2338 1792 vesto-um
2360 1729 2588 1812 probat

244 1837 554 1916 Mollem,
598 1840 902 1902 omittens
940 1838 1133 1900 virum
1172 1858 1306 1902 esse
1347 1841 1415 1901 in
1455 1836 1662 1917 codd.)
1703 1836 1780 1902 cf.
1823 1835 2040 1922 glossa
2078 1832 2212 1899 cod.
2253 1834 2431 1898 Leid.
2477 1832 2584 1899 67.

243 1942 287 2006 E
324 1943 477 2028 apud
520 1940 719 2009 Goetz
771 1941 956 2026 Οοιφ.
1006 1940 1215 2009 Gloss.
1263 1943 1404 2006 Lat.
1457 1940 1543 2006 IV
1590 1941 1790 2026 (Lips.
1847 1940 2047 2021 1889)
2105 1963 2168 2025 p.
2221 1939 2388 2004 338:
2442 1960 2587 2017 „-ex

247 2057 419 2125 creat,
464 2048 763 2134 proicit'',
812 2047 1029 2134 glossa
1076 2047 1216 2112 Vat.
1263 2048 1348 2112 ib.
1401 2046 1487 2112 66
1539 2054 1834 2123 „execrat
1878 2046 2174 2132 proicit'',
2225 2046 2338 2111 ubi
2383 2047 2587 2109 mani-

244 2153 373 2218 festo
418 2153 860 2241 corrigendum
906 2160 1159 2217 excreat.
1218 2152 1310 2217 lb.
1362 2175 1423 2238 p.
1473 2151 1607 2217 219
1657 2152 1832 2217 aliud
1881 2151 2252 2236 exemplum
2297 2149 2584 2236 lepidum

246 2258 499 2323 vocabuli
533 2280 647 2345 pro
687 2261 1163 2345 opportunitate
1202 2257 1369 2322 ficti:
1416 2306 1450 2336 ,‚
1468 2257 1664 2321 Uinici
1701 2256 2064 2342 philosophi
2090 2261 2241 2321 sunt
2264 2276 2302 2319 a
2325 2254 2586 2320 canibus

246 2365 353 2427 vita
387 2363 697 2429 ducentes.
750 2365 932 2428 Oioms
961 2367 1131 2428 canis
1157 2363 1409 2450 grece.’'
1452 2366 1707 2449 (corrig.
1731 2381 1744 2426 :
1772 2362 2050 2439 canibus,
2078 2381 2310 2426 canum
2331 2363 2584 2439 vitam).

1220 2849 1551 2897 APULEIUS.

318 3017 639 3081 APUmfflJS.
702 3015 959 3080 Florida
1017 3013 1113 3078 III
1165 3013 1267 3080 1¹7.
1333 3015 1612 3078 Viderint
1657 3014 1867 3099 quibus
1912 3036 2032 3077 mos
2080 3021 2166 3077 eet
2212 3037 2484 3094 oyyerere
2512 3037 2591 3076 -ce

249 3125 292 3180 et
342 3120 529 3184 otiosis
578 3120 969 3202 praesidibus
988 3169 1003 3196 ,
1065 3126 1134 3182 ut
1181 3119 1563 3200 impatientia
1613 3120 1858 3200 binquae
1905 3118 2454 3182 commendationem
2499 3119 2591 3180 in-

244 3225 379 3301 qenii
451 3233 739 3310 quaerant
817 3234 874 3288 et
946 3226 1233 3309 affectata
1304 3224 1608 3287 amicitiae
1675 3232 1906 3287 vestrae
1975 3224 2171 3306 specie
2229 3223 2587 3304 qlorientur.

259 3325 529 3415 Utrumque
590 3331 719 3394 eius
772 3356 810 3392 a
855 3353 974 3408 me,
1032 3327 1233 3412 Scipio
1290 3331 1510 3412 Orfite,
1558 3331 1730 3410 lonqe
1775 3331 1952 3392 abest.
2019 3328 2156 3407 Quo
2203 3331 2413 3414 magis
2460 3331 2590 3393 otio

248 3436 519 3518 praesides
579 3436 937 3512 abundant,
990 3457 1061 3501 eo
1109 3438 1325 3499 minus
1373 3437 1494 3498 erit
1541 3434 1903 3520 periculum
1949 3455 2026 3496 ne
2074 3439 2350 3498 oratores
2397 3433 2590 3498 verba

251 3537 502 3605 facientes
558 3545 649 3606 eis
710 3543 840 3605 sint
903 3539 1177 3606 molesti.
1234 3538 1575 3625 Scripsisse
1622 3539 1880 3603 ‘videtur
1927 3537 2274 3623 Apuleius:
2323 3539 2592 3602 viderint

252 3644 424 3725 quibu
466 3669 576 3710 moe
620 3653 707 3710 eet
746 3669 1017 3727 oyyerere
1052 3669 1114 3708 se
1153 3652 1209 3709 et
1257 3667 1289 3707 o
1310 3645 1531 3708 dio-si
1582 3664 1747 3708 esse
1779 3643 2170 3726 praesidibus
2208 3649 2324 3708 cet.
2373 3643 2592 3708 Etiam

256 3747 712 3814 Hildebroencbium
772 3751 848 3815 de
909 3750 1035 3815 loci
1095 3752 1469 3836 integritate
1516 3750 1839 3814 dubitasse
1885 3748 2046 3812 effici
2091 3753 2301 3834 potest
2349 3769 2425 3812 ex
2469 3751 2552 3812 iis
2571 3797 2587 3824 ,

258 3873 385 3936 quae
440 3855 719 3921 adnotat:
783 3857 1031 3939 difficile
1093 3863 1180 3918 eet
1236 3857 1310 3918 de
1369 3877 1509 3918 vera
1571 3855 1688 3918 loci
1749 3854 2054 3936 scriptura
2110 3853 2398 3916 iudicium
2446 3876 2591 3935 pro-

245 3959 409 4039 ferre,
452 3983 616 4044 quum
660 3963 807 4046 quid
851 3962 1146 4044 Apuleius
1180 3962 1569 4042 praemiserit
1617 3961 1795 4024 initio
1843 3959 2023 4022 huius
2076 3959 2316 4022 Fam-idi
2336 4007 2350 4034 ‚
2401 3960 2591 4021 statui

259 4071 486 4146 nequeat.

1773 4185 1829 4250 J.
1882 4203 2006 4250 vm
2058 4204 2184 4249 nnn
2229 4183 2451 4249 var.
