3192 5009
494 235 628 304 426
1131 259 1216 306 na·
1260 258 1880 310 mauemvrromus
1925 260 2224 310 nouum.

492 421 803 488 vocabulo
848 422 1114 502 (comitia
1157 424 1384 505 calata)
1428 425 1597 510 quod
1645 446 1770 490 non
1815 427 2032 490 minus
2079 424 2160 492 ad
2202 427 2623 512 magistratus
2672 445 2868 510 quam

491 528 571 594 ad
605 527 935 614 pontifices
972 532 1334 615 pertineret.
1376 529 1543 596 Nam
1580 529 1843 598 Servius
1883 533 2094 596 utitur
2129 531 2250 598 hoc
2283 529 2592 597 vocabulo
2617 551 2770 596 cum
2791 529 2871 595 de

488 641 700 700 senatu
736 655 946 700 sermo
984 637 1071 700 sit
1094 641 1184 721 (p.
1212 635 1343 702 426
1369 636 1509 702 adn.
1536 635 1627 717 2).
1677 635 1764 702 Et
1801 639 1858 702 si
1897 658 2129 702 verum
2167 643 2334 704 esset
2351 685 2368 714 ,
2407 639 2670 702 comitia
2709 657 2873 722 quae

488 743 673 806 iussu
707 739 1023 826 pontificis
1060 748 1555 808 convocarentur
1600 741 1804 807 calata
1843 741 2012 808 dicta
2049 763 2184 808 esse
2223 748 2300 807 ut
2323 743 2874 828 distinguerentur

491 868 542 920 8,
566 849 846 914 comitiis
882 849 1384 934 magistratuum
1402 897 1418 926 ‚
1460 853 1631 914 certe
1670 851 1866 914 etiam
1901 849 2108 916 calata
2153 848 2416 916 dicenda
2461 849 2733 916 fuissent
2777 870 2875 916 co-

488 955 677 1020 mitia
732 954 965 1039 quibus
1024 957 1455 1042 arrogationes
1509 953 1732 1020 fierent
1750 1003 1767 1032 ,
1818 975 1978 1040 quae
2025 954 2411 1042 pontificalia
2455 956 2649 1021 fuisse
2695 957 2875 1022 novi·

489 1081 659 1126 mus.
730 1057 855 1126 Sed
918 1067 1179 1146 apparet
1238 1061 1358 1127 hoc
1419 1061 1666 1126 factum
1727 1081 1852 1126 non
1913 1081 2046 1128 esse
2064 1110 2081 1138 ‚
2129 1081 2278 1126 nam
2327 1064 2664 1148 scriptores
2707 1065 2870 1127 iuris

489 1167 682 1253 periti
699 1214 715 1242 ,
781 1167 893 1251 qui
952 1185 1103 1230 cum
1168 1166 1243 1232 de
1286 1168 1690 1232 testamentis
1733 1165 1954 1232 calatis
2001 1172 2196 1253 agant
2245 1165 2585 1254 diligenter
2628 1167 2873 1232 addunt

490 1291 563 1338 ea
623 1270 789 1336 facta
834 1291 970 1336 8888
1016 1274 1296 1337 comitiis
1343 1271 1563 1338 calatis
1582 1320 1597 1348 ,
1645 1293 1842 1358 aeque
1891 1272 2235 1360 diligenter
2282 1294 2358 1339 eo
2403 1273 2714 1340 vocabulo
2761 1273 2870 1339 ab-

488 1379 729 1442 stinent
794 1397 945 1441 cum
1012 1385 1209 1464 agant
1276 1377 1353 1443 de
1410 1379 1923 1464 arrogationibus
1943 1427 1960 1456 ‚
2025 1400 2302 1464 quarum
2363 1383 2610 1448 mentio
2656 1378 2870 1444 multo

490 1483 765 1548 crebrior
809 1487 907 1548 est
933 1479 1005 1562 ¹).
1056 1482 1279 1568 Itaque
1328 1491 1671 1570 postquam
1716 1485 1872 1550 haec
1915 1489 2251 1570 percensui
2269 1535 2286 1564 ,
2335 1488 2467 1552 iam
2513 1487 2680 1552 mihi
2722 1485 2878 1552 licet

488 1589 670 1654 brevi
713 1608 1028 1673 exponere
1070 1588 1227 1675 quid
1272 1589 1349 1654 de
1396 1593 1676 1656 comitiis
1722 1590 1944 1657 calatis
1989 1594 2284 1660 sentiam.

580 1693 879 1760 Primum
936 1694 1318 1783 indagemus
1376 1716 1536 1761 num
1592 1699 1663 1761 in
1705 1699 1846 1782 ipso
1887 1697 2198 1764 vocabulo
2248 1697 2578 1776 „calatus”
2629 1697 2878 1784 aliquid

491 1801 647 1866 insit
715 1822 839 1886 quo
908 1801 1159 1866 definiri
1226 1804 1427 1887 possit
1488 1811 1740 1868 certum
1800 1825 2005 1890 genus
2069 1807 2502 1872 comitiorum.
2579 1802 2846 1874 Constat
2861 1852 2878 1882 ,

492 1906 695 1970 calare
754 1905 1090 1993 aliquando
1150 1906 1317 1973 nihil
1374 1908 1552 1974 aliud
1596 1909 1795 1975 fuisse
1843 1931 2039 1995 quam
2085 1913 2376 1976 advocare
2399 1909 2489 1991 ³);
2542 1933 2669 1999 quo
2723 1917 2881 1976 tem-

492 2033 645 2100 pore
707 2012 875 2079 illud
931 2013 1319 2080 vocabulum
1378 2017 1448 2079 in
1510 2036 1636 2080 usu
1699 2021 1868 2094 erat,
1919 2037 2048 2082 vox
2095 2017 2328 2082 calam
2373 2037 2533 2103 quae
2579 2018 2878 2084 omnibus

494 2122 773 2186 comitiis
836 2126 987 2208 apta
1030 2127 1200 2198 erat,
1250 2119 1531 2207 aliquam
1581 2123 1662 2187 ob
1709 2142 1970 2188 causam
2017 2126 2308 2208 apposita
2353 2129 2450 2190 est
2497 2126 2610 2188 uni
2654 2127 2882 2209 generi

492 2227 900 2292 comitiorum
921 2276 938 2303 ‚
1000 2232 1065 2292 et
1128 2232 1463 2312 tamquam
1522 2248 1756 2294 nomen
1819 2231 2152 2314 proprium
2213 2231 2283 2292 in
2341 2231 2598 2294 nomine
2643 2229 2880 2294 horum

494 2334 904 2398 comitiorum
962 2337 1292 2399 servatum
1355 2340 1455 2399 est
1472 2383 1488 2412 ‚
1552 2355 1704 2399 cum
1751 2340 2073 2420 praeterea
2120 2355 2157 2401 e
2201 2355 2491 2402 sermone
2540 2334 2668 2400 fere
2713 2337 2881 2400 exci-

494 2439 687 2506 deret.
736 2438 907 2505 Fieri
954 2446 1174 2505 autem
1222 2447 1435 2525 potest
1451 2489 1467 2518 ,
1516 2446 1593 2505 ut
1639 2463 1714 2506 ea
1753 2461 1944 2507 causa
1981 2461 2176 2526 quam
2216 2441 2356 2506 dico
2395 2440 2593 2506 fuerit
2631 2440 2878 2520 eadem,

493 2566 656 2633 quae
714 2548 783 2610 in
844 2545 986 2610 aliis
1048 2567 1299 2632 quoque
1346 2547 1642 2612 formulis
1689 2553 1755 2614 et
1800 2547 2230 2614 locutionibus
2277 2545 2487 2614 valuit
2503 2595 2520 2625 ,
2568 2548 2723 2614 11888
2769 2550 2880 2614 sci-

490 2651 676 2718 licet:
725 2673 874 2717 cum
918 2655 987 2716 in
1029 2672 1233 2738 genus
1278 2651 1535 2738 aliquod
1584 2675 1801 2720 rerum
1839 2660 1953 2718 aut
1990 2654 2330 2720 hominum
2349 2702 2364 2730 ,
2413 2653 2582 2740 quod
2619 2656 2880 2720 nomine

493 2759 770 2846 quodam
815 2759 1207 2845 designatur,
1256 2759 1482 2826 cadant
1527 2758 1690 2826 duae
1736 2763 2154 2847 proprietates
2173 2810 2190 2839 ,
2239 2763 2332 2825 ita
2377 2767 2453 2826 ut
2498 2759 2695 2826 altera
2738 2781 2879 2844 pro-

493 2867 729 2953 prietas
776 2864 855 2930 ad
902 2886 1121 2931 omnes
1168 2886 1268 2931 res
1314 2873 1427 2930 aut
1472 2866 1767 2932 homines
1813 2866 1990 2932 illius
2036 2869 2288 2954 generis
2305 2915 2323 2944 ‚
2365 2865 2566 2932 altera
2601 2885 2752 2930 vero
2793 2865 2874 2930 ad

495 2977 746 3057 partem
806 2973 1117 3037 maiorem
1179 2977 1435 3038 tantum
1489 2975 1844 3057 pertineat,
1895 2973 2014 3039 hae
2063 2973 2223 3038 duae
2270 2975 2506 3058 species
2553 2991 2738 3056 saepe
2780 2973 2880 3034 ita

496 3077 986 3164 distinguuntur
1032 3077 1201 3164 apud
1247 3077 1600 3155 Romanos,
1657 3085 1734 3142 ut
1781 3099 2015 3144 nomen
2055 3077 2233 3144 illius
2273 3078 2677 3165 proprietatis
2716 3097 2880 3163 quae

496 3184 793 3250 omnibus
830 3186 1191 3249 communis
1230 3191 1361 3261 est,
1408 3190 1765 3270 apponatur
1801 3187 1894 3250 eis
1933 3183 2084 3250 solis
2103 3234 2118 3263 ,
2159 3205 2320 3270 quae
2365 3190 2620 3250 careant
2643 3183 2878 3261 altera3

496 3296 641 3354 tum
686 3310 918 3354 nomen
964 3293 1331 3377 appositum
1378 3313 1503 3356 non
1550 3290 1760 3357 solum
1809 3290 2130 3378 significat
2147 3340 2163 3369 ,
2211 3312 2350 3356 rem
2397 3298 2512 3356 aut
2550 3293 2880 3356 hominem

498 3396 575 3462 de
634 3416 760 3481 quo
824 3401 1056 3482 agatur
1114 3396 1345 3462 habere
1408 3395 1591 3462 illam
1657 3400 2112 3482 proprietatem
2161 3400 2284 3462 toti
2326 3400 2550 3484 generi
2595 3417 2881 3462 commu-

496 3523 647 3568 nem
665 3549 681 3578 ,
734 3500 843 3566 sed
884 3504 1180 3586 inprimis
1228 3503 1547 3590 significat
1564 3552 1581 3581 ‚
1631 3525 1776 3568 eam
1815 3525 2026 3570 carere
2066 3503 2284 3570 altera.
2331 3502 2437 3570 Sic
2479 3505 2695 3568 omnia
2733 3501 2886 3568 Sen-

498 3604 645 3674 Olta
703 3606 965 3691 quidem
1026 3608 1191 3672 fiunt
1250 3629 1364 3694 per
1425 3608 1876 3675 discessionem
1891 3657 1908 3686 ,
1975 3609 2084 3675 sed
2146 3629 2297 3674 cum
2358 3607 2486 3674 alia
2546 3608 2700 3674 fiant
2769 3628 2886 3693 per

565 3804 613 3862 1)
663 3803 763 3852 Cei.
816 3803 1139 3866 Las—1083
1192 3805 1307 3871 Ulp.
1357 3806 1455 3856 &2
1488 3809 1537 3855 et
1572 3808 1628 3865 33
1683 3806 1807 3858 Gen.
1860 3807 1905 3856 5.
1932 3806 2006 3856 19.
2029 3806 2191 3855 1-10
2239 3805 2284 3871 (ς
2319 3809 2375 3857 5:
2429 3805 2655 3856 ‚comitis
2687 3804 2886 3856 arbitris

492 3885 793 3950 pontificibus
841 3885 1130 3950 praebentur
1177 3902 1297 3950 quae
1342 3887 1535 3936 erar-iata
1582 3886 1956 3952 appellantur'').
1999 3887 2158 3936 Etiam
2205 3888 2329 3952 apud
2377 3886 2498 3936 alios
2547 3890 2762 3936 auctores
2796 3887 2884 3951 qui

492 3964 659 4014 crebro
710 3971 978 4016 memorant
1024 3967 1219 4016 comitia
1268 3968 1326 4016 dc
1366 3967 1752 4033 arrogationibus
1797 3967 1959 4018 habita
1981 4008 1995 4028 ,
2038 3969 2154 4018 11888
2198 3968 2395 4018 comitia
2431 3983 2692 4034 numquam
2724 3967 2882 4018 calata

493 4046 735 4099 dicuntur.
770 4047 871 4097 Cir.
909 4048 1407 4114 Becker-Marqusrdt
1442 4051 1490 4100 2.
1513 4052 1559 4099 8.
1599 4066 1706 4115 pag.
1745 4051 1868 4101 1922
1909 4050 2016 4100 -die
2049 4050 2342 4114 Arrogatiou
2369 4051 2572 4115 geschah
2601 4049 2714 4099 aber
2741 4049 2884 4100 nicht

494 4126 545 4178 in
580 4128 788 4178 comitiis
818 4127 1032 4180 calatis''.
1072 4156 1138 4167 —
1180 4131 1234 4192 2)
1272 4131 1387 4180 Lab.
1422 4147 1494 4196 ap.
1533 4131 1657 4181 Geli.
1699 4133 1776 4182 15.
1797 4131 1876 4186 27.
1897 4131 1956 4184 ὃς
1997 4131 2211 4182 ‚curiat-
2246 4147 2332 4197 per
2367 4131 2587 4182 lictorem
2621 4131 2882 4182 curiatiutu

493 4207 665 4269 calari,
702 4210 733 4259 i.
752 4226 791 4260 8.
830 4211 1108 4270 convocari,
1143 4213 1411 4262 centuriata
1443 4228 1531 4277 per
1563 4211 1903 4263 cornicinem'’.
1938 4215 2074 4263 Serv.
2110 4213 2228 4263 Aen.
2266 4215 2316 4262 8.
2338 4213 2460 4264 6⁶4:
2502 4223 2586 4264 aut
2619 4213 2686 4263 ibi
2720 4217 2884 4278 patres

495 4291 570 4340 vel
602 4293 807 4358 populus
832 4293 1120 4355 calarentur,
1151 4295 1185 4345 i.
1202 4311 1243 4346 e.
1278 4293 1611 4345 vocamntuff’.
1643 4295 1857 4346 Macrob.
1889 4297 2084 4346 Satura.
2115 4295 2163 4347 1.
2192 4296 2268 4346 15.
2287 4295 2344 4345 9:
2378 4296 2562 4345 oculata
2589 4295 2686 4349 i.0.
2713 4299 2883 4346 vocata

494 4374 545 4426 in
580 4375 872 4444 Capitolium
905 4375 1091 4446 plebe’'.
