3192 5009
538 295 671 362 424
1520 316 1878 366 vrrnuvms.

535 485 931 570 symmetriis
951 533 966 561 ,
1018 491 1168 550 111116
1203 487 1460 572 ingenio
1500 491 1566 551 et
1604 488 1894 550 acumine
1934 506 2095 571 opus
2125 493 2280 562 erat,
2305 489 2381 550 111
2406 483 2483 549 (16
2506 485 2895 572 symmetriis

536 591 948 657 detractiones
993 600 1107 658 aut
1153 593 1527 658 adiectiones
1568 593 1808 658 fierent.
1862 594 1950 657 At
1988 592 2303 678 quomodo
2344 592 2462 657 hae
2484 591 2895 656 detractiones

534 702 602 763 et
669 698 1046 763 adiectiones
1114 699 1334 765 fierent
1399 721 1523 766 non
1593 703 1889 786 exposuit
1958 699 2312 764 Vitruvius,
2385 697 2625 763 Verum
2694 697 2897 762 multo

533 806 796 890 gravius
835 811 932 868 est
967 805 1132 888 quod
1169 825 1570 890 nequaquam
1608 805 1917 870 indicavit
1956 805 2187 890 quibus
2228 806 2624 890 symmetriis
2648 803 2897 870 eaedem

533 910 770 974 theatri
813 917 1022 995 partes
1069 910 1388 976 faciendae
1435 915 1645 976 essent
1687 914 1754 975 in
1802 913 2053 997 magnis
2095 910 2378 987 theatris,
2420 911 2533 975 ubi
2554 910 2901 997 ,architecti

535 1037 658 1081 non
721 1016 1124 1081 discedebant
1169 1017 1246 1081 ab
1295 1019 1714 1102 symmetriis.
1765 1017 2008 1081 Locum
2051 1023 2307 1082 tantum
2354 1036 2574 1082 earum
2623 1019 2901 1102 partium

533 1124 929 1208 symmetriis
947 1171 962 1197 ,
1005 1121 1246 1188 scilicet
1285 1129 1421 1188 rata
1459 1131 1638 1208 parte
1679 1122 1974 1188 diametri
1994 1170 2009 1199 ‚
2051 1122 2447 1208 designavit,
2483 1121 2903 1187 dimensiones

531 1231 701 1314 ipsas
745 1230 1140 1312 symmetriis
1187 1230 1569 1294 constituere
1612 1227 1919 1315 neglexit.
1966 1227 2258 1312 Namque
2276 1278 2292 1306 ,
2341 1249 2465 1293 non
2510 1248 2627 1313 per
2674 1228 2903 1294 diame-

534 1338 676 1399 tron
693 1383 710 1410 ,
773 1339 845 1398 ut
909 1334 1198 1410 decebat,
1265 1333 1368 1399 sed
1439 1355 1552 1419 per
1620 1333 1791 1419 pedis
1850 1355 2216 1399 mensuram
2278 1333 2687 1400 altitudinem
2733 1333 2907 1421 logei

534 1445 600 1505 et
636 1438 957 1526 graduum
995 1439 1420 1505 dimensiones
1463 1440 1917 1506 determinavit
1928 1460 1947 1518 ;
1989 1439 2066 1505 de
2088 1439 2430 1506 latitudine
2454 1441 2903 1516 diazomatum,

533 1565 910 1612 ascensuum
929 1593 946 1622 ,
1015 1547 1323 1609 itinerum
1392 1546 1460 1610 id
1529 1552 1629 1611 est
1697 1546 1969 1632 parodon
1994 1595 2011 1623 ‚
2079 1549 2475 1612 mentionem
2544 1568 2671 1612 non
2736 1534 2909 1612 fecit.

533 1649 793 1715 Accedit
840 1650 1006 1735 quod
1054 1670 1131 1715 ne
1173 1651 1390 1716 locum
1437 1651 1699 1737 quidem
1747 1651 2171 1717 tribunalium
2190 1701 2205 1730 ‚
2256 1673 2415 1738 quae
2461 1659 2784 1739 pertinent
2832 1653 2915 1718 ad

533 1757 856 1821 theatrum
919 1755 1278 1821 Romanum
1298 1806 1313 1834 ‚
1364 1756 1765 1844 designavit,
1812 1778 2205 1843 quamquam
2252 1779 2325 1824 ea
2371 1759 2449 1823 ad
2498 1761 2919 1845 symmetrias

534 1865 879 1927 constituta
923 1882 1057 1926 esse
1105 1865 1258 1927 satis
1305 1883 1383 1928 ex
1430 1865 1816 1950 praegressis
1864 1869 2141 1949 apparet.

623 1967 694 2032 Si
754 1988 902 2032 cum
964 1972 1396 2034 monumentis
1458 1976 1906 2056 comparantur
1966 1969 2435 2056 diagrammata
2497 1969 2576 2034 ad
2626 1969 2921 2034 Vitruvii

541 2076 1062 2160 praescriptiones
1129 2075 1296 2140 facta
1313 2125 1329 2152 ,
1398 2077 1467 2140 in
1538 2077 1641 2140 his
1708 2075 1919 2140 multa
1988 2075 2221 2140 theatri
2290 2076 2577 2140 membra
2647 2075 2920 2140 deficere

535 2179 1126 2247 animadvertimus.
1197 2179 1257 2244 N
1258 2204 1336 2246 on
1399 2184 1572 2247 enim
1632 2188 2071 2246 memorantur
2114 2184 2512 2266 parascaenia
2532 2229 2549 2258 ,
2600 2189 2923 2267 postscae-

533 2290 719 2352 nium
737 2335 752 2363 ‚
825 2285 1070 2351 canales
1089 2336 1104 2363 ,
1175 2295 1398 2372 pontes
1417 2337 1432 2365 ‚
1505 2309 1842 2353 murorum
1907 2286 2181 2352 latitudo
2200 2337 2216 2364 ,
2282 2286 2611 2352 columnae
2676 2287 2923 2372 quibus

543 2393 1046 2480 hyposcaenium
1091 2395 1299 2457 ornari
1345 2391 1588 2458 solebat
1606 2442 1622 2470 ‚
1672 2400 2001 2478 portarum
2053 2394 2499 2458 dimensiones.
2862 2377 2883 2384 ’

625 2497 947 2582 Quidquid
991 2496 1308 2583 plerisque
1355 2499 1621 2565 theatris
1669 2519 2005 2565 commune
2054 2505 2189 2564 erat
2234 2503 2303 2564 in
2352 2505 2536 2564 textu
2582 2519 2921 2565 enumera-

535 2610 662 2682 tur,
727 2604 834 2668 sed
895 2626 1019 2670 non
1084 2606 1210 2669 nisi
1276 2626 1374 2670 res
1437 2608 1709 2670 maiores
1769 2609 1939 2672 inter
2000 2625 2073 2670 ea
2120 2627 2280 2690 quae
2328 2611 2783 2672 enumerantur
2828 2606 2921 2670 ad

535 2713 944 2797 symmetrias
991 2711 1445 2776 determinavit
1493 2711 1847 2777 Vitruvius.
1914 2709 2144 2777 Omnia
2191 2715 2701 2796 praetermittens
2748 2733 2925 2798 quae

535 2817 810 2905 singulis
853 2818 1120 2883 theatris
1167 2821 1422 2903 propria
1479 2823 1691 2897 erant,
1757 2839 2097 2884 numerum
2160 2822 2491 2905 ingentem
2553 2820 2927 2905 descriptio-

535 2946 693 2989 num
763 2923 1049 3010 redigere
1111 2931 1373 2990 conatus
1435 2930 1531 2989 est
1593 2923 1674 2990 ad
1736 2925 1861 2989 duo
1923 2923 2214 3009 exempla
2231 2973 2247 3001 ,
2312 2946 2586 3010 quorum
2632 2924 2925 2989 alterum

535 3037 963 3117 repraesentat
1025 3031 1348 3095 theatrum
1409 3030 1714 3096 Latinum
1733 3080 1749 3107 ,
1800 3030 2075 3095 alterum
2128 3031 2451 3096 theatrum
2500 3027 2925 3097 Graecorum.

537 3138 776 3201 Prioris
847 3135 1082 3200 theatri
1149 3136 1488 3222 descriptio
1558 3135 1742 3202 facile
1804 3135 2159 3221 expeditur.
2229 3135 2371 3202 Hoc
2431 3157 2553 3200 non
2616 3135 2787 3201 valet
2835 3135 2927 3201 de

539 3243 958 3326 descriptione
1004 3241 1239 3306 theatri
1287 3239 1546 3318 Graeci,
1596 3242 1765 3326 quod
1813 3249 2028 3306 textus
2077 3241 2361 3306 diversas
2397 3241 2685 3306 admittit
2720 3243 2929 3306 inter-

539 3349 940 3433 pretationes.
1005 3345 1219 3411 Multa
1264 3368 1301 3412 a
1345 3347 1574 3412 multis
1623 3347 1951 3433 disputata
2000 3352 2150 3411 sunt
2196 3347 2273 3412 de
2321 3348 2439 3412 hoc
2486 3346 2624 3412 loco
2670 3345 2925 3411 difficil-

537 3455 697 3519 limo
716 3502 732 3530 ‚
805 3457 916 3539 qui
985 3455 1362 3518 coniecturis
1429 3475 1578 3519 cum
1640 3463 1825 3518 antea
1887 3459 2029 3518 tum
2090 3453 2207 3518 hac
2270 3459 2477 3518 aetate
2537 3455 2606 3517 in
2656 3459 2921 3518 textum

540 3561 809 3644 receptis
869 3581 994 3624 non
1061 3562 1269 3624 sanior
1330 3560 1439 3624 sed
1502 3560 1893 3645 desperatior
1952 3560 2157 3624 factus
2218 3565 2334 3626 est.
2401 3559 2568 3624 Nam
2618 3565 2831 3623 textus
2880 3581 2927 3624 a

539 3666 822 3730 Iucundo
846 3715 862 3744 ,
909 3665 1344 3730 illustrissimo
1393 3666 1736 3733 architecto
1758 3715 1773 3742 ,
1822 3666 1901 3730 ad
1950 3667 2227 3750 optimos
2267 3664 2509 3730 codices
2548 3684 2712 3729 anno
2740 3662 2911 3728 1511

515 3773 926 3838 constitutus
972 3769 1179 3835 multo
1227 3777 1506 3857 praestat
1545 3774 1605 3836 ei
1647 3792 1838 3856 quem
1880 3771 2109 3836 Rosius
2151 3777 2216 3835 61
2238 3769 2925 3856 Mulier—Striibingius

544 3899 706 3943 anno
774 3875 942 3942 1867
1011 3875 1441 3962 vulgaverunt
1461 3926 1477 3954 ‚
1541 3883 1617 3941 ut
1677 3898 1754 3941 ex
1802 3877 2211 3961 sequentibus
2257 3877 2601 3962 apparebit.
2675 3875 2921 3941 Tamen

541 4006 619 4050 ne
682 3984 894 4049 credas
951 3983 1220 4048 Iucundi
1266 3982 1606 4048 lectionem
1654 3985 1833 4048 vitiis
1881 4004 2109 4048 carere.
2159 3982 2221 4046 Is
2268 3985 2439 4047 enim
2459 4030 2475 4057 ,
2525 4002 2919 4067 quamquam

541 4097 794 4155 textum
839 4089 1028 4176 longe
1075 4091 1599 4175 praestantiorem
1646 4096 1790 4154 ante
1831 4088 2045 4153 oculos
2084 4087 2308 4152 habuit
2348 4109 2541 4173 quam
2579 4090 2705 4152 viri
2744 4087 2921 4152 docti

541 4197 732 4261 huius
797 4195 1034 4260 saeculi
1054 4244 1067 4269 ,
1119 4201 1333 4260 tamen
1381 4195 1870 4280 descriptionem
1920 4193 2181 4279 reliquit
2224 4216 2349 4258 non
2392 4196 2923 4279 praestantiorem

542 4303 634 4367 eis
694 4321 853 4386 quae
915 4301 1032 4366 hoc
1095 4300 1340 4365 saeculo
1402 4302 1602 4365 factae
1668 4305 1819 4364 sunt
1864 4299 1945 4365 ad
1988 4306 2243 4368 textum
2290 4299 2914 4385 depravatissimum.

541 4407 637 4472 Ex
688 4428 811 4492 quo
861 4406 1130 4472 efficitur
1177 4413 1252 4470 ut
1297 4405 1619 4471 Iucundus
1671 4413 1921 4472 textum
1969 4425 2370 4491 nequaquam
2414 4404 2821 4471 intellexerit.
