3192 5009
1198 347 1282 394 nn
1326 346 1477 395 mnu
1522 342 1804 394 sonmo.
2567 320 2692 389 109

407 514 687 602 Tempus
758 515 885 579 fuit
954 512 1112 578 olim
1132 562 1148 591 ‚
1236 534 1435 598 quum
1501 513 1822 579 crederem
1883 510 2156 597 Ulpiano
2217 513 2310 575 ita
2371 509 2696 575 subveniri

314 642 497 708 posse
514 670 531 700 ‚
582 624 639 685 si
684 620 877 685 verba
922 619 993 683 id
1037 626 1123 682 eet
1167 618 1591 683 condictionem
1639 618 2020 683 Triboniano
2071 622 2323 702 accepta
2361 616 2692 681 ferrentur.

316 727 515 814 quue
564 726 705 792 aliis
752 746 1001 812 quoque
1050 724 1335 790 sufficere
1380 727 1595 790 visum
1642 730 1741 790 est
1766 723 1840 805 1).
1893 724 1979 789 At
2029 725 2084 787 si
2131 725 2412 809 recogito
2432 771 2449 800 ,
2499 742 2694 807 quam

315 855 545 921 parum
609 834 837 899 Latine
900 840 1073 897 totus
1134 830 1308 897 locus
1369 834 1762 917 conscriptus
1812 832 1896 895 sit
1916 879 1933 908 ,
1988 827 2187 894 simul
2230 828 2393 893 illud
2442 847 2694 913 quoque

316 962 511 1027 quam
570 944 803 1005 vitiosa
864 945 1001 1003 tota
1062 940 1377 1003 sententia
1437 940 1555 1015 sit,
1620 938 1786 1003 mihi
1847 940 1980 1002 iam
2048 957 2175 1001 non
2241 941 2337 1000 est
2387 934 2692 1010 dubium,

314 1052 453 1129 tota
496 1046 889 1133 paragrapho
935 1043 1315 1109 Triboniano
1366 1044 1680 1110 redhibita
1697 1093 1714 1122 ‚
1781 1045 1871 1108 sic
1917 1042 2182 1109 demum
2229 1040 2581 1127 Ulpianum
2625 1042 2693 1104 in

314 1156 645 1240 integrum
692 1154 947 1219 restitui
994 1171 1196 1236 posse.

1395 1448 1600 1513 XVII.

444 1621 611 1668 APUD
658 1620 985 1668 DLPIANUM
1031 1622 1117 1668 EX
1165 1620 1620 1669 STIPULA'HONE
1666 1620 1794 1667 NON
1840 1618 2027 1668 NASCI
2074 1618 2560 1668 CONDIO‘HONBM.

410 1773 962 1853 Quemadmodum
1021 1772 1097 1837 de
1157 1774 1550 1858 possessione
1613 1770 1788 1835 solus
1850 1770 2096 1835 Paulus
2161 1773 2693 1836 commentarium

317 1879 499 1944 libris
544 1882 846 1956 inseruit,
896 1899 1052 1964 quos
1100 1878 1249 1943 fecit
1286 1877 1365 1943 ad
1403 1876 1742 1953 Edictum,
1784 1880 1877 1941 ita
1918 1876 2092 1941 solus
2131 1875 2442 1962 Ulpianus
2480 1875 2694 1941 Edicti

319 1989 548 2051 seriem
592 1984 1025 2072 interpellavit
1069 1992 1304 2049 inserto
1350 1982 1634 2071 generali
1681 1985 1755 2046 de
1801 1984 2167 2047 condictione
2212 1985 2688 2049 commentario

319 2092 598 2157 Inseruit
656 2098 875 2157 autem
933 2092 1057 2167 ibi,
1120 2092 1234 2156 ubi
1278 2093 1352 2154 de
1398 2092 1567 2153 rebus
1612 2088 1858 2153 creditis
1905 2089 2166 2154 Praetor
2213 2090 2526 2164 edixerat,
2578 2090 2694 2153 ita-

321 2220 443 2284 que
489 2199 677 2264 hodie
722 2202 791 2262 in
837 2198 1173 2263 Pandectis
1220 2204 1427 2262 exstat
1474 2195 1710 2282 triplex
1757 2198 2035 2263 rubrica:
2086 2199 2159 2260 de
2209 2199 2378 2261 rebus
2426 2196 2692 2274 creditis,

319 2304 375 2367 εἰ
423 2312 639 2367 certum·
673 2311 936 2386 petetur,
985 2311 1042 2367 et
1088 2306 1161 2367 de
1208 2303 1574 2367 considetione
1620 2302 1724 2383 (D.
1781 2302 1884 2367 12.
1917 2303 2002 2382 l),
2065 2306 2246 2368 cuius
2295 2306 2504 2390 prima
2549 2323 2694 2388 pars

322 2432 400 2476 ex
457 2410 680 2475 Edicto
743 2414 945 2496 petita
1005 2418 1133 2489 est,
1198 2410 1408 2475 media
1467 2412 1671 2495 petita
1733 2410 2004 2487 videtur,
2056 2412 2246 2474 tertia
2291 2410 2368 2475 ab
2418 2408 2692 2494 Ulpiano

320 2520 643 2602 processit.
692 2518 907 2582 Huius
955 2519 1397 2582 commentarii
1440 2516 1801 2603 fragmenta
1847 2538 2006 2601 quae
2054 2522 2394 2603 supersunt
2433 2515 2697 2603 diligen-

320 2630 419 2688 ter
476 2626 545 2687 in
604 2622 1051 2709 Palingenesia
1096 2625 1413 2709 congessit
1460 2629 1650 2707 atque
1699 2622 2012 2708 disposuit
2058 2621 2288 2699 Lenel,
2341 2623 2696 2707 ductusque

319 2732 807 2814 inscriptionum
868 2728 1271 2815 singularum
1334 2732 1709 2793 auctoritate
1773 2730 1854 2792 i‘ns
1915 2750 2074 2814 quae
2121 2731 2309 2813 petiit
2355 2750 2434 2793 ex
2479 2726 2696 2792 XXVI

322 2834 581 2921 Ulpiani
621 2838 694 2899 de
732 2836 1130 2913 condictione,
1174 2856 1251 2901 ex
1292 2834 1540 2917 XXVII
1586 2842 1807 2899 autem
1856 2836 1930 2898 de
1975 2835 2341 2898 condictione
2389 2836 2694 2898 tritis-arm

323 2944 745 3027 praescripsit.
788 2940 1073 3026 Utraque
1114 2944 1554 3008 commentarii
1596 2961 1740 3026 pars
1772 2941 2058 3028 generali
2083 2941 2355 3027 quadam
2379 2943 2697 3007 introduc-

324 3051 493 3113 tione
532 3052 993 3133 praemunitur,
1036 3068 1308 3133 quarum
1338 3046 1538 3111 altera
1560 3046 1746 3111 hodie
1769 3055 1866 3111 est
1905 3047 1949 3111 l.
1979 3045 2018 3110 9
2046 3069 2140 3131 pr.
2169 3084 2255 3095 -—
2281 3049 2317 3132 ξ
2344 3046 2382 3111 3
2409 3046 2486 3111 D.
2521 3047 2622 3112 12.
2657 3046 2689 3109 1

324 3154 429 3234 (de
490 3156 645 3219 certi
706 3154 1142 3233 condictione),
1207 3153 1405 3217 altera
1464 3151 1507 3216 l.
1565 3152 1596 3216 1
1651 3173 1745 3237 pr.
1794 3151 1873 3217 D.
1930 3152 2032 3217 13.
2061 3152 2102 3217 3
2153 3153 2256 3233 (de
2305 3153 2694 3219 condictione
2741 3178 2746 3183 ·

321 3262 673 3339 triticaria).
725 3260 859 3325 Has
903 3260 1400 3324 introductiones
1445 3258 1772 3344 generales
1811 3252 2132 3345 paulisper
2169 3262 2697 3345 praetermittam,

321 3366 465 3431 ideo
484 3414 501 3443 ,
558 3368 707 3452 quia
726 3414 740 3443 ,
792 3368 846 3430 si
891 3365 1044 3451 quid
1088 3363 1499 3452 interpolavit
1546 3364 1964 3430 Tribonianus
1983 3415 1999 3444 ‚
2049 3368 2398 3431 necessario
2448 3370 2698 3432 evenire

324 3471 579 3549 debuit,
630 3478 702 3537 ut
748 3473 868 3537 hae
915 3473 1266 3537 maximam
1315 3470 1525 3536 labem
1572 3472 2031 3536 contraherent.
2080 3471 2303 3558 Ipsum
2349 3470 2698 3571 Ulpianum

322 3579 417 3643 ibi
472 3581 753 3644 maxime
816 3578 1172 3643 tenebimus
1191 3625 1207 3653 ,
1274 3577 1386 3642 ubi
1432 3575 1726 3663 singulae
1773 3581 2009 3662 species
2028 3626 2042 3655 ,
2095 3599 2172 3643 ex
2219 3578 2450 3664 quibus
2496 3581 2698 3643 oritur

324 3684 671 3761 condictiO,
722 3690 1209 3769 pertractantur.
1260 3682 1650 3747 Ordiendum
1697 3686 1904 3769 igitur
1949 3705 1986 3749 a
2031 3684 2075 3748 1.
2127 3683 2166 3748 9
2216 3685 2316 3769 §4
2359 3684 2434 3748 D.
2485 3684 2694 3749 121:

687 3791 1015 3853 Numeravi
1054 3789 1163 3853 tibi
1202 3792 1393 3853 decem
1434 3796 1490 3852 et
1527 3790 1672 3853 haec
1711 3790 1828 3851 alii
1863 3790 2190 3873 stipulatus
2223 3812 2378 3853 sum:
2414 3791 2588 3853 nulla
2612 3797 2698 3854 est

596 3896 913 3979 stipulatio
931 3924 949 3959 :
997 3921 1076 3960 an
1124 3896 1427 3960 condicere
1473 3898 1665 3959 decem
1703 3898 1843 3980 [per
1879 3896 2040 3960 hanc
2077 3899 2418 3978 actionem]
2446 3896 2696 3978 possim,

597 4002 768 4086 quasi
829 4003 1050 4065 duobus
1096 4002 1489 4065 contractibus
1533 4002 2060 4065 intervenientibus
2078 4050 2094 4079 ‚
2143 4025 2259 4065 uno
2308 4002 2410 4086 qui
2456 4025 2520 4065 re
2549 4004 2700 4089 sac-

599 4114 693 4171 tus
738 4115 824 4172 est
841 4156 857 4185 ‚
905 4107 977 4171 id
1020 4115 1106 4171 est
1150 4107 1555 4171 numeratione
1574 4156 1590 4184 ,
1641 4108 1764 4171 alio
1811 4107 1916 4193 qui
1962 4108 2153 4171 verbis
2202 4109 2297 4191 [id
2344 4112 2468 4191 est]
2513 4108 2698 4172 inuti-

398 4320 450 4385 1)
504 4319 729 4385 Savigny,
775 4321 957 4383 system
994 4319 1035 4366 V
1071 4336 1119 4385 p.
1156 4320 1267 4369 595.
1306 4346 1373 4355 —
1404 4319 1513 4384 Ipse
1547 4319 1706 4370 locum
1739 4319 1807 4369 sio
1840 4322 2022 4379 tuetur,
2059 4324 2113 4371 ut
2149 4320 2275 4370 dicat
2305 4322 2488 4385 placito
2520 4322 2696 4388 signifi·

325 4402 427 4450 cari
470 4401 837 4465 stipulationem.
884 4401 1024 4466 Quod
1070 4402 1174 4449 ideo
1208 4400 1381 4449 falsum
1414 4408 1511 4460 est,
1546 4402 1660 4466 quia
1696 4403 1819 4467 apud
1855 4401 2120 4468 Ulpianum
2156 4418 2212 4452 ex
2246 4403 2558 4469 stipulatione
2591 4421 2700 4457 con·

326 4483 473 4533 dictio
507 4499 603 4533 non
639 4483 864 4543 nascitur,
898 4484 1039 4533 sicuti
1072 4482 1335 4532 videbimus
1368 4483 1583 4549 proximo
1623 4484 1792 4550 capite.
