3192 5009
975 290 1060 339 nn
1104 292 1253 341 1111111
1300 290 1755 343 onmmm.
2427 269 2558 339 247

226 468 477 545 superest
529 466 602 522 ut
660 462 871 545 ipsam
926 462 1359 524 coniecturam
1405 462 1533 523 viri
1582 460 1643 524 d.
1693 459 1912 545 Lange
1959 460 2159 524 etiam
2204 460 2424 544 paucis
2472 478 2566 520 re-

226 564 431 629 fellam.
467 565 763 629 Primum
802 563 1065 631 Clodius
1105 574 1250 641 tum
1288 566 1505 631 solum
1541 568 1857 651 potuisset
1895 586 1932 629 a
1970 560 2270 631 Cicerone
2306 568 2565 648 propter

224 670 365 735 illud
420 678 597 756 caput
655 670 826 755 16318
888 692 1040 737 81186
1088 672 1216 737 dici
1262 672 1673 758 abrogavisse
1715 656 1933 757 legem
1976 670 2230 735 Aeliam
2274 669 2527 733 Fufiam
2546 715 2563 745 ,

227 779 273 840 si
310 776 441 863 1636
478 776 659 842 Aelia
704 778 887 843 Fufia
932 778 1097 841 nihil
1141 778 1320 841 abiud
1361 786 1667 865 rogatum
1715 784 1880 843 esset
1925 799 2120 863 quam
2166 778 2324 854 hoc,
2372 781 2449 839 ut
2487 794 2566 838 ne

228 882 417 955 liceret
468 883 679 971 legem
744 884 895 949 ferri
966 886 1021 949 si
1087 884 1164 949 de
1210 884 1383 949 caelo
1430 890 1760 949 servatum
1805 891 1987 949 esset.
2037 886 2239 969 Atqui
2284 887 2530 947 constat
2548 928 2565 957 ,

228 988 435 1053 multas
493 989 647 1054 alias
710 1012 811 1055 res
858 996 1115 1076 rogatas
1164 1012 1299 1056 esse
1344 990 1489 1078 lege
1534 990 1721 1055 Aelia
1766 990 1981 1068 Fufia3
2030 988 2312 1075 exempli
2357 989 2569 1075 gratia

230 1116 467 1179 provoco
524 1095 603 1160 ad
664 1094 883 1160 locum
948 1094 1160 1160 Schol.
1212 1094 1345 1161 Cic.
1395 1117 1541 1183 pag.
1588 1096 1742 1161 319.
1790 1096 1928 1161 Has
1973 1118 2072 1161 res
2117 1098 2326 1182 igitur
2371 1096 2569 1159 etiam

231 1220 261 1263 a
296 1199 497 1267 Clodio
542 1202 878 1287 abrogatas
923 1222 1058 1267 esse
1105 1201 1385 1267 ostendit
1432 1199 1686 1280 Cicero;
1727 1202 1876 1269 inde
1913 1212 2175 1289 apparet
2215 1202 2572 1286 abrogatio-

232 1328 353 1371 nem
404 1306 559 1395 legis
620 1307 839 1373 Aeliae
884 1308 1103 1373 Fufiae
1150 1330 1277 1374 non
1324 1312 1634 1374 contineri
1680 1312 1886 1395 capite
1933 1310 2050 1375 illo
2095 1310 2264 1397 16318
2310 1306 2570 1376 Clodiae

234 1413 371 1497 quod
432 1415 545 1478 sub
606 1412 677 1479 3⁰
740 1417 931 1502 posui
949 1463 965 1491 ,
1032 1415 1145 1479 sed
1204 1436 1319 1501 per
1382 1436 1447 1480 se
1510 1418 1761 1480 stetisse
1823 1422 1889 1481 et
1934 1416 2143 1481 multo
2191 1414 2568 1501 ampliorem

234 1518 487 1583 effectum
543 1520 841 1586 habuisse
902 1526 967 1585 et
1034 1523 1291 1608 proprio
1340 1524 1547 1607 capite
1594 1527 1892 1608 rogatam
1938 1542 2094 1588 esse.
2145 1520 2271 1587 Sed
2317 1520 2533 1606 Lange
2553 1567 2568 1597 ,

236 1644 331 1687 non
364 1628 593 1690 veritus
630 1626 915 1691 recedere
955 1627 1036 1692 ab
1074 1630 1453 1692 auctoritate
1493 1626 1815 1693 Ciceronis
1833 1677 1848 1706 ,
1891 1630 2196 1704 coniecit,
2236 1648 2310 1692 ea
2334 1628 2569 1701 omnia,

238 1750 365 1813 quae
419 1738 737 1816 praeterea
781 1733 1037 1797 fuerant
1081 1735 1151 1797 in
1195 1733 1340 1819 lege
1388 1733 1570 1799 Aelia
1617 1734 1799 1799 Fufia
1816 1782 1833 1812 ,
1882 1756 2010 1799 non
2056 1755 2190 1799 esse
2239 1733 2491 1799 sublata
2536 1752 2574 1796 a

241 1832 421 1900 Clodio
437 1885 453 1914 ,
524 1838 633 1903 sed
700 1841 956 1926 integra
1022 1841 1333 1904 mansisse
1348 1888 1363 1917 ,
1435 1860 1638 1924 neque
1709 1841 2086 1926 abrogatam
2156 1860 2289 1905 esse
2356 1838 2573 1925 legem

240 1941 447 2007 Aeliam
503 1943 753 2009 Fufiam
771 1994 789 2022 ,
854 1944 963 2010 sed
1024 1948 1085 2011 ei
1150 1966 1285 2011 esse
1344 1945 1729 2032 derogatum
1774 1953 2032 2011 tantum
2046 1968 2062 2025 ;
2114 1948 2383 2011 coniecit
2430 1951 2574 2032 post

242 2067 283 2109 a.
323 2047 395 2111 58
448 2070 683 2137 11183118
731 2068 811 2116 ex
858 2055 1037 2136 parte
1082 2050 1364 2116 valuisse
1410 2050 1626 2137 legem
1646 2101 1662 2130 ,
1715 2072 1912 2138 quam
1957 2050 2176 2119 Cicero
2227 2052 2384 2117 dicit
2429 2056 2574 2114 tum

244 2174 331 2215 nen
380 2156 627 2219 valuisse
643 2204 660 2233 ,
724 2156 979 2220 deletam
1042 2178 1162 2220 eece
1179 2205 1196 2235 ,
1248 2180 1367 2221 non
1413 2158 1698 2245 mansisse
1714 2206 1731 2234 ,
1781 2160 2124 2239 abrogatam
2169 2180 2290 2221 esse
2307 2205 2324 2235 ,
2372 2157 2442 2219 im
2485 2178 2576 2219 re-

238 2259 437 2337 publiea
490 2284 603 2325 non
654 2262 870 2348 fuisse
886 2311 905 2340 ,
953 2263 1413 2345 conflayravisse
1427 2290 1455 2338 ;
1502 2284 1690 2328 nemo
1739 2264 2085 2329 mirabitur
2127 2264 2290 2328 hanc
2337 2264 2576 2327 coniec-

248 2372 417 2431 turam
456 2370 695 2433 auctori
742 2368 996 2433 silentio
1040 2370 1429 2435 reddendam
1466 2390 1599 2435 esse
1637 2372 1820 2435 nobis
1859 2371 2083 2435 videri.
2135 2369 2424 2455 Denique
2463 2371 2574 2454 qui

250 2474 519 2537 examinat
580 2473 753 2540 locos
822 2472 1140 2541 Ciceronis
1206 2497 1399 2561 supra
1460 2476 1810 2562 adscriptos
1873 2483 2050 2563 (pag.
2116 2476 2247 2541 244
2309 2476 2452 2541 adn.
2507 2475 2574 2553 2)

254 2581 425 2643 statim
476 2582 685 2659 videt,
748 2587 941 2667 caput
998 2582 1163 2665 illud
1224 2581 1389 2670 16318
1452 2580 1714 2648 Clodiae
1779 2604 1904 2670 quo
1951 2582 2202 2648 sublata
2248 2588 2345 2648 est
2391 2581 2577 2647 Aelia

254 2679 389 2748 Fufia
439 2707 547 2772 per
606 2708 675 2752 se
736 2694 905 2753 stare
923 2736 940 2765 ,
1006 2693 1071 2752 et
1116 2708 1155 2752 a
1201 2686 1501 2754 Cicerone
1548 2688 1894 2775 diligenter
1939 2690 2285 2774 distingui,
2336 2691 2574 2772 partim

254 2787 371 2869 ipsis
420 2792 773 2869 vocabulis,
838 2796 1079 2879 partim
1140 2794 1357 2858 ordine
1420 2800 1485 2859 et
1544 2792 1686 2859 loco
1733 2814 1858 2879 quo
1905 2794 1982 2859 de
2031 2814 2104 2859 eo
2153 2796 2326 2879 agit,
2376 2793 2455 2857 ab
2502 2812 2576 2856 eo

256 2898 413 2978 eapite
464 2920 583 2984 quo
643 2901 1063 2985 magistratus
1128 2905 1431 2964 vetantur
1493 2898 1672 2985 16368
1731 2900 2042 2985 impedire
2105 2901 2406 2985 auspiciis
2453 2918 2578 2962 non

258 3002 421 3065 minus
460 3026 649 3089 quam
695 3026 734 3068 a
776 3004 1040 3090 reliquis
1085 3005 1333 3070 duobus
1379 2998 1717 3090 capitibus.
1780 3005 2065 3090 Apparet
2109 3006 2316 3091 igitur
2359 3002 2577 3090 legem

260 3100 495 3173 Clodiam
538 3115 685 3175 anni
736 3109 819 3175 58
868 3133 993 3175 11011
1031 3111 1245 3176 80111111
1289 3112 1359 3175 1⁰
1397 3110 1734 3176 sustulisse
1773 3110 1990 3197 legem
2027 3109 2280 3175 Aeliam
2302 3110 2574 3186 Fufiam,

262 3210 337 3273 Sed
371 3224 670 3299 praeterea
714 3220 910 3282 etiam
954 3219 1252 3283 habuisse
1300 3220 1423 3281 tria
1468 3220 1679 3302 capita
1726 3239 1886 3302 quae
1926 3218 2006 3281 ad
2043 3217 2270 3304 16311111
2307 3216 2578 3282 lationes

264 3320 617 3400 pertinerent,
675 3322 745 3387 2⁰
792 3332 869 3387 ut
912 3327 1110 3388 etiam
1157 3323 1379 3388 diebus
1427 3321 1610 3387 fastis
1655 3323 1830 3409 16368
1876 3324 2028 3387 ferri
2074 3323 2330 3399 liceret,
2384 3321 2453 3386 3⁰
2502 3328 2579 3386 ut

267 3418 319 3482 de
354 3424 499 3491 caelo
542 3431 781 3494 servari
827 3450 905 3494 ne
950 3429 1170 3494 liceret
1216 3450 1365 3493 cum
1410 3428 1587 3515 leges
1629 3429 1990 3506 ferrentur,·
2015 3428 2086 3492 4⁰
2130 3434 2205 3493 ut
2244 3427 2578 3494 tolleretur

268 3524 339 3589 ius
372 3532 771 3599 intercedendi
816 3536 1275 3622 rogationibus.
2336 3528 2342 3535 ’

330 3632 437 3700 Lex
476 3660 665 3725 quam
714 3642 831 3706 sub
880 3642 953 3705 2⁰
999 3644 1189 3726 posui
1234 3647 1453 3727 (quam
1498 3662 1626 3706 non
1672 3643 2055 3727 pertinuisse
2101 3641 2182 3705 ad
2229 3644 2580 3707 creationes

272 3744 705 3833 magistratuum
776 3748 1055 3813 ostendit
1126 3745 1259 3813 Cic.
1331 3747 1468 3811 Att.
1535 3746 1596 3810 4.
1629 3745 1690 3810 3.
1719 3746 1780 3823 3,
1853 3747 1966 3811 ubi
2037 3746 2240 3824 Milo,
2315 3750 2578 3812 comitia

273 3842 497 3914 aedilicia
547 3852 1005 3939 impediturus,
1071 3854 1349 3919 traditur
1409 3854 1852 3938 proscripsisse
1897 3874 1964 3917 se
2013 3854 2308 3918 omnibus
2353 3854 2576 3918 diebus

274 3950 594 4021 comitialibus
639 3998 724 4008 —
773 3981 901 4025 non
968 3980 1121 4024 vero
1167 3958 1375 4045 fastis
1422 3998 1506 4007 -—
1557 3958 1634 4023 de
1696 3958 1870 4023 caelo
1919 3980 2054 4024 esse
2101 3965 2573 4039 servaturum),

278 4070 465 4141 Semper
502 4066 710 4150 vig-uit
754 4066 1062 4151 quamdiu
1110 4068 1290 4131 stetit
1333 4065 1535 4130 libera
1579 4064 1941 4150 respublica
1959 4114 1976 4149 ,
2023 4085 2225 4151 neque
2271 4066 2579 4152 abrogata

279 4166 359 4222 est.
394 4162 515 4233 Hoc
552 4173 856 4256 probatur
892 4170 1185 4258 exemplo
1221 4171 1389 4259 16318
1428 4171 1765 4237 cuiusdam
1803 4192 1965 4237 anno
2005 4169 2092 4234 44
2139 4172 2340 4237 factae
2357 4220 2376 4251 ,
2416 4193 2578 4257 quae

280 4257 375 4329 hta
409 4280 489 4336 est
528 4296 579 4340 a.
604 4276 663 4342 d.
712 4276 801 4343 IV
847 4300 993 4344 non.
1043 4278 1294 4357 Iunias,
1342 4280 1455 4365 qui
1500 4278 1636 4345 dies
1681 4279 1882 4343 fastus
1927 4278 2054 4342 fuit
2085 4276 2151 4360 ¹).

332 4418 371 4481 1)
395 4424 480 4473 Cic.
510 4431 607 4477 Διῒ.
642 4430 717 4479 16.
740 4430 805 4479 16
838 4430 891 4479 C.
932 4432 1011 4481 11.
