3192 5009
1252 369 1631 419 nmoomns.
2492 345 2623 413 305

233 534 316 609 δη
367 533 673 610 ἀπογνοὺς
723 535 826 599 καὶ
873 535 944 601 τὸ
991 542 1173 611 σῶμα
1223 543 1348 604 τοῖς
1397 534 1599 612 νόμοις
1646 535 1751 600 καὶ
1801 544 1928 608 τοῖς
1977 534 2265 607 πολίταις
2315 531 2623 612 παραδοὺς

235 641 357 704 οὐκ
402 639 619 704 ἀδικεῖ.

337 746 528 831 Apud
590 745 984 812 Andocidem
1046 746 1329 812 Blassius
1391 769 1504 833 pro
1564 747 1811 812 ἀδικίαν
1874 749 2207 834 proposuit
2254 747 2506 820 ἀδικεῖν,
2551 749 2627 808 ut

230 849 490 938 legitur
531 852 697 916 infra
742 851 888 937 §49
937 860 1109 928 σφῶν
1158 855 1356 918 αὐτῶν
1405 854 1824 931 καταγνόντες
1873 839 2104 918 ἀδικεῖν
2150 859 2215 920 et
2258 856 2327 917 in
2375 851 2628 916 Aeschi-

229 958 348 1020 nis
384 955 541 1021 loco.
585 955 708 1022 Sed
747 957 984 1023 oblitus
1008 967 1104 1024 est
1129 980 1424 1024 summus
1449 963 1550 1024 vir
1571 959 1697 1025 loci
1716 960 1888 1045 apud
1910 959 2239 1025 Demosth.
2265 956 2511 1034 XXXI,
2541 955 2623 1020 12

229 1065 422 1135 δῆλον
472 1065 597 1139 γὰρ
645 1060 736 1128 ὅτι
787 1066 1138 1140 καταγνοὺς
1190 1066 1432 1128 ἀδικίαν
1479 1067 1672 1130 αὐτοῦ
1719 1069 1905 1129 ταῦτ’
1956 1065 2198 1136 ἐποίεις.

338 1169 888 1246 Καταγιγνώσκειν
951 1171 1168 1235 ἑαυτοῦ
1235 1193 1420 1258 saepe
1484 1177 1732 1238 veteres
1779 1172 2000 1238 dicunt
2047 1175 2283 1237 omissa
2329 1190 2397 1234 re
2442 1169 2625 1234 ouius

229 1276 387 1360 quis
447 1275 571 1340 sibi
629 1279 917 1341 conscius
978 1284 1075 1342 est
1121 1283 1187 1342 et
1239 1280 1385 1342 sim.
1438 1277 1621 1344 Dem.
1674 1278 1908 1355 XXIV,
1962 1276 2110 1344 173.
2162 1274 2464 1352 XXXVI,
2513 1272 2621 1339 25.

229 1380 509 1466 Antiph.
561 1389 628 1457 Γ,
652 1382 706 1458 δ,
739 1382 798 1446 1.

333 1487 884 1563 Καταγιγνώσκειν
935 1488 1156 1552 ἑαυτοῦ
1204 1487 1310 1554 vel
1356 1488 1510 1559 τινός
1561 1512 1644 1552 τι.
1692 1490 1846 1554 Ath.
1894 1487 2074 1567 XIII,
2122 1486 2250 1553 595
2276 1487 2309 1551 f
2340 1487 2619 1562 κατέγνω

224 1592 342 1655 διά
390 1595 458 1656 τὸ
509 1593 753 1671 πρᾶγμ’
801 1595 989 1658 αὑτοῦ
1037 1597 1270 1674 φυγήν.
1321 1594 1475 1681 Lyo.
1525 1617 1576 1660 c.
1628 1594 1845 1661 Leoor.
1897 1595 2004 1659 22.
2043 1592 2192 1659 145.
2241 1591 2422 1658 Idem
2470 1590 2617 1677 §56

225 1701 282 1764 εί
339 1703 428 1772 μὴ
479 1702 853 1776 κατεγνώκει
904 1725 974 1764 τε
1022 1701 1212 1765 αὑτοῦ
1263 1700 1693 1777 προδεδωκέναι
1742 1704 1850 1776 τὴν
1894 1702 2163 1779 πατρίδα
2204 1699 2309 1764 καὶ
2352 1696 2615 1776 μεγάλα

229 1804 485 1874 πάντας
537 1807 900 1880 ἠδικηκέναι.
963 1806 1292 1872 Demosth.
1356 1805 1591 1884 XXIV,
1643 1805 1729 1873 87
1780 1809 1964 1879 αὐτὸς
2015 1807 2203 1871 αὑτοῦ
2253 1805 2620 1880 κατήγορος,

227 1915 313 1980 ὥς
365 1912 585 1989 ἀδικεῖ,
635 1913 901 1989 γεγονὼς
951 1913 1326 1989 φανήσεται.
1377 1912 1499 1977 Iso.
1549 1912 1754 1990 XVII,
1804 1911 1883 1979 1¹7
1932 1913 2166 1984 πάντες
2210 1913 2398 1975 αὐτοῦ
2442 1932 2623 1974 κατε-

227 2017 581 2094 γίγνωσκον
653 2017 884 2081 ἀδικεΐν
949 2019 1053 2082 καὶ
1123 2017 1290 2082 δεινά
1354 2027 1565 2082 ποιεῖν.
1632 2017 1868 2096 XVIII,
1924 2018 2007 2083 16
2074 2017 2317 2086 εἱκότως
2379 2013 2454 2078 ἀν
2502 2038 2618 2089 μου

231 2124 780 2201 κατεγιγνώσκετε
832 2123 935 2187 καὶ
985 2125 1118 2200 περὶ
1185 2128 1396 2188 τοῦτοῦ
1461 2121 1922 2200 ἐξαμαρτάνειν.
1990 2124 2138 2202 XX,
2182 2123 2242 2189 6.
2308 2120 2623 2188 Similiter

226 2231 579 2314 usurpavit
614 2228 1071 2294 Demosthenes
1111 2251 1174 2293 v.
1215 2237 1747 2310 καταχειροτονεῒν
1788 2229 1892 2307 LI,
1920 2229 1961 2294 8
1998 2228 2625 2308 καταχειροτονήσαν-

231 2359 342 2404 τες
396 2333 825 2409 προδεδωκέναι
873 2335 988 2405 τας
1038 2339 1186 2405 ναῦς
1234 2335 1339 2399 καὶ
1389 2337 1738 2400 λελοιπέναι
1788 2339 1898 2409 τὴν
1944 2333 2143 2410 τάξιν.

329 2441 426 2506 De
489 2461 551 2505 v.
617 2441 1266 2520 προκαταγιγνώσκειν
1327 2441 1709 2507 disseremus
1770 2441 1850 2507 ad
1910 2442 2138 2508 Aeseh.
2194 2441 2276 2519 II,
2330 2439 2368 2507 ‘7
2435 2439 2621 2517 μηδὲν

235 2547 832 2626 προκατεγνωκότας
882 2551 957 2617 ὥς
1007 2548 1214 2612 ἀδικῶ.

331 2653 409 2717 V.
469 2652 783 2728 ὑπομένειν
828 2659 1176 2739 usurpatur
1223 2655 1357 2719 sive
1396 2652 1686 2719 absolute
1724 2654 1885 2719 And.
1928 2653 1977 2732 I,
2020 2654 2083 2718 4.
2111 2653 2172 2719 9.
2205 2651 2307 2718 19.
2336 2652 2444 2716 21.
2475 2651 2624 2717 121.

234 2763 380 2826 sive
450 2781 599 2824 oum
659 2762 1020 2825 accusativo
1083 2762 1490 2825 coniunctum
1559 2762 1775 2836 ἀγῶνα
1840 2761 2002 2825 And.
2052 2760 2103 2837 Ι,
2155 2760 2217 2823 4.
2279 2764 2390 2833 τὴν
2436 2761 2625 2837 κρίσιν

234 2867 398 2954 Lyc.
447 2887 500 2930 o.
551 2866 767 2930 Leoor.
819 2863 926 2930 90.
959 2863 1108 2931 117.
1159 2866 1384 2931 Aeseh.
1433 2865 1516 2940 ΙΙ,
1567 2865 1629 2931 6.

330 2972 509 3038 Haeo
548 2975 763 3036 omnia
804 2971 882 3036 ad
922 2992 1121 3036 unam
1162 2971 1552 3056 eandemque
1592 2971 1891 3059 regulam
1926 2993 2221 3038 revocare
2254 2993 2379 3037 non
2402 2969 2622 3047 auden,

240 3097 633 3164 quamquam
679 3079 1028 3142 sententiae
1072 3098 1197 3141 non
1242 3098 1465 3142 noceas
1484 3127 1499 3154 ,
1545 3081 1601 3142 si
1640 3079 1717 3144 ab
1756 3078 2098 3144 Andocidjs
2136 3079 2345 3144 verbis
2384 3074 2628 3141 ἀδικίαν

240 3191 308 3249 et
355 3183 433 3249 ab
483 3183 815 3248 Aeschinis
864 3182 1093 3246 ἀδικεῖν
1141 3188 1206 3246 et
1253 3184 1362 3254 την
1409 3183 1600 3260 κρίσιν
1646 3183 1945 3270 expellaS.

335 3288 574 3354 Andoe.
638 3286 689 3365 I,
743 3286 848 3354 17.
915 3289 1018 3352 καὶ
1082 3289 1428 3364 ἠγωνίσατο
1490 3290 1550 3352 έν
1616 3288 2059 3370 ἑξακισχιλίοις
2121 3291 2452 3362 Ἀθηναίων
2520 3287 2625 3353 καὶ

243 3395 573 3472 μετέλαβε
631 3393 931 3458 δικαστῶν
995 3395 1295 3458 τοσούτων
1355 3396 1486 3460 οὐδὲ
1552 3395 1865 3467 διακοσίας
1932 3397 2203 3475 ψήφους.
2254 3395 2631 3482 Legendum

244 3501 350 3564 καὶ
423 3500 780 3577 μετέλαβεν
849 3503 918 3564 ἐκ
981 3501 1279 3565 δικαστῶν
1342 3503 1640 3566 τοσούτων
1705 3509 1781 3568 ut
1842 3523 2065 3567 sensus
2126 3505 2245 3567 sit:
2296 3522 2447 3567 oum
2493 3506 2629 3565 tam

245 3604 441 3671 multi
486 3612 696 3672 essent
740 3605 1004 3671 iudices.

334 3710 388 3790 I,
436 3711 544 3778 81.
610 3709 876 3783 δόξαντα
941 3712 992 3775 δ’
1043 3712 1183 3787 ὑμῖν
1248 3717 1459 3776 ταῦτα
1521 3711 1752 3778 εἵλεσθε
1818 3712 2041 3793 ἀνδρας
2104 3713 2341 3778 εἴκοσιν.
2393 3711 2487 3780 De
2532 3713 2635 3778 his

249 3819 401 3904 qm‘d
450 3815 705 3883 dicam?
750 3823 892 3904 quis
938 3820 1192 3884 monitu
1237 3817 1427 3905 eget?

335 3924 388 4002 I,
439 3923 545 3988 84.
595 3925 734 3994 τοὺς
777 3925 838 3989 δὲ
881 3926 1268 4004 κυρουμένους
1313 3929 1429 3989 τῶν
1471 3926 1663 3998 νόμων
1705 3925 2099 4006 ἀναγράφειν
2138 3927 2221 3996 εἷς
2262 3926 2363 3992 τὸν
2400 3934 2629 4006 τοῖχον,

250 4028 345 4094 ἵνα
394 4055 506 4107 περ
556 4031 835 4107 πρότερον
883 4032 1355 4108 ἀνεγράφησαν.
1406 4029 1741 4116 Suspicor:
1790 4030 1887 4097 ἵνα
1935 4055 2048 4109 περ
2099 4031 2303 4110 (καὶ)
2353 4033 2632 4112 πρότερον

253 4139 721 4216 ἀνεγράφησαν.

339 4242 389 4321 I,
446 4241 594 4308 120.
644 4241 750 4306 καὶ
802 4239 866 4317 ἧς
915 4242 1029 4319 μὲν
1080 4243 1202 4320 ἐγὼ
1249 4243 1737 4322 ἐπεδικασάμην,
1790 4246 1823 4318 ἡ
1872 4251 2021 4316 παῖς
2066 4245 2233 4326 τύχη
2270 4245 2633 4324 χρησαμένη

256 4353 541 4424 καμοῦσα
581 4348 903 4413 ἀπέθανεν.
945 4347 1219 4414 Moles‘te
1259 4350 1586 4416 abundans
1628 4353 1661 4426 ἡ
1704 4358 1855 4421 παῖς
1881 4351 2266 4416 mutandum
2304 4355 2374 4417 in
2412 4349 2631 4425 ἄπαις.

259 4451 351 4520 Of.
400 4453 555 4520 Isae.
605 4454 785 4533 XIX,
834 4454 876 4521 8
923 4451 1066 4518 ὥστ’
1115 4455 1532 4529 ἀποθανούσης
1587 4457 1815 4531 ἐκείνης
1864 4457 2147 4530 ἄπαιδος.
2205 4457 2305 4522 Ad
2352 4459 2634 4525 omissio-
