3192 5009
1233 348 1753 399 memmius.
2077 414 2081 416 ³
2550 325 2681 398 327

296 515 521 586 ἕκατον
558 516 803 598 παριών,
845 515 955 582 sed
995 515 1341 595 περιιών.
1393 514 1639 582 Eodem
1662 513 1854 580 modo
1878 517 2151 581 victores
2177 517 2683 594 περιαγεΙρονται,

295 645 430 689 non
492 621 972 704 παραγείρονται
997 668 1015 699 ,
1081 620 1159 688 de
1204 641 1330 707 quo
1376 642 1555 687 more
1604 627 1701 686 est
1745 621 2042 708 perdocta
2088 619 2319 686 Boethi
2365 621 2689 688 adnotatio

297 729 476 816 apud
521 730 854 795 Photium.

395 835 558 900 Ibid.
623 835 727 900 καὶ
777 833 1005 899 τούτων
1053 832 1130 899 ἂν
1177 828 1330 897 εἶναι
1382 830 1570 909 δόξειε
1623 840 1740 897 τῶν
1786 835 2225 913 περιιςαμένων
2275 835 2410 905 τοὺς
2460 833 2684 916 ὄχλους

295 943 408 1005 καὶ
472 941 1195 1018 προσκαλούντων,
1259 941 1520 1023 μεγάλῃ
1585 950 1659 1021 τῇ
1722 948 1894 1020 φωνῇ
1948 942 2051 1006 καὶ
2103 943 2527 1024 παρερρωγυία
2572 957 2691 1006 λοι-

295 1050 662 1128 δορουμένων
734 1049 836 1111 καὶ
906 1046 1526 1124 διαλεγομένων
1587 1048 1732 1124 πρὸς
1796 1048 2043 1118 αὐτούς.
2118 1046 2265 1114 Non
2318 1055 2685 1125 προσκαλεῖν

293 1155 416 1222 sed
460 1179 552 1233 πρ
570 1180 596 1220 ο
614 1179 651 1218 σ
669 1170 708 1218 λ
727 1169 872 1219 αλε
893 1161 962 1218 ῒν
1010 1154 1130 1218 hoc
1175 1151 1651 1238 Theophrastus
1693 1159 1870 1219 amat
1906 1151 2223 1240 appellare
2241 1201 2259 1231 ,
2299 1152 2507 1219 veluti
2545 1173 2683 1239 cap.

297 1257 346 1328 '7
399 1268 770 1339 προσλαλεῖν
821 1267 942 1332 τοῖς
991 1259 1458 1340 παιδοτρίβαις,
1511 1279 1646 1345 cap.
1700 1259 1780 1323 11
1834 1263 1915 1340 τῷ
1965 1263 2267 1324 πωλοῦντι
2316 1263 2381 1326 et
2418 1280 2552 1347 cap.
2602 1257 2683 1324 19

293 1374 662 1445 προσλαλῶν
725 1366 1104 1443 ἀπορραίνειν
1167 1366 1292 1431 ἀπὸ
1355 1361 1653 1440 ςόματος.
1727 1363 1859 1431 Nec
1906 1368 2118 1452 magis
2162 1365 2359 1451 probo
2405 1367 2686 1442 διαλεγο-

293 1475 517 1552 μένων,
577 1473 692 1538 ubi
753 1476 1048 1558 exspecto
1123 1472 1556 1546 διατεινομ
1582 1471 1799 1548 ἔνων,
1874 1470 2417 1556 quemadmodum
2478 1493 2531 1538 c.
2603 1469 2685 1536 10

295 1579 452 1657 πρὸς
501 1581 639 1650 τοὺς
689 1588 960 1658 γραφεῖς
1011 1578 1453 1654 διατείνεσθαι,
1502 1579 1603 1642 uti
1649 1583 1715 1642 et
1758 1596 1893 1663 cap.
1944 1575 2052 1655 29,
2102 1577 2181 1642 ad
2225 1597 2419 1663 quem
2463 1575 2683 1643 locum

295 1687 543 1753 Ussinx
591 1707 652 1773 p.
706 1684 834 1751 102
881 1685 958 1751 de
1006 1685 1200 1750 huius
1246 1684 1427 1750 verbi
1471 1703 1594 1748 usu
1640 1683 1951 1769 quaedam
1997 1683 2348 1749 adnotavit.

397 1791 555 1858 Ibid.
619 1793 720 1856 καὶ
785 1789 1031 1868 μεταξὺ
1080 1792 1131 1856 02
1181 1790 1294 1866 μὶν
1339 1792 1679 1868 προσίασιν,
1729 1791 1780 1855 οἱ
1830 1789 1893 1854 δὲ
1939 1793 2198 1855 ἀπίασιν
2245 1791 2378 1867 πρὶν
2425 1795 2684 1856 οἰκοῦσαι

303 1900 526 1976 αὐτοῦ,
596 1898 771 1964 α’λλὰ
835 1905 960 1968 τοῖς
1024 1898 1139 1974 μὲν
1199 1901 1309 1970 τὴν
1371 1898 1591 1978 αρχῆν,
1642 1905 1765 1968 τοῖς
1816 1896 1878 1961 δὲ
1924 1896 2363 1973 συλλαβὴν
2380 1945 2397 1974 ,
2448 1906 2572 1968 τοῖς
2622 1898 2685 1961 δὲ

295 2005 404 2082 μέ
423 2027 500 2082 ρο
521 2030 548 2075 ς
615 2009 721 2068 τοῦ
770 2004 1147 2083 πράγματος
1195 2004 1390 2080 λέγει.
1441 2002 1616 2083 Quae
1661 2008 1759 2068 est
1800 2005 1925 2068 ista
1970 2004 2271 2068 orationis
2317 1999 2686 2068 scabritias?

298 2109 491 2190 Quod
551 2131 768 2176 rerum
827 2117 1055 2176 natura
1114 2109 1365 2197 flagitat
1382 2158 1399 2188 ,
1465 2110 1578 2176 alii
1635 2108 1941 2174 ridiculae
2003 2110 2305 2174 orationis
2350 2109 2685 2174 exordium

309 2217 703 2282 audiverunt
718 2263 735 2293 ,
797 2214 909 2280 alii
955 2215 1266 2301 quaedam
1313 2237 1392 2282 ex
1437 2214 1701 2302 reliquis
1721 2263 1737 2293 ‚
1788 2214 1901 2280 alii
1947 2214 2111 2280 nihil
2157 2222 2404 2300 praeter
2450 2215 2682 2293 finem;

304 2343 501 2388 nemo
561 2323 856 2388 omnibus
917 2322 995 2388 ab
1055 2324 1241 2388 initio
1302 2342 1503 2408 usque
1567 2322 1646 2386 ad
1706 2321 1899 2387 finem
1960 2320 2173 2398 affuit,
2224 2320 2334 2386 sed
2378 2321 2488 2387 alii
2534 2319 2679 2386 aliis

299 2427 700 2496 auditoribus
760 2426 1050 2515 deinceps
1111 2433 1578 2505 successerunt,
1648 2432 1713 2493 et
1772 2448 1959 2493 nemo
2007 2426 2357 2513 quidquam
2404 2428 2689 2512 percepit

300 2536 433 2600 nisi
494 2532 949 2620 particulatim.
1012 2532 1237 2619 Itaque
1296 2536 1645 2619 scripturae
1707 2535 1947 2599 vitium
2002 2535 2073 2598 in
2117 2534 2328 2618 aprico
2374 2538 2472 2599 est
2517 2531 2686 2618 quod

300 2640 542 2704 frustra
591 2637 866 2706 Coraeus
915 2640 1214 2727 obtegere
1260 2645 1524 2704 conatus
1568 2645 1697 2704 est:
1772 2638 2009 2703 σενα-σι’
2055 2639 2221 2702 n’ont
2271 2639 2527 2702 emenda
2571 2660 2684 2723 que

305 2745 368 2810 le
419 2742 594 2809 de'but
638 2747 713 2809 de
757 2766 863 2809 son
908 2745 1175 2810 diacoma
1189 2773 1218 2820 ;
1265 2743 1516 2810 ceux-la
1560 2745 1797 2829 qu'une
1843 2745 2047 2830 partie
2096 2765 2171 2808 ou
2216 2743 2490 2828 quelques
2536 2751 2682 2808 moto

299 2851 642 2916 seulement.
715 2848 980 2915 Utinam
1038 2851 1209 2936 apud
1271 2848 1785 2935 Theophrastum
1847 2857 1981 2914 tam
2042 2857 2213 2914 certa
2272 2855 2339 2914 et
2402 2847 2683 2914 evidenti

301 2960 551 3023 ratione
613 2959 828 3022 omnia
887 2961 1144 3042 possent
1200 2957 1470 3042 corrig-i:
1517 2954 1696 3042 lege:
1745 2956 1923 3020 ἀλλὰ
1969 2963 2095 3024 τοῖς
2144 2955 2255 3027 μὲν
2304 2956 2414 3026 τὴν
2460 2957 2679 3033 ἀρχὸν,

307 3071 433 3133 τοῖς
481 3064 541 3127 δὲ
589 3065 995 3140 συναφὴν,
1046 3070 1170 3133 τοῖς
1218 3061 1281 3126 δὲ
1329 3063 1566 3132 τέλος
1608 3066 1713 3124 τοῦ
1755 3065 2135 3140 πράγματος
2176 3059 2373 3134 λέγει.
2420 3058 2685 3125 Invenio

305 3168 377 3234 id
445 3166 612 3255 quod
680 3175 776 3234 est
838 3169 1083 3248 συναφὴ
1145 3170 1214 3232 in
1274 3165 1420 3232 aliis
1482 3166 1778 3252 operibus
1841 3165 2273 3251 Theophrasto
2320 3165 2682 3251 frequenter

307 3279 693 3360 usurpatum
737 3272 953 3338 fuisse.

403 3376 552 3466 Cap.
607 3376 667 3445 7.
718 3382 975 3450 λαλιᾶς.

402 3488 505 3550 καὶ
586 3484 830 3562 μεταξὺ
916 3484 982 3549 δὲ
1068 3485 1669 3564 ἀποκρινομένῳ
1756 3484 2171 3562 ὑποβάλλειν·
2241 3487 2335 3551 ita
2405 3484 2677 3564 Ussinx,

306 3611 458 3656 cum
520 3593 589 3654 in
646 3587 802 3656 God.
865 3591 1153 3656 Parisino
1221 3588 1392 3656 1983
1460 3589 1717 3677 legatur
1784 3589 2237 3671 ἁποκριναμένῳ
2302 3590 2673 3666 ἐπιβάλλειν

309 3702 376 3762 et
437 3693 589 3764 Cod.
639 3693 815 3762 2977
877 3697 1355 3774 ἀποκρινάμενος
1429 3696 1821 3774 ἐπιβάλλειν.
1892 3696 2211 3782 Equidem
2278 3695 2347 3760 id
2412 3697 2683 3762 arbitror

308 3808 624 3889 praestare
708 3802 877 3888 quod
940 3801 1095 3869 olim
1163 3803 1498 3870 edebatur:
1571 3801 1819 3882 μεταξὺ
1892 3805 1955 3868 δὲ
2039 3803 2682 3880 ἀποκρινομένου

311 3908 718 3985 ὑποβάλλειν.

400 4013 560 4080 Ibid.
626 4017 715 4092 μὴ
777 4014 1126 4095 ἒπιλάθψ
1187 4011 1215 4079 ὃ
1262 4013 1519 4090 μέλλεις
1568 4014 1801 4092 λέγειν.
1849 4013 2019 4079 Fieri
2062 4019 2277 4100 potest
2322 4021 2401 4080 ut
2442 4013 2683 4080 nodum

307 4123 378 4186 in
437 4122 642 4205 scripo
701 4122 1160 4206 quaesiverim;
1227 4121 1338 4185 sed
1399 4120 1566 4185 mihi
1627 4120 1888 4206 quidem
1948 4118 2148 4186 illud:
2212 4119 2345 4186 noli
2392 4118 2686 4185 oblivisci

309 4226 480 4314 quod
540 4226 830 4292 dicturus
889 4247 956 4292 es
973 4275 990 4305 ,
1053 4227 1363 4292 absonum
1423 4226 1681 4292 videtur
1740 4231 1807 4292 et
1867 4231 2119 4313 praeter
2178 4228 2274 4292 rei
2319 4227 2681 4292 veritatem.

308 4331 381 4399 Si
425 4335 557 4398 mei
601 4333 849 4398 arbitrii
897 4334 1096 4411 foret,
1144 4333 1520 4400 scriberem:
1570 4335 1660 4411 μὴ
1711 4333 1993 4415 έπιτέμη.

400 4438 560 4503 Ibid.
620 4440 1184 4520 προσδιηγήσασόαι
1252 4440 1312 4505 δὲ
1363 4440 1470 4504 καὶ
1521 4441 1631 4515 τὴν
1678 4440 1781 4504 ἐπ’
1830 4435 2272 4520 ’Λριςοφῶντός
2322 4459 2473 4504 ποτε
2517 4460 2685 4515 γενο-
