3192 5009
630 282 758 349 196
1529 304 1732 355 smus
1779 304 2091 354 Immone.

620 488 756 531 esse
802 468 1075 546 vibrant,
1123 471 1393 535 verbum
1441 473 1509 534 in
1555 471 1672 537 tali
1721 494 1786 537 re
1833 474 2372 548 usitatissimum,
2420 476 2498 535 ut
2545 492 2622 536 ex
2662 470 3000 556 permultis
3118 476 3119 557 ξ

616 571 772 637 locis
836 580 1118 658 apparet.
1181 575 1254 640 L.
1303 575 1589 642 Bauerus
1609 626 1626 657 ,
1693 599 1818 663 quo
1881 577 2222 664 vulgatam
2279 584 2558 655 tueatur,
2617 577 2844 643 laudat
2891 577 3000 642 Sil.

616 678 698 743 H.
750 678 916 745 518:
990 702 1167 746 arma
1228 682 1439 747 volunt
1500 690 1873 769 tentantque
1937 704 2164 770 aegros
2229 684 2308 749 ad
2369 683 2610 768 proelia
2674 686 2895 761 nisus,
2943 694 3002 747 et
3118 658 3119 705 1

615 784 808 872 Verg.
857 787 1013 852 Aen.
1068 785 1204 852 VH.
1259 788 1411 855 340.
1476 788 1602 854 Sed
1664 789 2082 855 nihilominus
2133 792 2204 854 in
2249 811 2393 855 mea
2440 794 2756 856 sententia
2805 811 3004 875 perse-

613 912 764 957 vero
813 892 1151 978 vulgatam
1194 892 1536 960 lectionem
1581 902 1948 982 corruptam
1994 918 2149 961 esse.
2199 896 2351 961 Loci
2399 898 2574 961 enim
2613 918 2649 961 a
2687 900 2832 961 viro
2871 896 3000 960 doc—

612 999 863 1063 tissimo
924 1002 1106 1064 citati
1168 999 1363 1065 aliam
1425 1023 1561 1066 rem
1624 1005 1980 1088 exprimere
2041 1003 2206 1067 mihi
2261 1003 2581 1079 videntur,
2631 1002 2832 1067 ah‘am
2879 1002 2996 1066 hic.
3118 1014 3119 1049 1

611 1102 751 1169 Illic
812 1107 984 1170 enim
1047 1105 1491 1171 describuntur
1550 1108 1792 1173 milites
1853 1111 2138 1193 impetus
2203 1115 2393 1195 atque
2452 1130 2710 1193 pugnae
2761 1108 2997 1173 ardoris

481 1280 495 1299 ι
610 1209 819 1295 pleni,
883 1211 1050 1276 nihil
1114 1215 1325 1297 magis
1388 1216 1715 1299 cupientes
1764 1236 1958 1300 quam
2006 1236 2184 1279 arma
2231 1235 2452 1299 capere
2503 1216 2848 1301 hostesque
2895 1234 2996 1299 ag-

610 1317 828 1402 gredi,
898 1317 1001 1382 hic
1073 1339 1223 1383 vero
1287 1319 1450 1384 nihil
1511 1320 1828 1385 eiusmodi
1891 1327 2203 1398 narratur,
2269 1320 2380 1386 sed
2437 1319 2659 1385 Scauri
2705 1320 2994 1385 militum

608 1430 788 1490 'arma
839 1424 1294 1512 depinguntur.
1360 1423 1533 1504 Quae
1581 1448 1733 1491 cum
1777 1430 1870 1491 ita
1919 1428 2047 1491 sint
2065 1475 2080 1503 ,
2130 1446 2507 1511 persuasum
2555 1428 2717 1491 mihi
2770 1434 2869 1491 est
2911 1424 2995 1489 Si-

608 1530 776 1594 lium
842 1530 1050 1593 vobunt
1108 1551 1232 1594 non
1298 1534 1621 1617 scripsisse
1644 1580 1659 1610 ,
1711 1532 1820 1597 sed
1869 1537 1933 1598 et
1979 1533 2258 1617 priorem
2305 1533 2738 1596 coniecturam
2788 1552 2994 1596 meam

606 1636 797 1700 hodie
860 1638 1070 1700 reicio.
1136 1635 1476 1721 Scripsisse
1522 1637 1784 1702 videtur
1830 1646 2018 1724 poeta
2064 1645 2299 1715 rotant,
2347 1639 2619 1703 verbum
2665 1638 2842 1702 haud
2885 1639 2994 1701 mi—

609 1764 729 1806 nus
794 1747 1019 1826 aptum
1075 1763 1270 1826 quam
1318 1742 1555 1805 vibrant
1604 1749 1670 1808 et
1716 1744 1886 1829 quod
1933 1747 2150 1808 minus
2199 1764 2236 1808 a
2281 1743 2618 1809 literarum
2664 1744 2866 1809 ductu
2910 1763 2994 1805 re-

609 1848 795 1915 cedit.
848 1847 943 1914 Of.
995 1847 1110 1913 Sil.
1160 1848 1243 1913 H.
1294 1848 1463 1913 242:
1514 1856 1785 1935 rotatque
1831 1872 2165 1916 coruscum
2229 1872 2637 1929 mucronem;
2683 1850 2804 1914 HI.
2833 1846 2986 1925 527;

607 1954 713 2018 IV.
762 1951 929 2019 207:
974 1958 1142 2018 rotat
1182 1976 1433 2033 ensem;
1477 1956 1650 2020 XIV.
1695 1956 1816 2036 633
1861 1956 2032 2023 XVI.
2077 1956 2196 2035 59;
2248 1956 2439 2043 Verg.
2480 1958 2638 2022 Aen.
2681 1956 2803 2021 IX.
2832 1955 2987 2030 4413

609 2060 770 2127 Stat.
821 2060 1018 2127 Theb.
1068 2060 1183 2125 IX.
1241 2060 1389 2126 198.

696 2242 864 2308 420:
959 2243 1146 2308 Ibant
1192 2248 1259 2307 et
1306 2243 1454 2306 laeti
1500 2264 1645 2329 pars
1694 2243 1976 2310 Sancum
2023 2267 2158 2309 voce
2206 2246 2531 2310 canebant.

618 2350 766 2413 Voce
812 2372 1021 2413 canere
1068 2349 1404 2414 absurdius
1454 2350 1700 2416 dictum
1747 2351 2004 2416 videtur
2021 2372 2037 2429 ;
2094 2373 2188 2416 vs.
2232 2350 2364 2416 419
2419 2357 2636 2417 contra
2683 2374 2788 2415 ore
2813 2352 2988 2437 ferre

607 2458 849 2541 optime
920 2477 985 2520 se
1054 2455 1279 2533 habet,
1316 2540 1323 2545 ·
1354 2476 1505 2520 cum
1557 2457 1746 2542 ferre
1801 2460 2017 2541 ipsum
2079 2478 2193 2541 per
2255 2480 2320 2522 se
2384 2458 2634 2522 dicendi
2683 2460 2827 2521 vim
2869 2476 2983 2519 non

605 2562 854 2626 habeat.
918 2560 1271 2647 Rupertius
1329 2561 1551 2626 laudat
1614 2562 1804 2648 Verg.
1866 2564 2023 2627 Aen.
2073 2562 2432 2645 V11.‚698:
2497 2562 2684 2627 Ibant
2729 2562 2976 2648 aequati

602 2688 870 2732 numero
933 2687 1282 2752 regemque
1345 2654 1694 2733 canebant.'
1737 2669 1856 2734 Vix
1928 2669 2186 2746 dubito,
2252 2672 2408 2754 quin
2466 2690 2620 2734 vera
2670 2672 2976 2754 scriptura

601 2776 685 2839 sit
733 2774 896 2837 laeta
947 2811 1032 2821 —
1082 2795 1234 2837 voce.
1287 2771 1384 2840 Of.
1436 2773 1628 2860 Verg.
1670 2775 1825 2839 Aen.
1877 2774 1991 2839 III.
2037 2774 2202 2854 324;
2258 2775 2441 2840 Ovid.
2469 2774 2630 2839 Met.
2674 2774 2794 2839 IX.
2823 2769 2976 2847 2423

602 2879 743 2945 XV.
796 2876 964 2956 ¹731;
1010 2878 1151 2943 Val.
1200 2878 1297 2943 Fl.
1348 2878 1463 2943 111.
1515 2879 1649 2944 464
1667 2902 1684 2959 ;
1737 2881 1889 2947 Luc.
1940 2880 2080 2945 VII.
2137 2881 2239 2945 11.

694 3047 859 3112 440:
958 3084 1594 3096 ——————
1645 3069 1837 3133 quem
1887 3051 2167 3113 carmine
2219 3046 2400 3115 Circe

962 3153 1256 3218 Exutum
1284 3155 1537 3239 formae
1587 3154 1853 3219 volitare
1900 3176 2012 3241 per
2059 3155 2316 3220 aethera
2359 3157 2573 3219 iussit.

598 3260 837 3324 Est-utus
886 3260 1142 3344 formae
1204 3281 1364 3324 num
1426 3266 1594 3325 recte
1660 3261 1926 3338 dicatur,
1994 3261 2239 3326 dubito.
2307 3260 2685 3348 Legendum
2731 3261 2978 3327 videtur

581 3368 821 3452 forma.
880 3362 977 3431 Of.
1029 3364 1219 3451 Verg.
1271 3367 1428 3431 Aen.
1478 3366 1561 3430 H.
1617 3365 1745 3432 153
1764 3389 1781 3445 3
1831 3367 1938 3432 IV.
1991 3367 2121 3432 518
2140 3388 2156 3446 3
2208 3367 2381 3434 VIII.
2429 3364 2595 3446 5673
2649 3368 2767 3432 XI.
2821 3362 2973 3437 395;

598 3471 761 3537 Stat.
812 3470 973 3536 Silv.
1024 3470 1107 3535 II.
1161 3471 1220 3536 5.
1276 3472 1398 3551 22;
1455 3473 1514 3537 6.
1546 3472 1668 3551 60;
1720 3473 1918 3539 Theb.
1970 3474 2077 3539 IV.
2131 3473 2237 3540 98.

689 3654 859 3719 443:
964 3654 1133 3719 Ante
1152 3702 1168 3732 ,
1216 3660 1293 3719 ut
1337 3655 1509 3719 fama
1554 3655 1770 3733 docet,
1819 3655 2012 3721 tellus
2057 3678 2345 3743 possessa
2389 3656 2714 3744 Pelasgis,

960 3760 1116 3840 Quis
1162 3761 1345 3825 Aesis
1395 3768 1698 3848 regnator
1745 3769 1881 3828 erat
1929 3762 2254 3849 fluvioque
2301 3764 2562 3848 reliquit

958 3866 1209 3931 Nomen
1256 3872 1323 3932 et
1368 3889 1405 3932 a
1454 3890 1586 3933 sese
1636 3868 1907 3956 populos
1956 3876 2080 3932 tum
2128 3870 2292 3934 dixit
2338 3870 2556 3933 Asilos.

602 3974 743 4037 Tum
802 3972 1111 4059 languere
1166 3974 1331 4037 mihi
1378 3974 1653 4039 videtur.
1705 3974 1882 4039 Num
1929 3997 2002 4041 eo
2051 3979 2189 4059 ipso
2236 3980 2556 4059 tempore,
2609 3994 2738 4058 quo
2787 3972 2966 4038 fluvio

592 4100 824 4143 nomen
886 4077 1186 4164 reliquit,
1250 4079 1507 4166 populis
1568 4102 1799 4147 nomen
1864 4078 2079 4147 dedit?
2149 4080 2442 4144 Fortasse
2506 4078 2966 4145 rescribendum

592 4191 688 4250 est
733 4185 886 4265 iam,
941 4185 1110 4270 quod
1153 4186 1425 4250 verbum
1475 4189 1565 4250 sic
1615 4191 1866 4273 saepius
1914 4188 2194 4272 ponitur.
2247 4187 2585 4251 Praeterea
2625 4206 2740 4272 pro
2780 4183 2965 4249 Asilos

588 4312 739 4356 cum
809 4290 881 4355 L.
933 4290 1177 4355 Bauero
1197 4338 1213 4368 ‚
1288 4294 1401 4375 qui
1466 4312 1579 4376 per
1642 4292 1859 4357 literas
1922 4294 2083 4359 hanc
2147 4292 2658 4378 emendationem
2723 4308 2963 4357 mecum

586 4398 1089 4463 communicavit
1112 4444 1129 4471 ,
1178 4394 1527 4480 legendum
1577 4418 1712 4462 esse
1760 4419 1982 4463 censeo
2031 4400 2304 4462 Aesinos.
