3192 5009
586 252 720 318 262
1021 224 1031 233 ⁹
1384 273 1469 320 nn
1514 274 1666 320 mm:
1714 274 2168 321 onnuwmnnn

583 435 1003 502 nihilominus
1063 443 1209 523 post
1271 456 1325 502 a.
1378 436 1465 503 58
1527 439 1900 503 obnuntiare
1946 444 2343 517 conarentur,
2393 442 2625 504 statuit
2672 440 2784 506 hos
2829 462 2948 506 non

580 544 941 608 observasse
1000 542 1214 629 legem
1278 542 1571 611 Clodiam
1602 542 1672 623 1).
1737 544 1954 609 Huius
2018 566 2266 630 quoque
2315 549 2665 611 sententiae
2713 552 2950 632 partem

577 651 710 713 iam
771 670 962 735 supra
1006 648 1350 727 diluimus3
1400 648 1617 736 legem
1664 648 1958 716 Clodiam
2005 672 2130 716 non
2177 651 2253 716 ab
2305 653 2602 717 omnibus
2649 655 2916 717 comitiis
2933 701 2948 728 ,

580 755 690 819 sed
752 776 789 819 a
832 754 1057 841 legum
1102 755 1455 820 lationibus
1499 755 1654 820 solis
1704 759 2054 821 removisse
2102 757 2656 823 obnuntiationem
2674 806 2689 835 ‚
2739 758 2950 842 proba-

578 864 795 926 vimus
856 860 1065 925 allatis
1111 863 1321 927 verbis
1368 859 1690 928 Ciceronis
1738 867 1911 948 (pag.
1962 860 2093 926 255
2143 862 2284 927 adn.
2341 862 2426 944 1),
2477 865 2732 929 Asconii
2779 870 2946 948 (pag.

578 966 757 1045 256),
821 967 1045 1031 Dionis
1104 968 1333 1047 (ibid),
1398 970 1510 1052 qui
1575 989 1796 1033 omnes
1859 989 2011 1032 cum
2071 968 2388 1033 affirment
2449 972 2518 1032 in
2565 992 2682 1032 um
2727 988 2948 1055 genere

575 1075 983 1138 comitiorum
1044 1073 1599 1139 obnuntiationem
1647 1078 2153 1161 magistratuum
2199 1096 2334 1141 esse
2381 1076 2764 1161 prohibitam
2805 1075 2948 1160 lege

574 1176 798 1243 Clodia
816 1226 831 1255 ,
916 1179 1253 1243 manifeste
1331 1181 1423 1243 ita
1510 1181 1834 1244 excludunt
1917 1179 2200 1245 alterum
2269 1202 2478 1267 genus
2548 1184 2948 1247 comitiorum

572 1288 973 1365 (creationes)
999 1281 1070 1363 ²),
1136 1291 1211 1349 ut
1257 1290 1559 1371 appareat
1607 1286 1686 1351 de
1730 1286 1832 1350 his
1879 1290 2307 1351 constitutum
2354 1288 2550 1352 fuisse
2601 1286 2765 1372 quod
2813 1307 2948 1351 con-

572 1392 845 1454 trarium
905 1396 1102 1466 esset;
1168 1390 1563 1455 ostendimus
1632 1394 1840 1475 ipsam
1903 1394 2219 1457 rationem
2280 1396 2696 1458 comitiorum
2754 1391 2946 1456 talem

571 1516 706 1560 esse
725 1544 740 1572 ‚
789 1499 865 1559 ut
906 1498 1010 1559 ius
1057 1495 1224 1579 quod
1272 1495 1348 1560 de
1395 1494 1593 1561 altero
1641 1518 1874 1583 genere
1913 1504 2187 1583 ponatur
2222 1501 2290 1563 in
2331 1499 2450 1563 hac
2490 1504 2670 1584 parte
2707 1518 2948 1583 semper

572 1604 963 1665 contrarium
1027 1622 1161 1665 esse
1229 1601 1456 1667 debeat
1518 1605 1647 1666 iuri
1710 1603 1878 1688 quod
1939 1607 2364 1669 constituatur
2411 1605 2491 1669 de
2537 1603 2732 1669 altero
2775 1612 2942 1690 (pag.

572 1705 705 1771 253
746 1712 867 1791 sq.)
884 1728 899 1785 3
950 1712 1277 1791 praeterea
1337 1710 1712 1772 monuimus
1731 1757 1747 1786 ‚
1815 1713 2200 1775 sententiam
2255 1730 2450 1796 quam
2497 1714 2944 1797 impugnemus

572 1835 696 1877 non
743 1832 925 1899 posse
974 1812 1222 1877 defendi
1260 1814 1471 1878 verbis
1509 1814 1734 1879 Dionis
1773 1836 1932 1899 quae
1971 1838 2085 1901 pro
2126 1836 2199 1881 ea
2239 1816 2446 1882 afferri
2485 1816 2760 1894 soleant,
2801 1837 2942 1881 cum

570 1921 947 2003 praesertim
1008 1920 1352 1983 auctorit-as
1417 1918 1676 1996 Dionis,
1740 1923 1997 1985 etiamsi
2061 1922 2306 1987 faveret
2367 1922 2518 1987 hust,
2569 1925 2907 1987 sententiae
2925 1968 2942 1998 ‚

568 2027 635 2089 in
697 2025 815 2089 hac
875 2046 941 2089 re
1003 2024 1167 2115 nihil
1227 2024 1507 2090 valitura
1568 2033 1736 2091 esset
1797 2034 2014 2092 contra
2059 2030 2473 2094 auctoritates
2520 2025 2840 2094 Ciceronis
2883 2031 2942 2091 et

568 2132 829 2195 Asconii
895 2136 1070 2216 (pag.
1136 2128 1316 2210 256).
1390 2130 1616 2217 Itaque
1674 2134 1743 2195 in
1806 2132 1922 2197 hac
1983 2139 2163 2217 parte
2233 2154 2484 2219 quoque
2553 2135 2676 2199 hoc
2745 2133 2940 2199 solum

568 2242 764 2301 restat
782 2285 798 2314 ,
851 2243 924 2299 ut
973 2236 1305 2301 ostendam
1345 2258 1458 2301 cur
1498 2237 1834 2303 concedere
1871 2260 1998 2304 non
2037 2243 2279 2325 possim
2320 2242 2460 2304 viro
2499 2240 2560 2304 d.
2585 2240 2938 2305 Mommsen

568 2346 705 2428 (qui
776 2344 846 2406 in
917 2364 991 2408 ea
1057 2364 1125 2407 re
1183 2346 1499 2408 consentit
1560 2365 1710 2408 cum
1774 2347 1915 2409 viro
1980 2346 2040 2410 d.
2105 2344 2370 2432 Lange),
2436 2352 2582 2431 post
2631 2368 2692 2411 a.
2747 2346 2830 2411 58
2871 2346 2940 2409 de

568 2449 739 2514 caelo
808 2470 1059 2514 servare
1127 2472 1245 2512 non
1312 2449 1570 2515 licuisse
1633 2472 1782 2515 cum
1843 2453 2264 2537 magistratus
2328 2458 2732 2530 crearentur3
2787 2450 2938 2537 quod

565 2556 678 2619 ubi
726 2560 1053 2620 assecutus
1100 2576 1205 2620 ero
1226 2603 1242 2633 ,
1294 2554 1491 2619 simul
1540 2558 1739 2621 etiam
1787 2557 1864 2621 de
1911 2556 2056 2644 lege
2104 2557 2288 2623 Aelia
2333 2557 2515 2622 Fufia
2562 2578 2703 2623 rem
2749 2556 2940 2643 profli-

564 2676 840 2747 gavero3
903 2664 1055 2745 quia
1116 2666 1360 2725 constat
1405 2660 1600 2725 aliam
1647 2665 1964 2727 rationem
2011 2684 2136 2727 non
2185 2684 2321 2729 esse
2370 2684 2496 2748 qua
2543 2661 2808 2729 Clodius
2848 2662 2940 2727 ob-

563 2768 1036 2831 nuntiationem
1080 2768 1149 2829 in
1195 2767 1620 2831 creationibus
1667 2766 1934 2833 liberam
1985 2768 2189 2833 facere
2235 2771 2556 2854 potuerit,
2607 2772 2738 2833 nisi
2783 2770 2938 2834 abro-

563 2872 773 2958 gando
817 2872 1031 2959 legem
1076 2870 1329 2937 Aeliam
1374 2872 1647 2937 Fufiam.

656 3002 713 3044 a.
783 2977 1081 3043 Primum
1143 2984 1602 3063 argumentum
1664 2984 1811 3063 peto
1883 3000 1961 3044 ex
2021 2980 2210 3045 rebus
2270 2986 2416 3064 post
2466 3001 2522 3045 a.
2575 2980 2664 3045 58
2713 2981 2936 3045 Romae

565 3088 799 3177 gestis,
870 3104 1031 3168 quae
1099 3083 1368 3167 probant
1429 3090 1574 3147 tum
1637 3083 1896 3150 licuisse
1960 3085 2036 3151 de
2099 3085 2274 3151 caelo
2338 3090 2580 3151 servari
2627 3109 2778 3153 cum
2819 3108 2938 3151 ma-

562 3195 877 3279 gistratus
946 3196 1341 3267 crearentur;
1413 3190 1532 3255 hae
1600 3212 1702 3256 res
1771 3192 1930 3257 tales
2001 3193 2261 3257 fuerunt
2279 3242 2296 3272 ,
2360 3200 2437 3259 ut
2499 3201 2670 3261 recte
2733 3194 2936 3262 Cicero

565 3298 798 3362 dixisse
857 3296 1153 3360 videatur
1213 3296 1325 3358 kae
1384 3320 1506 3361 una
1550 3297 1861 3377 rogatione
1907 3299 2351 3383 rempublicam·
2375 3323 2498 3364 esse
2546 3302 2832 3379 deletam,
2880 3306 2936 3364 et

564 3402 908 3468 ostendunt
953 3402 1463 3466 obnuntiationes
1510 3406 2048 3490 magistratuum,
2099 3408 2156 3469 si
2200 3409 2666 3491 permittantur
2707 3410 2774 3472 in
2819 3428 2938 3471 cre-

569 3599 975 3609 ——-.—-————

633 3727 686 3787 1)
721 3724 841 3775 Ibid.
875 3740 979 3789 pag.
1020 3723 1115 3772 112
1153 3725 1261 3773 adn.
1298 3724 1353 3773 2:
1400 3723 1704 3789 -Allerdings
1737 3728 1892 3776 finden
1929 3726 2028 3776 sich
2068 3744 2151 3777 aus
2180 3729 2264 3777 der
2293 3728 2398 3777 zeit
2425 3728 2549 3778 nach
2580 3729 2678 3778 696
2711 3727 2938 3793 Baispiele

560 3824 717 3873 genug
750 3824 843 3857 von
876 3807 1311 3861 Obnuntiationen.
1349 3807 1514 3871 gewiss
1549 3807 1657 3857 weil
1686 3808 1764 3857 die
1791 3809 2318 3874 Raechtsbestfindigkeit
2345 3812 2431 3859 der
2460 3811 2729 3860 clodischen
2749 3812 2936 3860 saeue

560 3889 797 3954 vielfiiltig
833 3888 1085 3938 bestritten
1120 3888 1281 3937 warde
1320 3924 1331 3936 .
1353 3927 1363 3938 .
1384 3923 1398 3938 .
1440 3890 1556 3937 Deos
1590 3890 1712 3939 noch
1750 3890 1817 3939 im
1853 3892 1902 3941 J.
1941 3891 2039 3943 700
2073 3892 2180 3941 eine
2210 3892 2428 3956 Anklage
2460 3906 2622 3955 'egen
2659 3892 2938 3954 Verletzung

557 3971 639 4019 des
684 3970 933 4020 Fufischen
980 3970 1199 4019 Gesetzes
1246 3969 1451 4019 erhoben
1495 3972 1626 4019 ward
1665 3970 1791 4031 (Cic.
1827 3974 1929 4021 Att.
1967 3974 2118 4023 416.
2140 3976 2203 4036 5).
2242 3974 2305 4023 ist
2339 3974 2432 4023 mit
2465 3975 2550 4023 der
2588 3973 2936 4024 Rechtnbestiin-

556 4051 741 4115 digkeit
783 4053 867 4101 der
913 4052 1196 4102 Clodischen
1242 4054 1442 4101 Gesetze
1476 4053 1714 4103 durchans
1751 4054 2017 4113 vereinbar,
2055 4056 2160 4103 dass
2197 4056 2301 4104 dem
2338 4055 2550 4105 alinchon
2585 4057 2682 4104 und
2717 4056 2934 4105 fuflschcn

559 4134 683 4183 wohl
728 4135 997 4197 derogirte,
1044 4134 1157 4183 aber
1202 4134 1270 4183 sie
1318 4134 1451 4184 nicht
1497 4135 1689 4184 fornell
1739 4134 1994 4200 abrogirte.
2044 4137 2106 4185 Es
2141 4136 2326 4186 blieben
2361 4136 2486 4186 o‘hne
2523 4136 2714 4187 Zweifel
2747 4138 2935 4188 manche

562 4216 952 4281 Bestimmungen
999 4216 1244 4266 derselben
1291 4218 1471 4281 giiltig,
1519 4218 1607 4266 auf
1648 4217 1724 4266 die
1761 4218 1866 4267 eine
1903 4219 2054 4283 Klage
2088 4220 2351 4284 gegriindet
2388 4220 2574 4268 werden
2609 4219 2840 4269 konnte”.
2873 4246 2936 4257 —

556 4300 615 4364 2)
671 4298 857 4347 Mirum
892 4313 986 4347 non
1022 4302 1093 4347 est
1128 4297 1187 4348 ab
1222 4297 1297 4347 his
1332 4298 1604 4349 auctoribus
1643 4300 1878 4349 rationem
1914 4315 2008 4349 non
2043 4300 2254 4350 habitam
2300 4316 2398 4349 esse
2443 4300 2730 4351 iudiciorum
2778 4301 2934 4368 populi

561 4387 610 4430 et
650 4380 800 4445 plebis
838 4381 992 4444 (supr.
1030 4381 1128 4430 252
1146 4382 1260 4445 ιφ),
1294 4397 1414 4444 quae
1448 4385 1552 4431 tum
1590 4383 1688 4431 fere
1722 4382 1773 4431 in
1807 4384 2160 4432 desuetudinem
2199 4380 2436 4433 abiissent.
