3192 5009
1232 288 1631 337 Arnnmuus.
2487 267 2618 335 205

286 452 521 519 Summo
560 474 737 520 mane
784 456 955 519 servi
998 455 1239 519 iterum
1281 457 1390 530 τὴν
1430 454 1832 531 ὑποστάθμην
1877 457 2187 520 ὑποσπῶσι
2214 460 2346 535 (τοῦ
2373 453 2617 532 ὕδατος,

286 562 435 647 quod
491 561 763 627 additum
831 560 1082 643 malim)
1147 563 1283 627 sive
1345 564 1645 637 οὶπηθοῦσι
1710 562 1778 625 τὸ
1843 564 2222 641 παχύτατον
2269 562 2373 641 (cf.
2428 560 2617 626 Kaib.

280 690 415 755 pag.
454 667 589 745 284,
614 668 745 749 22),
796 674 861 733 et
907 671 997 733 sic
1046 669 1275 732 λεπτὸν
1324 674 1589 733 ποιοῦσιν
1638 668 1791 732 αὐτὸ
1838 674 1949 748 (sc.
2001 670 2068 732 τὸ
2112 666 2308 749 ὕδωρ).

362 796 417 860 p.
464 774 595 851 126,
620 795 672 839 3.
720 773 1205 861 Suppleverim:
1256 775 1322 838 οὐ
1370 776 1495 851 γὰρ
1545 774 1622 839 ἂν
1664 774 1896 851 εἴποιμι
1937 776 2202 853 μύστρον
2240 772 2440 853 (παρ’
2471 774 2617 847 ἡμῖν

278 880 425 955 μὲν)
478 884 610 959 παρ’
654 882 842 944 οὐδενὶ
893 881 955 945 δὲ
1002 887 1119 944 τῶν
1169 882 1279 956 πρὸ
1330 883 1494 957 ἡμῶν
1546 880 1870 958 εἰρημένον.
1919 880 2211 945 1130111130
2258 900 2447 945 causa
2494 879 2622 943 fuit

276 985 484 1071 duplex
525 988 901 1072 praepositio
942 985 1115 1065 παρά
1135 1034 1151 1062 ,
1193 1007 1344 1049 cum
1380 984 1628 1050 librarii
1667 985 1836 1051 oculi
1875 1007 1912 1051 a
1949 990 2158 1071 priore
2199 986 2280 1051 ad
2303 988 2621 1071 posterius

273 1090 685 1156 aberraverint.

354 1218 407 1281 p.
454 1197 593 1274 129,
618 1198 676 1261 b.
724 1197 1049 1283 Perquam
1087 1196 1503 1283 ineleganter,
1546 1198 1654 1263 sed
1693 1198 1960 1263 fortasse
1995 1200 2198 1283 ipsius
2223 1198 2623 1263 H1121>onocm

270 1302 464 1387 eulpa,
524 1304 768 1368 dictum
816 1303 1008 1381 πίναξ
1032 1299 1275 1377 -ὅσος
1329 1304 1620 1380 δέξασθαι
1667 1306 2014 1381 μέγεθος
2067 1306 2272 1384 χοίρου
2319 1307 2474 1377 τινὸς
2518 1307 2623 1369 ὄπ-

268 1412 367 1471 τοῦ
408 1410 499 1472 καὶ
544 1408 785 1491 σφόδρα
833 1410 1245 1487 μεγάλου,
1294 1410 1405 1474 ubi
1450 1396 1686 1474 melius
1731 1409 1975 1486 ὄγκον
2021 1411 2397 1495 scripsisset.

352 1536 407 1599 p.
454 1514 593 1593 132,
619 1537 672 1581 e.
744 1514 889 1579 Nou
959 1520 1129 1580 recte
1197 1514 1428 1580 Kaibel
1490 1515 1766 1581 DIPmo
1826 1516 2128 1581 voculam
2191 1538 2228 1581 a
2289 1516 2616 1581 comoedia

270 1619 513 1685 alienam
542 1632 687 1697 σφιν
729 1622 893 1701 (cod.
921 1622 976 1685 A
1002 1624 1187 1701 σφοίη
1209 1670 1225 1698 ,
1252 1642 1378 1685 om.
1408 1620 1484 1703 C)
1528 1622 1789 1700 tribuit,
1819 1624 2098 1687 scribens
2123 1644 2218 1687 vs.
2249 1622 2332 1686 14
2359 1624 2616 1701 ἀψινθίῳ

268 1749 305 1788 ο-
323 1734 441 1805 φιν
478 1728 677 1791 δεῦσον
718 1728 871 1803 πετὲ,
904 1728 1018 1792 ubi
1043 1730 1276 1793 rectius
1300 1726 1486 1792 Kock
1513 1727 1858 1809 πρόδευσον,
1884 1728 1960 1794 cl.
1988 1727 2156 1793 Plat.
2184 1750 2348 1793 com.
2382 1725 2530 1805 173,
2559 1726 2624 1793 9.

350 1854 409 1917 p.
458 1833 593 1910 139,
619 1855 672 1898 e.
720 1832 776 1897 E
840 1832 1080 1918 duplici
1144 1833 1245 1895 καὶ
1312 1830 1403 1896 ὅτι
1461 1840 1722 1918 apparet
1770 1834 2082 1899 Athenaei
2130 1837 2622 1919 epitomatorem

268 1938 593 2005 Ptmmoms
636 1939 859 2005 locum
906 1940 1302 2004 abbreviasse
1349 1944 1415 2003 et
1460 1938 1817 2004 mutilasse.

348 2068 407 2131 p.
454 2045 593 2123 141,
619 2047 680 2111 b.
747 2045 1019 2122 στάθμον
1083 2048 1161 2117 ὡς
1212 2044 1503 2123 τέταρτον
1552 2048 1814 2121 (μνᾶς)
1865 2044 2156 2121 μάλιστα
2205 2046 2621 2131 probabiliter

264 2150 567 2237 supplevit
608 2153 741 2216 iam
790 2148 1218 2218 Casaubonus.

349 2278 409 2340 p.
457 2254 597 2335 174,
619 2258 679 2322 b.
734 2258 838 2322 καὶ
888 2258 915 2321 ὂ
964 2260 1285 2331 Ἀλκείδης
1330 2258 1487 2336 ἔφη·
1530 2256 1708 2320 ἀλλὰ
1749 2258 1870 2333 μὴν
1915 2258 2017 2319 καὶ
2060 2259 2130 2322 τὸ
2166 2256 2416 2338 ὄργανον
2442 2263 2620 2323 τοῦτο

265 2364 293 2435 ἦ
372 2361 667 2442 ὕδραυλις,
744 2364 869 2428 εἴτε
933 2371 1047 2427 τῶν
1113 2364 1380 2427 ἐντατῶν
1442 2362 1596 2426 αὐτὸ
1661 2362 1850 2434 θέλεις
1916 2358 2096 2443 (εἶναι
2146 2364 2289 2429 add.
2338 2363 2448 2445 K.)
2495 2364 2620 2429 εἴτε

263 2476 371 2533 τῶν
407 2471 811 2547 ἐμπνευστῶν,
855 2474 925 2535 'A
950 2470 1453 2548 λεξανδρέως
1500 2469 1665 2533 ἐστὶν
1709 2468 2027 2545 ἡμεδαποῦ
2067 2466 2342 2547 εὕρημα,
2373 2472 2620 2550 κουρέως

266 2577 359 2649 τὴν
416 2576 651 2655 τέχνην.
719 2576 788 2641 Si
854 2574 1297 2656 Ἀλεξανδρέως
1360 2578 1722 2663 genuinum
1772 2583 1970 2653 esset,
2020 2576 2473 2642 absurdissime
2521 2578 2627 2642 ad-

263 2680 463 2745 ditum
514 2682 673 2747 foret
733 2682 1075 2759 ἡμεδαποῦ,
1124 2681 1237 2746 sed
1279 2680 1503 2767 procul
1550 2681 1745 2746 dubio
1793 2681 2160 2746 Athenaeus
2208 2685 2464 2768 scripsit
2511 2685 2625 2747 αν-

262 2786 419 2865 δρὸς
452 2825 529 2835 -
556 2789 893 2871 ἡμεδαποῦ,
945 2790 1207 2873 eiusque
1254 2786 1571 2874 glossema
1620 2766 1935 2872 migravit
1980 2790 2048 2851 in
2098 2794 2370 2853 textum.

334 2916 397 2979 p.
455 2892 594 2971 185,
619 2916 671 2958 0.
722 2893 923 2970 διόπερ
970 2893 1103 2957 οὐδὲ
1141 2894 1420 2973 πρότερον
1462 2895 1693 2969 ἠρώτων
1738 2890 1950 2962 οἵτινες
1999 2888 2136 2971 εἶεν,
2177 2894 2327 2958 ἀλλ’
2354 2891 2620 2973 ὕστερον,

260 3002 323 3071 ὣς
391 3002 499 3073 τήν
557 2998 763 3075 ξενίαν
826 3001 1019 3073 αὐτὴν
1082 3005 1416 3076 τιμῶντες,
1485 3000 1634 3062 ἀλλ’
1699 2999 1765 3062 οὐ
1813 3001 1951 3068 τοὺς
2002 3000 2062 3062 ἐν
2110 3000 2276 3076 μέρει
2328 3000 2432 3063 καὶ
2485 3001 2624 3064 καθ’

262 3101 501 3169 ἕκαστον
562 3108 663 3181 >511-
681 3112 721 3169 ὦ
744 3129 792 3169 ν.
848 3104 1099 3169 Ultima
1144 3126 1269 3169 vox
1333 3110 1447 3168 aut
1492 3106 1710 3188 spuria
1758 3109 1871 3168 aut
1918 3111 2236 3189 corrupta.
2292 3104 2628 3192 Intellege-

263 3232 382 3277 rem
433 3218 641 3292 (τῶν)
692 3212 1119 3288 ἧκόν<των>.

332 3342 397 3405 p.
450 3316 597 3395 193,
624 3339 677 3383 0.
730 3324 845 3381 τῶν
902 3316 965 3380 δὲ
1021 3320 1275 3396 ἡρωικῶν
1330 3313 1687 3395 aines-robe
1731 3313 2012 3394 μείζονας
2052 3312 2324 3394 “Ομηρος
2365 3317 2621 3395 μέγαρα

263 3426 345 3488 καὶ
414 3420 673 3499 δώματα
740 3422 871 3487 καὶ
921 3422 1290 3506 κλισίας,
1343 3422 1393 3485 οἱ
1440 3422 1503 3485 δὲ
1552 3426 1653 3484 νῦν
1699 3420 1955 3495 ξενῶνας
2006 3421 2109 3485 καὶ
2161 3421 2460 3500 ἀνδρῶνας
2508 3424 2624 3489 ὄνο-

262 3530 529 3613 μάζουσι.
593 3528 722 3595 Ubi
781 3550 1013 3615 quaeso
1075 3527 1398 3593 Homerus
1456 3529 1575 3593 hoc
1636 3524 1828 3592 fecit?
1889 3528 2118 3593 Nescio
2181 3550 2262 3593 an
2319 3549 2436 3593 acu
2483 3550 2622 3594 rem

261 3639 531 3725 tetigerit
588 3636 1004 3701 Leeuwenius
1062 3656 1280 3713 meus,
1344 3633 1573 3699 collato
1638 3657 1681 3696 ω
1709 3633 1840 3699 208
1908 3635 2251 3721 (Porphyr.
2300 3636 2380 3700 ad
2427 3645 2454 3699 1
2506 3634 2618 3717 90)

263 3747 526 3809 κλίσια
574 3742 1023 3829 corrigendum
1069 3762 1203 3807 esse
1248 3761 1353 3805 me
1399 3740 1767 3805 admonens.

327 3874 386 3938 p.
438 3848 667 3926 203,st
718 3850 843 3913 ἀπὸ
891 3848 951 3913 δὲ
1001 3850 1119 3912 τῶν
1167 3849 1589 3928 πρυμνητικῶν
1637 3845 1986 3927 ἀφλάστων
2031 3846 2128 3909 ἐπὶ
2172 3846 2241 3909 τὸ
2285 3846 2502 3925 (ὑπὸ)
2543 3856 2620 3928 τῇ

262 3960 529 4037 θαλάσσῃ
595 3954 768 4032 μέρος
834 3956 1025 4027 αὐτῆς
1090 3954 1201 4039 (sc.
1267 3961 1375 4026 τῆς
1442 3954 1608 4033 νεὼς)
1659 3960 1816 4032 τρεῖς
1865 3952 2009 4030 πρὸς
2060 3959 2185 4024 τοῖς
2237 3954 2620 4026 πεντήκοντα

260 4070 491 4145 πήχεις.
540 4059 710 4128 Cum
753 4083 788 4127 e
834 4062 1219 4148 praegressis
1267 4064 1566 4145 appareat
1613 4055 2043 4125 CAnmanuM
2083 4059 2188 4122 hic
2229 4058 2622 4144 significasse

260 4175 608 4236 universam
668 4170 847 4231 navis
906 4166 1319 4231 altitudinem
1377 4186 1578 4250 usque
1641 4164 1720 4229 ad
1785 4167 2066 4228 carinam
2085 4212 2100 4241 ,
2167 4185 2290 4228 non
2338 4164 2622 4230 sufficere

260 4278 495 4343 videtur
542 4274 659 4339 hoc
695 4273 949 4339 Kaibch'
985 4271 1540 4359 supplementum,
1584 4271 1694 4336 sed
1733 4273 2079 4356 requiritur
2121 4269 2220 4335 ἐπὶ
2265 4272 2335 4336 τὸ
2381 4271 2626 4351 (ἔσχα-

261 4408 335 4449 τον
380 4382 557 4458 ὑπὸ)
604 4390 678 4462 τῇ
726 4381 1008 4462 θαλάσσῃ
1053 4380 1228 4460 μέρος
1280 4380 1471 4453 αὐτῆς
1524 4377 1651 4441 κτὲ.
