3192 5009
1370 340 1592 387 PnA'ro.
2549 320 2675 387 165

386 506 549 572 οὐδὲν
608 510 890 571 τοσοῦτον
951 503 1139 570 κακὸν
1187 502 1410 569 ἔπαθεν
1457 502 1575 567 ἀπ’
1629 505 1850 567 αὐτῶν.
1898 502 2004 569 810
2048 525 2332 591 papyrus
2378 505 2568 571 habet
2614 511 2681 571 et

296 634 515 679 omnes
574 612 852 690 codices,
915 633 1044 677 non
1062 660 1078 689 ‚
1142 611 1209 675 id
1268 610 1437 696 quod
1499 608 1909 675 Heindorfius
1971 614 2037 674 et
2097 608 2378 676 Gobetus
2423 612 2678 690 iubent,

293 719 398 783 ὑπ’
450 720 669 782 αὐτῶν.
718 718 1071 804 Equidem,
1112 739 1193 783 ne
1232 716 1386 802 quid
1423 716 1860 793 dissimulem,
1902 718 1970 779 in
2010 716 2128 780 hac
2166 737 2234 781 re
2275 738 2680 783 summorum

291 828 663 891 criticorum
723 826 1074 910 praeceptis
1122 823 1372 901 diffido,
1422 829 1489 888 et
1536 822 1681 888 aliis
1728 822 1885 888 locis
1931 824 2291 889 innumeris
2340 824 2570 891 ductus
2615 831 2680 891 et

290 932 804 1016 frequentissimo
849 931 964 997 isso
1014 932 1186 1012 παρὰ
1237 930 1483 995 πάντων
1531 930 1954 1005 ὁμολογεῖται.

384 1036 471 1104 83
497 1036 568 1104 C.
630 1031 743 1101 οἷον
809 1038 842 1113 ἢ
908 1038 1168 1111 νοσήσας
1220 1035 1253 1112 ἤ
1302 1060 1360 1100 τι
1408 1038 1739 1106 ἀναλώσας
1791 1034 1894 1099 διὰ
1941 1035 2057 1105 τὰς
2108 1035 2460 1113 ἐπιθυμίας.
2530 1038 2682 1103 Pro-

288 1131 524 1209 nomen
567 1168 627 1208 τι
646 1192 665 1221 ,
715 1144 885 1229 quod
928 1146 996 1208 111
1042 1143 1177 1209 cod.
1224 1142 1299 1207 E.
1348 1163 1544 1229 prave
1584 1144 1930 1219 omittitur,
1973 1144 2042 1207 in
2081 1163 2326 1230 papyro
2367 1150 2677 1210 servatur.

382 1250 817 1331 ἀναγκάζεται
880 1247 1025 1326 ἅμα
1088 1273 1156 1314 τε
1220 1250 1471 1325 ἡσθῆναι
1524 1248 1558 1324 ἢ
1610 1251 1951 1324 λυπηθῆναι
2002 1250 2242 1328 σφόδρα
2291 1250 2394 1315 ἐπί
2441 1275 2525 1330 τῳ
2574 1250 2678 1315 καὶ

292 1358 616 1436 ἡγεῖσθαι,
682 1359 815 1437 περὶ
882 1348 909 1419 3
974 1356 1050 1419 ἂν
1116 1355 1409 1432 μάλιστα
1460 1359 1637 1419 τοῦτο
1689 1354 1948 1436 πάσχῃ,
1998 1358 2175 1418 τοῦτο
2227 1355 2681 1433 ἐναργέστατόν

290 1490 364 1529 τε
411 1462 564 1529 εἶναι
616 1464 719 1528 καὶ
770 1462 1214 1537 ἀληθέστατον.
1264 1465 1385 1541 οὐχ
1436 1458 1623 1532 οὕτως
1673 1460 1838 1541 ἔχον.
1904 1461 2200 1549 Papyrus
2247 1461 2372 1527 alio
2426 1464 2678 1542 ordine,

288 1570 681 1656 elegantiore
726 1576 801 1634 ut
847 1569 1134 1635 videtur:
1186 1570 1433 1644 ἡσθῆναι
1486 1568 1724 1647 σφόδρα
1776 1569 1809 1645 ἢ
1863 1569 2205 1643 λυπηθῆναι
2259 1570 2360 1633 ἐπί
2401 1595 2505 1647 τῳ.
2570 1570 2682 1636 Ul-

287 1681 453 1742 tima
498 1677 691 1741 huius
737 1675 859 1741 loci
906 1696 1049 1761 pars
1097 1678 1167 1740 in
1214 1696 1459 1761 papyro
1507 1678 1738 1740 misere
1786 1674 2090 1739 mutilata
2139 1681 2263 1752 est;
2315 1696 2464 1741 nam
2512 1677 2681 1763 quod

288 1806 325 1848 e
386 1782 590 1847 literis
608 1830 625 1859 ‚
690 1802 851 1867 quae
912 1787 1197 1846 servatae
1259 1788 1446 1859 sunt,
1515 1780 1673 1845 olim
1719 1783 2038 1865 scriptum
2084 1780 2282 1847 fuisse
2331 1785 2680 1849 conficiunt

287 1890 596 1956 editores:
665 1887 953 1965 μάλιστα
1017 1887 1137 1951 δεῖν
1202 1883 1357 1951 εἶναι
1422 1891 1638 1963 τοῦτο,
1700 1886 1770 1950 id
1833 1907 2092 1952 sensum
2137 1890 2406 1953 minime
2453 1896 2678 1975 aptum

284 1996 583 2083 praebet,
632 2016 835 2080 neque
885 1995 1237 2080 quidquam
1282 1993 1460 2059 aliud
1508 1992 1725 2058 elicias
1774 1992 1944 2077 quod
1995 1996 2080 2057 sit
2126 1994 2380 2059 melius.

382 2106 589 2166 ταῦτα
629 2100 691 2165 δὲ
736 2101 1025 2175 μάλιστα
1068 2099 1282 2176 ὁρατά.
1334 2100 1648 2180 Quoniam
1687 2098 1881 2178 ὁρατά.
1921 2102 2270 2164 sententiae
2307 2107 2404 2166 est
2441 2101 2681 2167 subiec-

296 2217 441 2274 tum
502 2213 763 2294 totaque
823 2208 943 2273 hoc
990 2206 1351 2294 significat:
1404 2227 1547 2283 „res
1566 2255 1581 2283 ,
1634 2226 1792 2291 quae
1840 2206 2041 2271 oculis
2087 2213 2452 2284 cernuntur,
2500 2228 2678 2293 prae-

289 2318 518 2381 sertim
564 2321 716 2379 sunt
761 2313 907 2379 illae
955 2335 1115 2399 quae
1159 2314 1452 2379 homines
1500 2312 1771 2399 gaudiO,
1823 2312 2072 2391 dolore,
2115 2320 2296 2378 metu
2336 2314 2676 2392 afficiant”,

286 2443 478 2487 nemo
526 2421 847 2487 dubitabit
895 2423 1048 2506 quin
1095 2426 1262 2485 recte
1311 2418 1718 2484 Heindorfius
1765 2425 1912 2484 ante
1961 2420 2155 2497 ὁρατά.
2192 2422 2532 2485 inseruerit
2569 2418 2674 2484 τοί.

286 2527 417 2593 8011
463 2549 541 2593 110
584 2526 686 2591 1111
733 2526 992 2612 quidem
1038 2528 1429 2592 certissimae
1476 2524 1906 2590 emendationi
1951 2527 2021 2589 in
2072 2546 2315 2611 papyro
2372 2530 2468 2591 est
2507 2547 2680 2612 prae-

286 2634 550 2699 sidium.
1339 2622 1345 2627 ’

381 2741 439 2804 ἐν
510 2739 703 2815 τούτῳ
767 2738 849 2819 τῷ
920 2737 1100 2801 πάθει
1164 2736 1453 2813 μάλιστα
1520 2736 1889 2800 καταδεῖται
1957 2738 2140 2819 ψυχὴ
2190 2736 2302 2801 ὑπὸ
2353 2739 2672 2815 σώματος,

290 2852 426 2916 Πῶς
492 2844 597 2923 δής
659 2824 976 2908 Vocabula
1038 2850 1163 2913 πῶς
1228 2843 1296 2918 δή
1359 2846 1426 2907 111
1489 2864 1734 2929 papyro
1784 2848 1936 2907 sunt
1979 2846 2046 2907 in
2093 2843 2215 2907 fine
2263 2843 2486 2909 lineae.
2551 2845 2676 2908 An-

286 2957 515 3017 notant
589 2949 898 3015 editores:
974 2950 1194 3027 „there
1258 2970 1463 3014 seems
1526 2954 1593 3013 to
1662 2950 1825 3014 have
1889 2949 2042 3014 been
2095 2952 2190 3029 (in
2237 2948 2352 3013 illa
2397 2948 2591 3030 linea)
2639 2970 2676 3014 a

288 3057 464 3123 word
509 3077 686 3121 more
729 3056 879 3119 here
926 3055 1081 3121 then
1126 3076 1245 3119 our
1287 3053 1472 3119 MSS.
1514 3055 1798 3139 posses’'.
1848 3054 1918 3120 81
1956 3055 2119 3120 1111111
2157 3056 2542 3121 vocabulum
2579 3063 2675 3121 est

285 3168 431 3241 τοῦ,
504 3161 673 3247 quod
732 3164 1045 3226 recentior
1105 3182 1333 3225 manus
1396 3161 1628 3226 codicis
1687 3161 1741 3226 B
1803 3162 2028 3239 habet,
2077 3162 2195 3227 hoc
2241 3183 2492 3248 quoque
2536 3162 2674 3229 1000

286 3290 570 3357 papyrus
615 3288 883 3353 pravam
930 3273 1143 3331 servat
1190 3266 1549 3331 lectionem.

381 3373 468 3440 83
492 3374 569 3439 D.
621 3376 685 3438 ἐκ
733 3375 861 3452 γὰρ
908 3378 1014 3438 τοῦ
1064 3374 1367 3451 ὁμοδοξεῖν
1417 3375 1500 3453 τῷ
1551 3374 1796 3449 σώματι
1846 3374 1949 3441 καὶ
1999 3384 2125 3446 τοῖς
2173 3378 2382 3445 αὐτοῖς
2432 3376 2671 3456 χαίρειν

288 3479 762 3561 ἀναγκάζεται,
804 3475 978 3556 οἶμαι
1018 3482 1077 3557 (ἦ
1124 3482 1331 3561 ψυχὴ)
1375 3477 1708 3558 buamunde
1749 3464 1824 3544 ‘rs
1853 3481 1954 3543 καὶ
1983 3478 2319 3559 ὁμότροφος
2347 3482 2670 3558 γίγνεσθαι

288 3588 391 3651 καὶ
454 3584 547 3651 οἵα
612 3584 923 3662 μηδέποτε
971 3588 1240 3666 καθαρῶς
1291 3587 1373 3653 εἷς·
1422 3583 1632 3650 “Aeaco
1681 3588 2016 3666 ἀφικέσθαι
2066 3588 2217 3651 ἀλλ’
2264 3586 2360 3651 ἀεὶ
2410 3592 2516 3651 τοῦ
2566 3589 2673 3651 σώ-

287 3718 487 3770 ματος
551 3692 840 3757 dumba
911 3692 1153 3769 ἐξιέναι.
1222 3692 1326 3757 810
1389 3692 1613 3779 vulgo.
1677 3692 1871 3757 Brevi
1931 3694 2051 3757 1100
2116 3693 2251 3758 1000
2313 3700 2411 3759 ter
2471 3694 2673 3759 alium

286 3800 545 3886 praebet
588 3798 930 3863 verborum
979 3798 1267 3863 ordinem
1313 3818 1617 3885 papyrus.
1670 3798 1964 3863 Primum
2012 3798 2283 3885 legitur:
2335 3800 2670 3877 ὃμότροφός

288 3931 357 3971 τε
422 3906 523 3969 καὶ
588 3904 915 3984 ὁμότροπος
939 3952 953 3978 ,
1016 3906 1129 3967 vix
1194 3909 1397 3981 recte,
1467 3910 1542 3968 ut
1610 3907 1850 3989 opinor.
1917 3903 2278 3969 Verisimile
2342 3908 2516 3971 enim
2575 3914 2674 3971 est

285 4015 463 4099 prius
510 4032 547 4076 a
592 4009 856 4074 Platone
897 4012 1182 4095 positum
1222 4011 1417 4074 fuisse
1458 4009 1851 4075 adiectivum
1889 4013 2190 4075 usitatius
2230 4017 2294 4075 et
2317 4010 2669 4097 vulgatius,

286 4116 509 4183 deinde
579 4115 872 4180 additum
938 4114 1005 4178 id
1074 4114 1242 4198 quod
1314 4135 1557 4179 novum
1629 4115 1952 4201 quoddam
2025 4118 2376 4181 sententiae
2447 4116 2672 4182 lumen

284 4223 630 4310 praeberet.
682 4220 923 4285 Deinde
972 4242 1006 4285 e
1052 4220 1345 4305 reliquiis
1395 4226 1658 4306 apparet
1707 4224 2024 4306 scriptum
2069 4221 2264 4287 fuisse
2308 4225 2378 4285 in
2427 4244 2670 4309 papyro

285 4352 413 4395 non
459 4324 551 4393 οἵα
600 4326 906 4403 μηδέποτε
959 4327 1229 4403 καθαρῶς
1284 4328 1366 4395 εἷς
1422 4324 1634 4391 ’Ἃιδου
1690 4328 2062 4405 ἀφικέσθαι,
2117 4328 2224 4392 sed
2264 4324 2358 4391 οἱά
2399 4332 2670 4406 καθαρῶς

288 4437 373 4507 εἷς
419 4435 629 4500 Ἃιδου
678 4432 986 4509 μηδέποτε
1035 4430 1407 4511 ἀφικέσθαι,
1457 4454 1660 4519 neque
1709 4435 1859 4497 ἀλλ’
1907 4434 2001 4497 ἀεὶ
2052 4436 2484 4545 τοῦκσώματος
2525 4438 2673 4500 ἀνα-
