3192 5009
965 261 1049 308 na
1094 257 1717 308 mauemrmnfflus
1762 257 2062 308 nomme.
2533 235 2664 301 429

186 490 195 498 ,
282 427 531 488 veteres
577 423 907 490 annalium
953 426 1291 509 scriptores
1333 424 1495 488 hanc
1540 425 1992 489 caerimoniam
2039 445 2164 488 non
2211 425 2346 487 sine
2392 421 2669 516 comitiis

287 535 497 594 actam
544 551 713 609 esse,
762 527 914 596 nam
962 527 1182 598 Cicero
1232 531 1465 596 diserte
1514 531 1712 595 tradit
1759 531 1918 616 (rep.
1969 530 2032 595 2.
2067 528 2170 594 13.
2199 527 2346 610 25):
2402 527 2665 605 ,‚Numa‚

284 659 633 721 quamquam
666 638 936 720 popubus·
982 636 1235 700 curiatis
1282 659 1411 700 ewm
1457 636 1715 700 comitiis
1753 649 1944 719 fieqem
1985 658 2106 700 ease
2141 636 2432 710 iusserat,
2477 640 2678 708 tamen,

284 741 417 824 ipse
462 743 536 806 de
581 765 685 807 suo
730 744 979 826 imperio
1024 743 1318 806 oua-iatam
1364 743 1547 824 leyem
1593 742 1820 820 tulit”;
1879 748 2205 829 praeterea
2251 745 2530 818 constat,
2577 740 2669 802 in-

285 851 737 934 augurationes
782 849 1041 936 Regum
1087 848 1428 915 Sacrorum
1445 898 1462 927 ,
1515 869 1790 934 quarum
1834 853 1998 915 ritus
2045 871 2084 915 a
2129 849 2315 914 Livio
2361 847 2506 943 (vel.
2531 850 2668 911 eius

287 961 570 1035 auctore)
615 957 695 1020 ad
740 957 1025 1022 Numam
1071 955 1422 1022 translatus
1468 964 1566 1021 est
1583 1005 1602 1034 ,
1649 957 1846 1022 factas
1885 978 2010 1021 non
2049 977 2183 1022 esse
2222 959 2357 1021 sine
2394 955 2672 1020 comitiis

287 1060 530 1126 calatis.
580 1061 802 1149 Itaque
846 1063 1003 1128 haec
1049 1061 1182 1128 sola
1221 1083 1410 1128 causa
1449 1064 1728 1128 inveniri
1764 1069 1976 1148 potest
2015 1084 2128 1128 cur
2164 1062 2392 1128 Livius
2415 1061 2669 1127 silentio

280 1170 575 1258 ‘omiserit
617 1169 771 1234 haec
819 1171 1113 1246 comitia,
1165 1169 1333 1255 quod
1378 1189 1505 1234 non
1543 1168 1932 1234 dubitaverit
1971 1171 2122 1255 quin
2164 1171 2362 1234 etiam
2401 1169 2670 1232 fuissent

286 1273 445 1338 dicis
488 1294 679 1340 causa
722 1281 978 1339 tantum
1024 1278 1159 1340 sine
1206 1274 1440 1360 populo
1488 1296 1601 1360 per
1643 1276 1838 1340 verba
1884 1281 1950 1341 et
2003 1275 2309 1340 formulas
2363 1273 2672 1360 quasdam
2739 1265 2742 1268 ⁴

283 1381 505 1445 habita
520 1401 537 1458 ;
602 1380 771 1466 quod
833 1384 889 1446 si
947 1403 1178 1447 verum
1225 1388 1355 1459 est,
1406 1389 1668 1468 apparet
1714 1384 1977 1448 comitia
1993 1431 2010 1461 ,
2059 1404 2218 1469 quae
2266 1387 2554 1468 tempore
2595 1378 2674 1472 11-

190 1535 197 1542 .
282 1486 469 1552 berae
512 1486 901 1572 reipublicae
947 1487 1343 1553 habebantur
1387 1487 1822 1575 inaugurandi
1871 1509 2063 1554 causa
2081 1537 2098 1567 ‚
2147 1508 2307 1575 quae
2355 1491 2516 1573 ipsa·
2539 1487 2672 1552 fue-

281 1597 439 1656 runt
498 1592 733 1670 calata,
783 1584 908 1658 non
957 1616 994 1659 a
1040 1594 1291 1659 civibus
1341 1615 1475 1660 esse
1520 1597 1704 1659 inita.
1754 1594 1979 1681 Itaque
2029 1617 2179 1660 cum
2229 1596 2551 1680 possimus
2596 1592 2672 1657 de

281 1721 416 1790 uno
481 1720 714 1785 genere
780 1702 1192 1766 comitiorum
1254 1699 1613 1766 caletorum
1676 1704 2105 1782 (testamentis
2137 1699 2490 1780 faciendis)
2559 1719 2672 1783 pro
2765 1737 2772 1744 -

282 1811 458 1872 certo
506 1805 853 1882 affirmare,
904 1807 982 1871 de
1026 1806 1303 1872 secundo
1342 1807 1967 1892 (inaugurationibus
2007 1807 2339 1886 habendis)
2377 1826 2501 1870 non
2539 1807 2674 1869 sine

284 1917 461 1976 certa
514 1913 759 1998 ratione
822 1914 1131 1996 suspicari
1147 1961 1164 1989 ,
1231 1933 1305 1976 ea
1364 1931 1402 1976 a
1448 1913 1698 1977 civibus
1743 1914 1906 1977 inita
1951 1934 2076 1977 non
2127 1933 2263 1978 esse
2283 1960 2299 1989 ‚
2348 1914 2482 1976 iam
2526 1908 2676 1974 licet

284 2017 473 2082 nobis
536 2038 649 2104 pro
710 2002 1036 2103 explorato
1100 2018 1331 2083 habere
1379 2018 1549 2102 quod
1596 2039 1790 2103 supra
1833 2020 2020 2103 posui
2037 2067 2053 2096 ,
2108 2023 2174 2083 et
2221 2017 2534 2082 affirmare
2583 2036 2678 2081 co-

284 2126 478 2189 mitia
546 2122 747 2189 calata
803 2145 1025 2189 revera
1086 2125 1205 2190 hoc
1268 2145 1501 2190 nomen
1562 2127 1874 2211 accepisse
1939 2145 2018 2189 ex
2063 2123 2177 2189 ina
2223 2123 2676 2189 consuetudine

286 2251 418 2316 qua
476 2251 661 2315 saepe
722 2233 961 2316 species
1024 2252 1152 2296 una
1214 2234 1599 2316 proprietate
1655 2252 1872 2296 carens
1919 2238 2177 2296 notatur
2223 2233 2481 2296 nomine
2528 2227 2680 2294 alte-

287 2339 425 2402 rius
495 2338 898 2422 proprietatis
968 2339 1092 2402 toti
1161 2339 1383 2423 generi
1444 2340 1826 2402 communis.
1897 2335 2119 2404 Calata
2176 2337 2545 2402 dicebantur
2604 2356 2678 2401 ea

288 2445 555 2508 comitia
622 2446 859 2528 partim
928 2464 967 2508 a
1036 2444 1521 2530 magistratibus
1593 2445 1832 2532 partim
1893 2465 1930 2508 a
1993 2443 2398 2529 pontificibus
2460 2442 2680 2506 habita

290 2570 453 2636 quae
502 2549 625 2626 „ad
670 2553 946 2634 speciem
994 2556 1182 2635 atque
1230 2550 1311 2615 ad
1356 2552 1841 2634 usurpationem
1881 2553 2224 2616 vetustatis
2260 2549 2674 2615 adumbrata'’

292 2677 333 2722 a
391 2653 691 2722 Cicerone
752 2662 1161 2741 opponuntur
1224 2659 1436 2734 „veris
1485 2658 1762 2720 comitiis
1782 2705 1799 2734 ‚
1848 2657 1966 2722 hoc
2013 2663 2146 2734 est,
2196 2653 2420 2742 populi
2467 2655 2679 2720 suffra-

290 2760 462 2848 giis''
496 2759 581 2840 ¹);
632 2782 857 2826 eorum
904 2761 1032 2826 alia
1078 2763 1339 2828 fuerunt
1386 2764 1631 2827 curiata
1648 2810 1664 2839 ,
1715 2783 1877 2846 quae
1925 2763 2322 2827 habebantur
2371 2783 2525 2846 „per
2571 2764 2680 2826 tri-

291 2870 477 2954 ginta
512 2867 831 2945 lictores’',
872 2867 997 2932 alia
1036 2872 1390 2934 centuriata
1408 2918 1425 2946 ,
1468 2889 1582 2953 per
1622 2867 1945 2954 aliquanto
1985 2872 2297 2934 maiorem
2335 2889 2680 2933 numerum

292 2978 692 3061 privatorum
762 2977 873 3060 qui
940 2975 1183 3062 singuh'
1249 2978 1319 3038 in
1384 2973 1674 3060 singulas
1739 2977 2056 3040 centurias
2116 2974 2678 3040 distribuebantur.

292 3083 647 3146 Possumus
707 3082 920 3166 igitur
988 3081 1069 3145 ad
1130 3103 1233 3146 eas
1299 3101 1397 3144 res
1463 3100 1619 3164 quas
1685 3065 1972 3145 comitiis⁴
2027 3079 2248 3145 calatis
2311 3087 2482 3145 actas
2543 3100 2678 3144 esse

296 3206 490 3272 supra
552 3185 686 3251 dixi
732 3193 905 3272 (pag.
956 3185 1084 3250 421
1136 3187 1279 3251 adn.
1330 3185 1580 3267 8-10)
1630 3186 1856 3252 addere
1902 3187 2082 3272 leges
2129 3185 2274 3250 illas
2322 3207 2481 3270 quae
2529 3185 2682 3250 fere-

296 3297 529 3360 bantur
590 3293 666 3358 de
724 3295 998 3379 imperio
1060 3299 1126 3359 et
1187 3299 1501 3378 potestate
1564 3296 2071 3380 magistratuum
2090 3341 2107 3370 ‚
2172 3314 2331 3377 quae
2393 3312 2597 3378 neque
2647 3311 2684 3356 a
2737 3297 2741 3302 ’

298 3399 597 3468 Cicerone
644 3420 849 3485 neque
896 3421 935 3465 a
970 3399 1262 3465 Labeone
1285 3421 1335 3466 .e
1376 3402 1656 3464 comitiis
1698 3398 1920 3464 calatis
1960 3397 2418 3474 excluduntur;
2461 3397 2683 3462 deinde

298 3511 431 3572 iam
476 3506 895 3571 manifestum
942 3513 1038 3571 est
1082 3506 1197 3571 flla
1243 3508 1506 3572 comitia
1553 3505 1892 3568 centuriata
1931 3503 2135 3569 calata
2152 3553 2169 3580 ,
2215 3525 2375 3589 quae
2413 3523 2684 3568 comme-

297 3615 577 3678 moravit
638 3611 847 3678 Labeo
866 3661 882 3690 ‚
946 3613 1143 3678 fuisse
1190 3615 1453 3678 comitia
1501 3612 1733 3696 quibus
1782 3633 1818 3675 a
1866 3607 2233 3675 consulibus
2288 3611 2684 3687 „centuriata

295 3720 404 3785 lex
473 3719 833 3784 censoribus
902 3719 1261 3784 ferebatur”
1335 3719 1412 3783 de
1476 3736 1700 3784 eorum
1763 3721 2075 3803 potestate
2139 3718 2421 3782 censoria
2437 3765 2454 3792 ,
2523 3735 2682 3800 quae
2727 3773 2734 3778 .

300 3829 498 3892 etiam
567 3847 604 3891 a
671 3827 920 3890 civibus
985 3828 1148 3890 inita
1216 3847 1341 3890 non
1404 3847 1538 3890 esse
1605 3824 1758 3890 dicit
1824 3821 2042 3890 Cicero
2071 3821 2142 3904 ²).
2234 3824 2685 3909 Arrogationes

300 3954 453 3997 vero
472 3981 488 4010 ,
554 3935 610 3997 si
662 3937 829 3996 recte
876 3953 1067 4018 supra
1113 3935 1338 3998 monui
1384 3953 1490 3998 eas
1538 3931 1896 3998 referendas
1945 3952 2072 3996 non
2118 3951 2254 3995 esse
2302 3930 2382 3995 ad
2427 3931 2686 3994 comitia

303 4037 536 4115 calata,
604 4039 906 4122 quoniam
970 4044 1262 4102 auctores
1328 4040 1439 4124 qui
1502 4038 1578 4102 de
1644 4041 1736 4103 eis
1797 4043 2002 4124 agunt
2063 4035 2284 4101 sedulo
2328 4035 2687 4100 abstineant

376 4220 430 4285 l)
474 4220 569 4270 Cic.
619 4219 709 4282 leg.
746 4234 845 4283 agr.
883 4220 927 4269 2.
950 4219 1029 4268 12.
1054 4219 1133 4268 81.
1190 4245 1255 4255 —
1308 4218 1365 4283 2)
1398 4217 1499 4269 Cic.
1534 4219 1626 4283 leg.
1664 4234 1762 4283 agr.
1801 4219 1848 4267 2.
1870 4218 2135 4282 11.26.sq.
2177 4217 2346 4268 Cicero
2381 4233 2489 4266 cum
2527 4217 2688 4266 dicatz

308 4305 465 4353 ‚nune
512 4303 599 4353 illa
643 4303 799 4366 prima
842 4301 1037 4350 comitia
1080 4299 1304 4360 tenetis”,
1351 4301 1532 4351 indicat
1578 4303 1784 4352 munda
1827 4301 2050 4362 comitia,
2085 4301 2137 4350 in
2171 4298 2340 4366 quibus
2371 4300 2518 4350 etiam
2552 4303 2689 4350 erant

307 4386 577 4436 centuriata
611 4385 723 4444 ina,
758 4399 853 4434 non
887 4399 985 4434 esse
1020 4383 1147 4434 inita
1179 4399 1208 4432 ι
1242 4383 1433 4449 populo.
