3192 5009
544 250 629 321 32
1574 269 1882 322 memus.

539 443 884 507 ambitione
941 439 1229 505 laborat''
1292 458 1523 523 pamm
1566 438 1837 504 latinam
1886 440 2426 505 constructionem
2477 459 2549 504 eo
2599 436 2881 503 defendit
2900 484 2917 515 ,

539 549 709 634 quod
754 547 1060 613 Horatius
1108 545 1283 611 aiiud
1326 546 1596 611 verbum
1644 545 1959 625 (attendas
2004 546 2207 612 velim
2254 546 2571 612 diversam
2610 543 2925 631 significa-

539 658 808 735 tionem)
869 657 938 718 in
996 659 1210 718 mente
1269 653 1505 717 habens
1554 650 1634 715 ad
1680 650 1841 716 fflud
1906 656 2441 718 constructionem
2488 650 2924 717 accommoda-

529 765 735 827 verit:
781 783 860 825 zu
897 762 974 825 ob
1013 762 1353 825 avaritiam
1392 758 1673 823 schwebt
1712 759 1873 823 noch
1918 758 2293 841 [admodum
2331 762 2654 846 perverse]
2682 756 2924 840 culpari

537 868 755 948 dignus
801 875 886 930 est
935 866 1027 931 als
1075 863 1687 951 Praedikatsbegriff
1722 885 1855 929 vor.

624 973 752 1038 Pro
797 997 916 1037 non
961 971 1336 1055 interpositis
1379 970 1666 1057 Montep.
1709 971 1901 1036 habet
1938 970 2007 1035 in
2047 972 2381 1055 compositis
2423 993 2572 1037 cum
2612 993 2746 1038 var.
2770 969 2919 1035 lect.

537 1083 944 1167 suprascript.
991 1079 1169 1143 inter.
1217 1076 1399 1143 Nihil
1443 1078 1850 1142 mutandum.
1917 1075 2196 1164 Corpora
2244 1086 2395 1144 sunt
2440 1078 2681 1144 urenda
2726 1080 2923 1142 conti-

537 1208 664 1252 nua
681 1235 698 1264 ,
759 1192 836 1251 ut
897 1185 1174 1251 alterum
1237 1184 1499 1250 alterius
1546 1183 1717 1249 latus
1766 1190 1979 1270 tegat,
2028 1206 2186 1251 neve
2235 1188 2570 1253 titionibus
2616 1186 2921 1253 cadavera

537 1298 927 1379 separentur,
992 1297 1068 1356 ut
1129 1290 1362 1356 Nestor
1419 1290 1530 1355 ille
1591 1292 2019 1376 praecipiebat
2066 1292 2309 1370 τύμβον
2360 1332 2449 1342 —
2494 1289 2600 1358 ’ἕνα
2647 1294 2919 1374 χεύομεν

537 1401 978 1480 ἐξαγαγόντες
1015 1396 1277 1478 ἄκριτον,
1327 1396 1402 1461 Π.
1453 1396 1592 1462 VII.
1646 1397 1797 1463 366.
1849 1398 2124 1485 Negatio
2174 1402 2511 1465 manifesta
2558 1422 2685 1465 non
2729 1402 2920 1486 perti·

536 1514 644 1574 net
702 1507 780 1573 ad
839 1513 1115 1570 uramur.
1172 1506 1410 1569 Poetae
1459 1523 1643 1589 saepe
1693 1507 1933 1590 partim
1977 1508 2171 1570 metri
2218 1510 2592 1571 necessitate
2638 1529 2758 1569 non
2803 1526 2917 1591 pro

533 1616 656 1680 in<
723 1636 847 1679 non
907 1618 1116 1677 taetus
1177 1611 1291 1676 III.
1348 1609 1512 1689 1563
1578 1613 1835 1696 iamque
1902 1617 2049 1677 actu
2109 1612 2263 1677 belli
2323 1635 2448 1677 non
2496 1613 2709 1678 doctas
2756 1612 2921 1677 ferre

533 1724 816 1807 quietem
874 1719 986 1783 lx:
1036 1717 1188 1796 294,
1260 1737 1519 1803 surgere
1583 1722 1883 1803 congesto
1950 1741 2068 1782 non
2132 1720 2295 1782 culta
2355 1718 2635 1805 mapalia
2703 1718 2915 1783 culmo

533 1826 650 1891 IX.
700 1825 852 1903 945,
918 1846 1114 1911 quam
1157 1823 1530 1901 lectionem,
1583 1823 1659 1887 de
1705 1844 1831 1908 qua
1875 1824 2023 1889 vide
2072 1846 2265 1910 supra
2310 1848 2373 1911 p.
2425 1824 2533 1903 22,
2582 1824 2916 1890 confirmat

532 1931 1004 2020 Phylargyrius
1065 1929 1171 1995 vel
1230 1929 1492 1995 Servius
1552 1928 1627 1993 ad
1694 1927 1927 2017 Georg.
1978 1929 2091 1995 ΠΙ.
2148 1930 2299 1995 340.
2359 1930 2505 1997 Alia
2552 1933 2723 2018 apud
2770 1930 2913 1997 Cor-

533 2043 702 2105 tium
769 2039 849 2105 ad
907 2038 1023 2102 III.
1079 2035 1206 2102 156
1271 2042 1420 2101 sunt
1498 2036 1708 2101 dubia.
1788 2036 1948 2101 Hor.
2003 2035 2074 2103 O.
2123 2038 2204 2102 Π.
2257 2037 2385 2104 201
2460 2061 2586 2105 non
2653 2042 2919 2105 visitata

531 2145 774 2232 (Bergk
841 2165 990 2231 pro:
1083 2147 1369 2223 usitata).
1458 2142 1599 2208 Hoc
1676 2141 1813 2208 loco
1882 2166 2001 2207 non
2085 2150 2197 2209 aut
2279 2168 2422 2210 neve
2506 2152 2640 2211 erat
2710 2168 2919 2212 neces-

530 2257 773 2318 sarium
790 2301 807 2331 ‚
888 2252 998 2317 sed
1066 2254 1245 2337 prius
1304 2249 1666 2336 praestabat
1729 2271 1805 2314 ne
1872 2251 2178 2337 ambigua
2240 2254 2431 2318 verba
2504 2260 2732 2318 essent.
2817 2252 2915 2318 De

531 2381 650 2423 non
697 2367 761 2425 et
806 2382 910 2423 nec
954 2380 1069 2444 pro
1115 2382 1190 2422 ne
1235 2363 1299 2423 et
1346 2380 1490 2421 neve
1535 2357 1612 2421 cf.
1663 2377 1697 2420 θ
1746 2355 2125 2422 Tibullianis
2173 2356 2279 2422 IV.
2336 2358 2396 2424 l.
2427 2358 2555 2424 100
2602 2365 2746 2424 tum
2793 2361 2914 2426 tibi

531 2487 658 2530 non
719 2466 882 2529 desit
941 2464 1172 2529 faciem
1236 2484 1611 2547 componere
1672 2483 1928 2550 pugnae
1947 2512 1963 2541 ,
2018 2462 2145 2528 136
2192 2485 2319 2529 non
2363 2464 2573 2530 eidem
2618 2467 2739 2530 tibi
2784 2468 2915 2530 sint

531 2570 797 2656 aliisque
845 2572 1181 2656 triumphi.
1230 2568 1339 2645 IV.
1389 2567 1451 2633 3.
1482 2567 1521 2632 3
1568 2589 1683 2633 nec
1730 2569 1850 2633 tibi
1896 2572 1981 2634 sit
2030 2570 2223 2635 duros
2270 2574 2512 2636 acuisse
2557 2574 2625 2635 in
2671 2571 2910 2657 praelia

531 2678 769 2743 dentes.
834 2677 990 2742 Hor.
1056 2676 1190 2741 Sat.
1254 2675 1336 2740 II.
1389 2674 1448 2739 5.
1479 2674 1562 2739 91
1629 2697 1756 2740 non
1820 2679 2017 2741 etiam
2080 2677 2286 2742 sileas.
2354 2676 2558 2763 Epist.
2609 2678 2639 2741 Ι
2692 2678 2794 2743 18.
2822 2677 2909 2743 22

531 2806 656 2850 non
719 2784 947 2850 ancilla
999 2790 1190 2848 tuum
1233 2786 1409 2847 iecur
1453 2781 1714 2846 ulceret.
1766 2780 1911 2847 Tac.
1964 2784 2127 2848 Ann.
2176 2783 2226 2848 Ι.
2279 2782 2358 2848 11
2406 2806 2531 2849 non
2580 2783 2659 2849 ad
2704 2806 2912 2850 unum

533 2895 746 2957 omnia
793 2891 1139 2969 deferrent,
1187 2890 1301 2954 ubi
1348 2889 1423 2953 cf.
1474 2887 1862 2976 Nipperdey,
1912 2888 2149 2976 Zumpt
2196 2888 2486 2957 Gramm.
2530 2890 2720 2976 §529
2760 2898 2911 2956 nota

531 3005 596 3063 et
643 3020 798 3084 quos
844 2997 1064 3062 laudat
1111 2994 1402 3061 Schmalz
1451 2995 1530 3059 ad
1577 2994 1940 3081 Reisig-ium
1983 2995 2067 3061 Π.
2118 2995 2271 3061 481.

621 3217 1057 3285 Memorabilis
1097 3224 1193 3283 est
1229 3219 1433 3284 forma
1477 3242 1653 3283 rusus
1697 3221 1765 3283 in
1814 3219 2011 3283 Ashb.
2061 3222 2127 3284 et
2171 3217 2458 3305 Montep.
2500 3218 2671 3284 VIII.
2700 3218 2831 3284 254
2871 3242 2904 3285 e

422 3406 430 3413 ‚
529 3324 824 3391 Lucretio
861 3332 926 3390 et
965 3325 1198 3390 Plauto
1242 3328 1394 3389 satis
1431 3330 1665 3389 testata
1682 3374 1698 3403 ,
1742 3324 1817 3391 de
1858 3346 1983 3410 qua
2018 3330 2245 3389 notum
2284 3332 2381 3390 est
2420 3325 2905 3392 Lachmannum

529 3434 608 3498 ad
647 3432 832 3497 Lucr.
874 3431 988 3496 111.
1016 3430 1122 3509 44,
1163 3430 1470 3496 Bitschel.
1511 3430 1814 3518 Prolegg.
1842 3453 1905 3517 p.
1934 3448 2038 3497 01v
2064 3437 2127 3497 et
2150 3430 2379 3517 Opusc.
2408 3430 2490 3495 II.
2518 3432 2649 3497 259
2676 3436 2903 3520 egisse.

527 3540 740 3605 Addas
777 3560 945 3603 nunc
985 3536 1268 3623 Georges
1289 3588 1305 3616 ,
1347 3537 1500 3602 Lex.
1543 3538 1654 3602 der
1676 3537 1920 3603 Latein.
1948 3538 2376 3603 Wortformen
2411 3540 2455 3602 i.
2483 3560 2544 3603 v.
2596 3539 2903 3619 Quamvis

525 3646 641 3711 illa
678 3645 1050 3711 defendatur
1086 3644 1307 3709 formis
1337 3666 1558 3727 pro-sus
1594 3650 1661 3708 et
1688 3666 1879 3727 prosa
1915 3647 2171 3726 (oratio)
2197 3650 2262 3709 et
2286 3644 2637 3724 similibus,
2666 3652 2902 3725 tamen,

527 3774 679 3818 cum
725 3749 1016 3835 exempla
1062 3771 1139 3815 ex
1177 3748 1448 3836 Vergilii
1487 3750 1806 3814 codicibus
1847 3750 1951 3830 (cf.
1994 3749 2281 3816 Ribbeck
2321 3749 2625 3838 Prolegg.
2652 3774 2714 3837 p.
2744 3750 2903 3832 444)

527 3864 592 3923 et
637 3856 954 3938 Ciceronis
1003 3857 1109 3937 (cf.
1151 3856 1413 3920 Lachm.
1451 3854 1572 3937 l.l.)
1621 3855 1968 3920 admodum
2014 3877 2153 3921 rara
2201 3858 2363 3935 sint,
2407 3856 2508 3921 his
2544 3861 2904 3923 recentiori-

523 3964 644 4030 bus
683 3964 1096 4051 scriptoribus
1143 3984 1286 4028 eam
1334 3962 1797 4028 obtrudendam
1843 3984 1971 4029 non
2017 3969 2175 4048 puto
2192 3984 2209 4042 ;
2260 3963 2371 4028 sed
2414 3972 2703 4051 poetam,
2752 3988 2903 4051 qua—

524 4069 606 4135 lis
653 4076 748 4136 est
793 4068 1120 4148 Lucanus,
1169 4074 1493 4135 vetustam
1541 4068 1808 4134 subinde
1848 4068 2237 4156 elegantiam
2278 4069 2595 4136 affectasse
2632 4074 2901 4140 minime

525 4183 623 4244 est
665 4175 1098 4261 improbabile.

614 4382 785 4452 vm.
837 4380 990 4449 504.
1061 4382 1323 4449 Pothini
1390 4386 1621 4451 verba:
1695 4384 2097 4472 (Pompeius)
2171 4388 2464 4473 „quaerit
2505 4386 2516 4474 Ι
2556 4404 2707 4453 cum
2776 4404 2901 4474 qua
