3192 5009
655 226 783 297 176
1470 248 1738 309 Qum‘rus
1781 247 2178 301 01110111Βο0.

646 414 808 480 XIII
854 415 983 483 45¹7
1042 414 1215 481 ἵπποι
1264 416 1317 481 δ’
1364 413 1511 483 αὖτε
1560 418 1733 490 κύνες
1786 443 1856 482 τε
1903 420 1977 483 δι’
2027 416 2245 491 ἄστεος
2303 419 2617 491 ἐπτοίηντο

1051 525 1391 605 Φεύγοντες
1439 531 1754 605 στυγεροῖο
1801 527 1979 605 πυρὸς
2028 526 2204 601 μένος
2225 548 2239 564 ·
2289 527 2465 607 α’μφὶ
2516 527 2575 592 δὲ
2623 528 2808 593 ποσσὶ

1050 631 1298 710 στεῖβον
1343 630 1845 709 αποκταμένους,
1893 631 2088 713 ζωοῖσι
2139 632 2201 697 δὲ
2249 640 2434 709 πῆμα
2483 633 2767 711 Φέροντες

1052 738 1223 801 αἰὲν
1272 738 1716 816 ἕνερρῆγνυντο·
1768 737 1884 816 βοὴ
1933 741 1988 802 δ’
2038 739 2384 818 ἀμφίαχεν
2427 736 2613 804 ἄστυ.

642 842 766 907 Ρ1·0
807 842 1183 930 languidulo
1230 845 1360 908 αἰὲν
1404 845 1551 910 vide
1601 866 1679 910 ne
1730 844 1890 908 αἰνὸν
1937 848 2024 910 sit
2069 866 2222 910 vera
2270 845 2478 912 lectio.

707 1062 857 1127 XIV
908 1060 988 1129 '71
1042 1063 1150 1126 καί
1194 1063 1324 1129 τότ’
1370 1060 1466 1140 ἄρ’
1514 1066 1591 1134 ὥς
1643 1064 1844 1139 ἐνόησε
1897 1054 2082 1143 Φίλον
2133 1065 2536 1144 δεδαϊγμένον
2584 1066 2748 1130 ἄστυ

1048 1170 1264 1240 Ξάνθος
1312 1166 1394 1233 ὅθ’
1442 1170 1846 1245 αἱματόεντος
1897 1174 2236 1235 ἀναπνείων
2285 1172 2636 1253 ὀρυμαγδοῦ

1046 1276 1269 1357 μύρετο
1315 1276 1424 1340 σὺν
1470 1280 1831 1355 ΝύμΦῃσιν,
1885 1277 2011 1340 ἐπεὶ
2064 1277 2252 1341 κακὸν
2302 1277 2539 1353 ἔμπεσε
2589 1277 2772 1358 Τροίῃ

1049 1380 1322 1446 ἔκποθι
1374 1382 1475 1446 καὶ
1528 1382 1824 1463 Πριάμοιο
1871 1384 2310 1460 κατημιέλδυνε
2357 1384 2587 1459 πόληα.

637 1487 778 1553 Νο11
824 1492 1035 1574 potuit
1081 1488 1377 1553 Xanthus
1422 1510 1571 1553 cum
1618 1489 1942 1575 Nymphis
1987 1493 2279 1577 ignorare
2298 1540 2314 1569 ,
2363 1490 2532 1556 unde
2579 1496 2810 1555 natum
2855 1498 3026 1556 esset

634 1594 861 1661 Troiae
923 1598 1227 1674 exitium,
1287 1599 1504 1681 itaque
1567 1598 1974 1682 perineptum
2039 1604 2136 1661 est
2197 1597 2363 1662 illud
2409 1598 2644 1674 ἔκποθι,
2673 1598 2906 1682 ,aliqua
2955 1620 3024 1659 ea·

635 1725 833 1765 eausa.
903 1702 1147 1767 Locum
1218 1708 1387 1768 certa
1447 1705 1689 1767 ratione
1753 1703 2086 1769 emendare
2146 1725 2388 1789 nequeo
2405 1752 2423 1782 ,
2489 1724 2640 1768 nam
2688 1703 3020 1788 epitheton

636 1806 893 1893 aliquod
952 1812 1306 1894 praegressi
1367 1810 1571 1886 κακόν,
1636 1808 1817 1874 velut
1876 1810 2097 1888 λυγρόν
2160 1831 2197 1875 a
2258 1809 2492 1874 tradita
2536 1807 2806 1875 lectione
2848 1811 3020 1873 iusto

634 1912 892 2001 longius
937 1914 1134 1979 abest.
1180 1915 1405 1980 Potuit
1452 1936 1600 1981 sane
1648 1914 1892 1980 ἔκποθεν
1942 1916 2273 2001 depravari
2320 1938 2354 1981 e
2401 1922 2656 1981 vetusta
2701 1918 3018 2000 scriptura

638 2028 995 2085 ΕΚΘΕΩΝ
1015 2069 1031 2097 ,
1083 2021 1148 2084 ἐκ
1198 2022 1355 2095 θεῶν,
1404 2024 1460 2085 si
1505 2024 1822 2086 sumimus
1871 2042 1907 2086 a
1955 2029 2302 2087 correctore
2357 2022 2518 2088 hanc
2563 2025 2658 2086 ita
2697 2026 3016 2086 mutatam

636 2147 803 2203 esse,
867 2131 1206 2212 postquam
1254 2130 1620 2194 terminatio
1668 2131 1978 2214 periisset.
2027 2127 2154 2193 Sed
2201 2148 2360 2192 num
2407 2126 2628 2207 Quinti
2675 2149 2778 2192 ars
2823 2128 3016 2192 huius

634 2232 931 2299 vocabuli
966 2236 1285 2320 synizesin
1325 2235 1485 2300 ferat
1520 2238 1750 2321 ignoro
1770 2285 1786 2313 ,
1827 2238 2042 2320 itaque
2084 2234 2361 2300 aliorum
2397 2256 2580 2300 curae
2603 2234 2775 2299 hunc
2799 2232 3014 2298 locum

637 2340 1075 2405 commendare
1120 2341 1313 2406 malo,

720 2706 775 2773 E
823 2709 1200 2794 fragmentis
1248 2706 1626 2773 Sabbaiticis
1674 2706 2106 2772 Bibliothecae
2155 2706 2564 2792 Apollodori,
2614 2728 2776 2793 quae
2813 2707 3010 2793 Papa·

632 2813 906 2898 dopulus
965 2813 1163 2879 edidit
1224 2816 1292 2877 in
1336 2813 1561 2878 Museo
1609 2813 1908 2878 Rhenano
1957 2812 2162 2877 XLVI
2206 2836 2267 2899 p.
2322 2811 2447 2879 171
2498 2835 2662 2878 nunc
2706 2814 3008 2879 discimus

630 2918 943 2999 Quintum
977 2924 1045 2983 in
1084 2919 1505 2983 describendis
1544 2918 1716 2983 ludis
1756 2920 2128 2984 funebribus
2153 2924 2296 3005 post
2326 2918 2586 2985 Achillis
2611 2920 3006 3005 sepulturam

626 3024 957 3090 celebratis
1026 3026 1363 3089 Arctinum
1429 3027 1498 3088 in
1567 3046 1640 3090 eo
1710 3032 2004 3091 secutum
2067 3047 2200 3090 esse
2263 3026 2431 3112 quod
2492 3026 2755 3091 Aiacem
2803 3026 2972 3091 disco
2991 3074 3004 3101 ,

624 3130 944 3196 Teucrum
984 3151 1134 3196 arcu
1180 3133 1541 3195 vincentem
1586 3132 1755 3197 fecit.
1804 3132 2074 3219 Legitur
2119 3132 2249 3197 ibi:
2299 3134 2531 3197 τιθέασι
2583 3133 2644 3195 δὲ
2699 3132 2794 3195 ἐπ’
2842 3134 3006 3211 αὐτῷ

629 3239 879 3315 ἀγῶνα,
932 3237 991 3301 ἐν
1039 3232 1080 3315 ᾧ
1128 3242 1265 3317 νικᾷ
1316 3234 1602 3311 Εὔμηλος
1647 3234 1886 3313 ἵπποις,
1933 3239 2234 3313 Διομήδης
2281 3239 2547 3315 σταδίῳ,
2586 3235 2744 3307 Αἴας
2790 3238 3006 3315 δίσκῳ,

504 3376 509 3382 -
629 3349 892 3423 Τεῦκρον
955 3340 1128 3419 τόξῳ.
1191 3342 1503 3407 Eumelus
1550 3343 1719 3429 apud
1766 3342 2078 3423 Quintum
2126 3366 2250 3409 non
2297 3352 2393 3410 est
2438 3348 2606 3409 inter
2653 3350 2967 3408 certantes
2986 3392 3001 3419 ,

628 3449 967 3516 Diomedes
1004 3470 1153 3513 vero
1192 3454 1256 3513 et
1294 3449 1457 3513 Aiax
1493 3448 1702 3514 luctae
1744 3454 2106 3535 praemium
2130 3454 2514 3536 partiuntur.
2561 3449 2636 3513 In
2659 3452 3002 3517 certamino

630 3559 705 3624 de
774 3559 968 3622 armis
1032 3552 1307 3619 Achillis
1369 3561 1555 3641 poeta
1615 3554 1854 3620 iudices
1919 3557 2153 3622 faciens
2213 3560 2494 3643 captivos
2541 3553 2844 3621 Troianos
2891 3576 3002 3619 suo

624 3668 884 3730 invento
946 3682 1100 3726 usus
1160 3662 1433 3726 videtur.
1499 3660 1710 3727 Aliter
1773 3668 1939 3728 certe
1998 3684 2136 3729 rem
2187 3663 2742 3727 administraverat
2787 3661 3002 3726 Iliadis

625 3790 855 3857 parvae
923 3774 1159 3843 auctor,
1224 3773 1386 3832 teste
1446 3766 1780 3832 scholiasta
1839 3770 1951 3833 Ar.
2001 3769 2117 3855 Eq.
2173 3767 2364 3833 1053.
2426 3766 2502 3832 In
2565 3768 2795 3855 fragm.
2859 3767 3004 3833 Sab-

624 3877 871 3942 baiticis
940 3896 1002 3959 p.
1072 3869 1196 3938 171
1264 3871 1547 3959 legimus
1620 3874 2102 3950 καταβαίνουσιν
2168 3876 2251 3945 εἷς
2320 3872 2606 3952 ἅμιλλαν
2675 3874 2833 3945 Αἶας
2897 3874 2998 3936 καὶ

628 3980 961 4051 Ὀδυσσεὺς
1026 3980 1127 4042 καὶ
1180 3980 1499 4057 κρινάντων
1549 3986 1664 4043 τῶν
1715 3981 1951 4059 Τρώων,
2001 3982 2076 4051 ὦς
2127 3980 2188 4044 δέ
2236 4004 2430 4058 τινες,
2480 3988 2596 4044 τῶν
2642 3980 3001 4060 συμμάχων

626 4088 961 4157 Ὀδυσσεὺς
1029 4085 1424 4163 προκρίνεται.
1492 4083 1587 4152 Cf.
1652 4088 1910 4171 epitom.
1965 4085 2167 4152 Vatic.
2219 4087 2314 4152 ed.
2366 4086 2645 4175 Wagner
2691 4109 2754 4171 p.
2806 4084 2891 4152 66
2939 4096 3000 4151 et

622 4194 817 4260 huius
862 4194 1182 4257 annotatio
1228 4214 1291 4277 p.
1341 4190 1473 4257 213
1500 4213 1636 4277 sqq.

1609 4407 1989 4416 ————-———-
