3192 5009
1377 303 1462 350 An
1509 303 1859 354 onrssnffl.
2630 279 2758 346 393

702 469 928 552 ῥηιδίως
979 469 1192 535 ἐθέλων
1239 469 1363 545 θείη
1411 467 1536 534 νέον
1587 470 1652 544 ἥὲ
1700 468 2013 553 γέροντα]

702 573 739 651 ἦ
782 576 908 656 γάρ
954 600 1042 642 τοι
1091 576 1214 642 νέον
1263 573 1412 651 ἦσθα
1465 575 1653 655 γέρων
1703 576 1808 641 καὶ
1859 573 2077 642 obrem?
2129 572 2347 653 ἕπεο-σο,

698 687 802 747 νῦν
849 683 911 749 δὲ
963 685 1142 749 θεοῖσι
1190 681 1444 752 rhomae
1469 730 1484 760 ‚
1533 675 1588 749 οἳ
1634 685 1875 762 οὐρανὸν
1924 683 2094 760 εὐρὺν
2143 680 2374 760 ἔχουσι.

379 789 564 856 Duos
621 812 778 876 quos
835 793 1084 857 uncinis
1143 793 1349 875 saepsi
1400 789 1747 855 versiculos
1790 810 1979 854 nemo
2028 791 2311 855 monitus
2356 807 2481 854 non
2526 790 2758 852 sentiet

381 902 620 982 quanto
667 900 942 983 aptiores
989 899 1116 962 sint
1162 897 1359 962 altero
1404 895 1542 962 loeo
1592 903 1646 975 ψ
1680 894 1805 960 185
1831 916 1947 980 sq„
1997 895 2109 960 ubi
2155 916 2268 980 pro
2304 895 2375 973 νῷ
2402 932 2485 943 -
2512 894 2619 973 νόῳ
2660 900 2756 958 est

383 1004 491 1067 καὶ
555 1003 720 1080 μάλ’
785 1002 1195 1086 ἐπισταμένῳ.
1260 1003 1504 1083 Quibus
1569 1001 1795 1068 deletis
1839 1007 2167 1088 praeterea
2212 1001 2415 1066 aberit
2461 999 2717 1065 offensio
2735 1049 2752 1078 ,

375 1131 507 1195 qua
572 1133 700 1176 non
761 1131 968 1177 carere
1010 1111 1175 1176 mihi
1219 1110 1474 1176 videtur
1518 1131 1645 1175 vox
1694 1107 1817 1175 νέον
1866 1112 1935 1174 in
1984 1108 2229 1174 duobus
2275 1108 2564 1174 versibus
2614 1129 2753 1173 oon-

375 1217 582 1302 tiguis
630 1237 816 1282 sensu
863 1217 1148 1282 adhibita
1192 1237 1450 1302 prorsus
1497 1215 1769 1282 divers0.

472 1460 521 1500 π
545 1434 678 1502 254
717 1443 834 1502 τῶν
880 1436 938 1502 εἴ
979 1461 1081 1502 κεν
1129 1433 1375 1501 πάντων
1420 1436 1766 1511 ἀντήσομεν
1813 1433 1973 1500 ἔνδον
2022 1433 2253 1512 ἐόντων,

695 1545 782 1620 μὴ
831 1541 1177 1623 πολύπικρα
1225 1543 1328 1608 καὶ
1377 1542 1520 1607 αἷνά
1565 1542 1720 1622 βίας
1767 1543 2131 1607 ἀποτείσεαι
2180 1541 2382 1606 ἐλθών.

381 1648 674 1715 Editores
723 1649 881 1727 „hoo
925 1671 1055 1715 uno
1099 1649 1238 1716 looo
1284 1649 1529 1736 leg-itm·
1574 1651 2005 1734 compositum
2051 1651 2163 1714 vix
2210 1668 2438 1713 sanum
2454 1668 2470 1725 ;
2518 1672 2556 1711 τ
2573 1648 2617 1712 οἱ
2632 1671 2685 1729 χ
2702 1673 2747 1712 α

377 1753 712 1834 πικράῨ”
784 1753 958 1820 Olim
1027 1762 1092 1820 et
1161 1758 1296 1841 ipse
1365 1755 1658 1821 dubitavi
1677 1804 1694 1832 ,
1768 1758 2014 1840 reperio
2084 1756 2257 1819 enim
2326 1757 2395 1819 in
2456 1756 2748 1840 margine

371 1861 754 1948 exemplaris
814 1882 937 1947 quo
981 1864 1084 1927 uti
1129 1861 1297 1927 soleo
1348 1867 1726 1927 annotatum
1778 1881 1979 1939 „num
2028 1861 2189 1926 forte
2237 1884 2286 1936 μ.
2309 1860 2351 1925 οὶ
2371 1874 2413 1925 λ
2433 1883 2476 1922 α
2524 1860 2710 1939 πικρά
2729 1909 2747 1938 ,

377 1989 460 2033 an
506 1969 734 2048 τάχα
782 1965 1059 2046 mxpoiP’

465 2194 514 2234 π
538 2167 668 2236 387
709 2169 806 2246 βό
825 2186 864 2234 λ
885 2196 916 2235 ε
940 2173 1093 2236 σθε.
1143 2169 1276 2238 Cur
1320 2172 1481 2238 hane
1529 2171 1802 2237 formam
1852 2174 2269 2256 quantumvis
2313 2192 2523 2238 raram
2544 2220 2561 2249 ‚
2606 2171 2745 2237 loco

373 2284 591 2343 tamen
651 2275 868 2342 Iliadis
915 2289 974 2342 A
1002 2275 1133 2343 319
1196 2284 1442 2355 tutam,
1491 2276 1777 2343 Homero
1823 2283 2136 2344 nostrates
2182 2277 2541 2344 abiudioent
2584 2279 2751 2344 mihi

370 2384 714 2449 obscurum
760 2390 876 2449 est.
924 2383 1172 2450 Militat
1210 2387 1383 2450 enim
1421 2405 1534 2471 pro
1574 2388 1711 2450 eius
1750 2386 2128 2469 antiquitate
2150 2384 2421 2450 verbum
2442 2383 2747 2450 Latinum

369 2490 508 2554 volo
554 2496 620 2556 et
664 2490 969 2568 Arcades,
1014 2494 1070 2556 si
1106 2498 1275 2556 recte
1310 2493 1617 2567 memini,
1658 2490 1953 2569 βάλεσθαι
1998 2512 2111 2576 pro
2152 2490 2485 2568 βούλεσθαι
2512 2491 2745 2560 dixisse

371 2601 640 2662 constat.

462 2796 649 2878 ρ237
720 2801 755 2876 ἢ
805 2800 992 2881 πρὸς
1042 2809 1192 2877 γῆν
1244 2799 1491 2866 ἐλάσειε
1540 2801 1693 2878 κάρη
1743 2801 2055 2882 ἀμφουδὶς
2104 2803 2337 2881 ἀείρας.

367 2905 433 2970 Ν
435 2907 708 2971 ovioiam
766 2907 1043 2972 formam
1104 2914 1224 2983 γῆν
1288 2929 1414 2973 non
1476 2911 1687 2994 mag-is
1749 2908 1881 2973 fero
1931 2908 2100 2993 apud
2144 2907 2503 2974 Homerum
2550 2932 2743 2996 quam

365 3011 490 3077 ffli.
544 3011 837 3078 Fortasse
876 3019 1062 3099 poeta
1100 3012 1273 3079 dedit
1321 3014 1398 3089 ἠὲ
1445 3010 1763 3094 χαμᾶζ’
1810 3014 2052 3078 ἐλάσειε
2074 3064 2089 3092 ,
2132 3021 2207 3079 ut
2243 3014 2507 3102 volgata
2550 3016 2741 3083 lectio

367 3121 457 3184 sit
521 3117 911 3205 glossatoris.
984 3117 1262 3188 Gravius
1323 3123 1558 3186 vitium
1626 3123 1695 3186 in
1756 3122 2167 3206 sequentibus
2186 3171 2203 3200 ‚
2266 3121 2341 3188 de
2402 3144 2527 3208 quo
2574 3127 2745 3209 ipsos

369 3224 650 3290 conferas
667 3274 684 3303 ,
733 3247 858 3291 non
903 3231 1122 3313 tango.

461 3427 649 3507 ρ286
696 3430 979 3508 γαστέρα
1029 3431 1080 3494 δ’
1131 3431 1200 3497 οὔ
1245 3456 1373 3502 πως
1421 3433 1587 3497 ἔστιν
1634 3433 2116 3514 ἀποκρύψαι
2163 3442 2503 3511 μεμαυῖαν.

367 3533 590 3620 Neque
661 3543 810 3622 apta
877 3558 990 3602 neo
1049 3537 1213 3602 lenis
1276 3545 1372 3603 est
1435 3539 1754 3603 editorum
1817 3541 2175 3604 coniectura
2255 3541 2393 3605 ἀπο
2412 3556 2515 3604 π).
2535 3549 2568 3614 ἢ
2588 3539 2626 3616 ξ
2642 3565 2683 3602 α
2704 3565 2745 3605 ι.

367 3639 494 3706 Vix
539 3641 718 3707 aliud
762 3641 922 3710 latet
972 3665 1164 3728 quam
1210 3646 1631 3723 ἀποΤρΕψαι.

460 3858 646 3939 ρ503
688 3859 803 3924 ἔνθ’
851 3859 1034 3927 ἄλλοι
1084 3863 1197 3939 μὲν
1245 3861 1478 3935 πάντες
1529 3862 1989 3936 ἐνέπλησάν
2035 3868 2096 3928 τ’
2142 3864 2423 3930 ἕδοσάν
2470 3888 2591 3945 τε,

685 3962 852 4037 οὗτος
902 3966 963 4031 δὲ
1012 3968 1206 4045 θρήνυι
1258 3970 1523 4048 πρυμνὸν
1569 3969 1741 4048 βάλε
1794 3967 1982 4045 δεξιὸν
2029 3966 2209 4048 ὦμον.

366 4072 628 4137 Praeter
666 4069 906 4151 ὕστερον
945 4073 1225 4155 πρότερον
1266 4075 1614 4141 admodum
1656 4074 1947 4161 displicet
1985 4079 2315 4154 omissum,
2350 4077 2516 4164 quod
2540 4100 2746 4146 neces-

367 4179 609 4242 sarium
655 4185 752 4243 est
772 4227 789 4256 ‚
860 4179 1183 4244 obiectum
1244 4183 1454 4261 πήρην,
1503 4202 1619 4247 nec
1664 4189 2095 4247 memoratum
2140 4203 2343 4269 neque
2390 4184 2744 4252 indicatum

365 4287 436 4349 in
481 4286 890 4371 praegressis.
941 4282 1188 4351 Collato
1234 4307 1329 4352 vs.
1382 4287 1508 4352 411
1560 4293 1853 4372 expectes

681 4388 794 4455 ἔνθ’
842 4388 1022 4456 ἄλλοι
1075 4392 1305 4466 πάντες
1355 4394 1615 4472 δίδοσαν,
1666 4404 1916 4469 πλῆσαν
1964 4395 2014 4460 δ’
2058 4394 2184 4475 ἄρα
2232 4400 2441 4477 πήρην.
