3192 5009
1319 363 1722 416 mnus.
2580 335 2711 408 307

342 531 640 599 Cassium
677 533 897 598 fecisse
933 531 1226 597 librarios
1265 531 1448 596 docet
1487 530 1550 595 N
1551 531 1777 596 aberus
1814 533 1881 595 in
1904 530 2255 616 perurbana
2276 526 2712 592 dissertatione

339 636 582 704 Graece
651 642 886 724 scripta
943 641 1036 718 (in
1095 639 1304 719 Λογίῳ
1370 639 1565 720 Ἐρμῇ
1630 659 1779 725 pag.
1840 637 1969 703 421
1997 643 2179 724 sqq.).
2248 634 2374 700 Sed
2434 635 2713 718 praestat

337 745 628 832 singulos
674 744 846 810 locos
885 747 1214 830 inspicere.

433 851 591 938 Pag.
640 849 740 916 211
788 870 921 937 sqq.
967 850 1268 916 editionis
1316 848 1396 917 G.
1447 849 1777 917 Dindorfii.
1827 848 1862 924 ἢ
1910 849 2056 929 πρὸς
2102 853 2312 913 ταῦτα
2360 845 2473 922 μὲν
2520 845 2554 918 ἢ
2592 841 2713 920 φύ-

337 981 438 1027 σις
498 956 764 1032 ὄμματα
812 953 879 1032 ἐξ
926 957 1127 1035 ἀρχῆς
1175 957 1567 1034 ἐτεκτήνατο,
1614 958 1718 1020 καὶ
1766 953 2060 1031 πάρεστιν
2108 951 2189 1020 εὖ
2236 949 2711 1030 γενομένοις

335 1064 482 1141 &pier
530 1059 692 1136 ἥλιόν
741 1087 811 1126 τε
858 1062 961 1126 καὶ
1009 1067 1265 1136 σελήνην
1311 1063 1414 1128 καὶ
1455 1065 1540 1126 τοὶ
1585 1064 1779 1127 λοιπὰ
1826 1059 2027 1142 ἄστρα
2075 1061 2178 1125 καὶ
2226 1061 2329 1125 τὸν
2364 1055 2711 1134 ξύμπαντα

331 1168 598 1249 οὐρανὸν,
642 1170 856 1233 ἐκεῖνον
903 1169 965 1232 δὲ
1013 1167 1283 1234 κατιδεῖν
1329 1171 1662 1246 ἀγαπητὸν
1708 1164 1824 1249 ὅτῳ
1872 1168 1975 1233 καὶ
2024 1169 2111 1238 εἰς
2156 1166 2365 1246 χρόνον
2406 1161 2473 1238 ἐξ
2512 1163 2711 1252 αὐτῶν

333 1278 563 1342 ἐκείνου
609 1274 902 1357 ἐφίκοιτο.
971 1275 1098 1339 Pro
1145 1272 1212 1340 εὖ
1256 1278 1596 1352 γενομένοις
1646 1275 1965 1341 Iacobsius
2010 1276 2357 1340 coniecerat
2401 1267 2713 1348 ἀνεῳγμέ-

329 1406 454 1454 νοις
472 1431 489 1460 ,
553 1382 720 1468 quod
767 1381 1129 1447 Dindorfius
1175 1381 1380 1465 oculis,
1420 1383 1862 1448 coniventibus
1906 1384 1975 1446 in
2020 1385 2275 1446 textum
2320 1378 2575 1462 recepit.
2640 1372 2710 1439 Si

330 1491 614 1554 maxim0
675 1492 1050 1573 corruptum
1108 1493 1206 1552 est
1266 1485 1332 1552 εὖ
1393 1490 1771 1566 γενομένοις,
1836 1509 1963 1552 non
2021 1486 2208 1552 video
2253 1481 2711 1568 simpliciorem

329 1594 842 1662 emendationem
858 1642 874 1672 ,
923 1600 1112 1680 atque
1158 1593 1312 1660 adeo
1357 1598 1671 1679 aptiorem
1719 1615 1912 1680 quam
1955 1592 2127 1663 εὐθὺς
2175 1590 2539 1670 γενομένοις.
2602 1585 2709 1654 Sic

329 1705 510 1767 enim
553 1705 966 1786 oppununtur
1009 1703 1176 1766 inter
1221 1722 1289 1766 se
1335 1702 1506 1772 εὐθὺς
1543 1708 1610 1766 et
1646 1703 1731 1770 εἷς
1772 1703 1998 1782 χρόνον.
2046 1701 2171 1764 Pro
2194 1695 2308 1779 ὅτῳ
2330 1695 2707 1762 Harduinus

327 1809 589 1892 scripsit
627 1803 813 1876 ὅστις.
861 1803 958 1872 Cf.
1005 1826 1156 1892 pag.
1198 1803 1330 1871 270
1347 1826 1402 1870 a.
1450 1807 1617 1872 Plat.
1663 1806 1819 1893 Leg.
1870 1804 2002 1871 653
2016 1805 2095 1870 A.

422 1912 580 1998 Pag.
634 1910 792 1976 12b.
859 1912 892 1985 ἢ
955 1911 1179 1993 λέμβῳ
1241 1913 1432 1993 μικρῷ
1483 1914 1856 1978 ἐπιπλέοντα
1905 1912 2059 1991 δίχα
2109 1909 2325 1975 οἰάκων
2354 1910 2709 1975 -διαναυ-

323 2026 568 2098 μαχεῒν
592 2020 736 2095 πρὸς
759 2021 964 2098 τριήρη
1002 2020 1293 2098 μεγάλην
1322 2058 1406 2069 -
1434 2021 1694 2096 πονηρὰν
1740 2022 1865 2098 γὰρ
1904 2021 2013 2096 τὴν
2052 2020 2418 2099 ναυμαχίαν
2460 2018 2487 2082 ὅ
2526 2021 2711 2083 τοιοῦ-

325 2147 435 2194 τος
498 2125 936 2201 ναυτίλλεται,
1001 2125 1051 2189 εί
1100 2124 1204 2189 καὶ
1252 2126 1504 2208 βραχύν
1549 2149 1691 2191 τινα
1736 2129 1948 2210 χρόνον
1995 2126 2111 2191 ὑπὸ
2158 2126 2532 2204 κουφότητος
2580 2125 2707 2190 δια-

329 2229 536 2308 Φύγοι
607 2235 724 2301 ται,-
795 2229 1100 2308 ἔμβολάς.
1184 2231 1279 2297 De
1346 2233 1556 2297 verbis
1624 2232 1993 2313 ναυμαχίαν
2064 2233 2469 2297 ναυτίλλεται
2538 2234 2707 2296 recte

327 2336 637 2402 Reiskius
722 2338 1053 2402 annotavit
1116 2337 1563 2404 mirabundus:
1639 2338 1887 2424 „qualis
1957 2339 2152 2404 dictio
2172 2335 2233 2402 1”
2303 2336 2379 2401 V.
2447 2335 2706 2415 πονηρὰν

322 2441 719 2508 mutandum
778 2444 848 2506 in
910 2442 1152 2520 πικρὰν,
1216 2442 1292 2508 de
1339 2447 1520 2509 cuius
1567 2443 1862 2511 vocabuli
1905 2466 2029 2510 usu
2071 2443 2385 2510 videndus
2432 2440 2709 2510 Cobetus

319 2553 402 2614 in
437 2550 750 2634 epimetro
785 2568 918 2613 var.
955 2548 1100 2614 lect.
1141 2549 1266 2614 Pro
1303 2556 1632 2635 praesente
1670 2552 1921 2638 requiro
1960 2550 2257 2615 futurum
2296 2557 2704 2615 ναυτιλεῒται.

423 2655 582 2741 Pag.
635 2652 719 2718 13
734 2654 796 2719 b.
860 2655 1324 2733 φιλανθρωπίας
1384 2659 1510 2736 γὰρ
1572 2655 1719 2722 ἴδιον
1762 2653 1832 2722 εὖ
1877 2667 2068 2724 ποιεῖν
2114 2657 2148 2734 ἢ
2201 2661 2436 2734 κακῶς,
2483 2657 2594 2730 τὴν
2642 2654 2705 2720 δὲ

326 2760 545 2826 αἰτίαν
589 2757 734 2834 ξυνὴ
783 2759 1001 2825 τούτου
1049 2759 1294 2836 ἄμεινον
1341 2763 1677 2828 ἐπίσταται
1724 2763 2093 2842 Φιλοσοφία.
2139 2762 2347 2830 Locus
2392 2767 2491 2829 est
2534 2763 2711 2826 miri-
2820 2843 2829 2852 ·

321 2867 448 2932 fice
495 2865 892 2951 depravatus.
943 2865 1148 2931 Verba
1192 2867 1226 2940 ἢ
1269 2874 1470 2938 κακῶς
1509 2871 1648 2934 sine
1684 2891 1867 2934 mora
1900 2869 2208 2935 mutanda
2243 2873 2313 2934 in
2352 2871 2442 2943 μὴ
2482 2875 2705 2939 κακῶς.

323 2971 434 3037 Ad
495 2993 560 3036 v.
613 2967 756 3046 Souis
805 2970 1104 3036 viderunt
1149 2975 1274 3038 viri
1320 2973 1492 3039 docti
1534 2974 1819 3060 glossam
1864 2979 1935 3040 in
1980 2975 2116 3041 cod.
2164 2975 2224 3040 A
2264 2975 2517 3041 referri:
2566 2974 2704 3039 ἀντὶ

323 3081 440 3142 τοῦ
507 3083 705 3147 κοινῶς
725 3125 742 3154 ,
809 3077 1020 3163 „quod
1081 3081 1192 3164 qui
1253 3082 1505 3164 scripsit
1552 3078 1700 3160 ξυνῇ
1745 3080 1928 3168 legit.
1976 3081 2295 3147 Iacobsius
2341 3083 2706 3146 annotavit:

325 3205 413 3249 ex
458 3179 678 3258 ξυνῆκε
724 3182 982 3248 videtur
1019 3189 1270 3261 ortum,
1312 3206 1472 3270 quae
1510 3186 1723 3273 glossa
1760 3209 1897 3254 voc.
1942 3187 2321 3254 ἐπίσταται”
2349 3186 2711 3266 (Dindorfi).

327 3288 568 3354 Omnia
611 3295 912 3353 sanantur
957 3289 1220 3374 expulsa
1264 3291 1582 3376 superflua
1630 3314 1784 3358 voce
1802 3339 1819 3370 ‚
1866 3300 1943 3358 ut
1986 3292 2129 3371 ξυνὴ
2178 3292 2527 3378 appellavit
2564 3291 2715 3357 Din-

327 3395 601 3472 dorfius‚
649 3401 864 3460 tamen
912 3394 1058 3460 vide
1104 3417 1184 3461 ne
1230 3395 1375 3474 ξυνίι
1424 3418 1503 3462 ex
1547 3397 1778 3473 ξύνοιδε
1826 3407 2042 3465 ortum
2088 3401 2209 3476 sit,
2257 3398 2336 3463 ad
2374 3397 2539 3484 quod
2576 3419 2716 3464 ver-

323 3503 494 3566 bum
537 3500 855 3585 adscripta
895 3505 1053 3574 erat,
1077 3499 1294 3587 glossa
1339 3504 1679 3570 ἐπίσταται
1701 3555 1715 3576 .
1764 3526 1923 3591 quae
1970 3511 2189 3591 postea
2234 3507 2303 3570 in
2341 3508 2713 3570 contextum

324 3608 544 3673 irruit.

428 3712 585 3799 Pag.
639 3710 723 3776 14
741 3733 794 3777 c.
843 3715 878 3787 ἦ
927 3713 1110 3777 τοῦτό
1155 3713 1287 3777 ἐστι
1334 3714 1405 3777 τὸ
1453 3716 1645 3793 σοφὸν
1692 3720 1800 3780 τοῦ
1848 3720 2089 3794 κομψοῦ
2135 3718 2309 3783 τοῦδε
2349 3715 2710 3797 φαρμάκου,

332 3813 423 3889 οἷς
469 3823 580 3892 μὲν
631 3817 1018 3898 προσάγεται
1069 3820 1174 3884 οὐκ
1224 3820 1468 3897 ἰᾶσθαι,
1518 3815 1603 3892 οἷς
1652 3821 1714 3886 δὲ
1762 3822 1829 3887 οὐ
1877 3823 2293 3902 προσάγεται,
2359 3823 2593 3893 τούτοις
2641 3822 2712 3899 δὴ

332 3923 692 4004 ξυμφέρειν.
755 3925 960 3991 Nemo
1025 3925 1276 3991 dubitat
1335 3931 1490 4012 quin
1554 3928 1624 4002 δὴ
1672 3932 1741 3994 in
1786 3928 1849 3994 δὲ
1892 3931 2278 3996 mutandum
2322 3933 2425 3995 sit.
2499 3929 2594 3996 De
2641 3949 2715 3994 ea

333 4033 800 4097 coniunctionis
871 4030 932 4096 δὲ
1001 4035 1378 4116 repetitione
1447 4034 1586 4100 fuse
1658 4035 2069 4122 disputarunt
2133 4037 2567 4102 Buttmannns
2635 4037 2715 4102 ad

335 4135 669 4204 Demosth.
733 4137 1004 4201 Midian.
1065 4137 1328 4203 Excurs.
1377 4138 1524 4204 XII.
1574 4140 1820 4207 Werfer
1864 4144 1932 4206 in
1981 4143 2121 4208 Act.
2170 4142 2339 4208 Phil.
2386 4142 2634 4209 Monac.
2684 4143 2717 4208 Ι

339 4268 402 4330 p.
451 4241 540 4309 88
565 4264 698 4330 sqq.
750 4240 846 4309 Of.
895 4249 960 4309 et
1007 4242 1422 4310 Scheiderum
1467 4246 1546 4311 ad
1592 4247 1784 4313 Isocr.
1833 4247 1939 4327 IV,
1993 4250 2051 4313 1.

430 4349 586 4436 Pag.
643 4348 726 4414 14
745 4349 803 4413 d.
853 4350 882 4414 ὃ
927 4350 1040 4426 μὲν
1089 4352 1358 4424 παλαιὸς
1407 4352 1584 4428 νόμος
1634 4354 1897 4432 φοβερὸς
1949 4351 2103 4419 εἶναι
2151 4354 2227 4420 ἂν
2277 4356 2595 4436 ἐπιχειρῶν
2642 4357 2711 4422 τὸ

337 4454 519 4534 ξίφος
567 4458 644 4529 ὥς
686 4457 769 4520 τὰ
811 4457 1021 4521 πολλὰ
1064 4458 1473 4523 ἀνατείνεται.
1515 4459 1879 4526 Dindorfius
1917 4464 1996 4528 ἂν
2036 4461 2376 4528 delendum
2400 4464 2710 4544 censebat,
