3192 5009
1014 262 1098 309 nn
1141 263 1293 309 mar.
1336 262 1790 311 onnunnmm.
2469 244 2600 311 249

268 432 399 493 taret
452 427 613 513 quod
670 426 979 492 Metellus
1024 430 1209 493 initio
1258 430 1407 492 anni
1454 427 1676 493 hostili
1724 430 1938 493 animo
1986 428 2289 493 adversus
2336 450 2402 493 se
2449 428 2605 493 fece-

266 543 369 611 rat,
426 540 485 598 et
542 555 680 599 rem
723 534 1025 599 demersit
1072 555 1310 621 magno
1361 537 1543 620 quasi
1591 535 1859 600 flumine
1907 536 2247 601 verborum
2295 557 2372 600 ne
2418 534 2603 601 facile

266 640 389 727 quid
442 640 677 705 factum
724 648 889 706 esset
936 648 1386 727 cognoscerent
1434 642 1777 707 auditores.
1828 642 2046 707 Etiam
2095 664 2168 707 ea
2215 662 2374 728 quae
2421 663 2459 706 a
2505 639 2606 708 Gi-

266 768 449 811 cerone
502 752 666 811 tecte
730 746 1081 833 significari
1122 747 1464 812 videantur
1510 748 1827 813 eiusmodi
1872 754 2023 813 sunt
2066 754 2144 813 ut
2188 748 2339 813 huic
2386 748 2606 813 verbo-

260 875 376 917 rum
440 855 665 939 speciei
728 874 987 939 prorsus
1048 853 1228 918 nulla
1289 854 1443 918 fides
1505 854 1795 919 habenda
1857 858 1960 919 sit.
2027 854 2134 920 Sic
2179 858 2468 941 primum
2511 857 2605 920 ita

258 961 473 1025 locutus
520 968 617 1026 est
665 958 887 1028 Cicero
907 1010 924 1038 ,
982 968 1058 1025 ut
1103 960 1289 1027 facile
1338 964 1768 1045 suspicaretur
1813 961 2044 1048 aliquis
2089 960 2373 1026 Sestium
2417 964 2484 1025 in
2533 982 2604 1026 ea

256 1088 310 1131 re
361 1068 539 1133 fuisse
606 1068 827 1130 victum
873 1070 1069 1132 armis
1116 1073 1182 1133 et
1229 1070 1298 1132 vi
1345 1067 1891 1146 adversariorum,
1942 1068 2109 1153 quod
2156 1070 2293 1154 ipse
2339 1070 2606 1133 inermis

256 1181 422 1251 esset,
469 1180 530 1238 et
574 1176 980 1260 rogationem
1030 1195 1163 1239 esse
1199 1175 1537 1257 perlatam;
1590 1174 1700 1239 sed
1745 1180 1962 1239 tamen
2001 1196 2128 1239 non
2167 1179 2419 1259 oportet
2454 1176 2605 1241 huic

256 1283 561 1365 suspicioni
623 1280 935 1347 confidere
955 1330 972 1360 ,
1038 1281 1174 1346 fieri
1237 1284 1407 1346 enim
1454 1287 1669 1366 potest
1713 1288 1790 1345 ut
1835 1280 2124 1347 consulto
2173 1279 2394 1348 Cicero
2441 1282 2604 1347 hanc

254 1389 579 1471 opinionem
634 1390 912 1453 excitare
976 1386 1256 1452 voluerit
1318 1387 1488 1473 apud
1536 1388 1892 1466 auditores,
1941 1410 2020 1453 ne
2069 1388 2232 1453 forte
2283 1391 2428 1473 quis
2477 1408 2604 1453 cre-

254 1493 405 1557 deret
458 1494 649 1579 (quod
709 1515 824 1580 per
882 1514 949 1559 se
1010 1494 1200 1559 valde
1260 1494 1615 1559 verisimile
1657 1501 1779 1576 est)
1831 1494 2118 1560 Sestium
2164 1498 2382 1580 ipsum
2429 1515 2606 1580 para-

252 1602 397 1663 visse
450 1604 585 1664 vim
638 1600 919 1663 maiorem
942 1648 958 1677 ,
1007 1606 1072 1664 et
1120 1603 1258 1665 eius
1308 1603 1543 1677 socios,
1594 1622 1746 1665 cum
1791 1603 1928 1686 ipse
1977 1600 2352 1667 vulneratus
2401 1606 2602 1679 esset,

254 1706 353 1769 hac
392 1708 455 1769 vi
498 1708 848 1792 superiores
897 1706 1093 1770 fuisse
1126 1703 1193 1785 ¹).
1244 1705 1487 1771 Deinde
1522 1709 1618 1771 ita
1657 1709 1796 1794 egit
1835 1705 2086 1785 Cicero,
2131 1714 2208 1771 ut
2247 1707 2604 1793 significare

250 1810 529 1889 videatur,
594 1814 1000 1899 rogationem
1063 1814 1444 1897 pertinuisse
1501 1812 1581 1877 ad
1643 1834 1838 1877 suum
1903 1814 2187 1878 reditum
2214 1810 2284 1895 ²).
2357 1812 2500 1878 Hoc
2549 1815 2605 1877 si

254 1939 453 1982 verum
513 1924 711 1996 esset,
762 1918 1177 1984 statuendum
1224 1924 1389 1985 esset
1434 1920 1596 1985 hanc
1642 1923 2049 2006 rogationem
2097 1941 2422 1985 revocasse
2471 1922 2606 2006 qui-

254 2022 377 2087 dem
420 2022 782 2089 Ciceronem
799 2073 815 2102 ,
864 2024 973 2089 sed
1020 2025 1337 2089 eiusmodi
1382 2026 1855 2091 condicionibus
1874 2074 1891 2104 ‚
1938 2046 2097 2112 quae
2135 2028 2259 2111 ipsi
2297 2024 2603 2091 molestae

255 2132 485 2215 eiusque
550 2132 831 2195 inimicis
892 2130 1046 2194 solis
1106 2135 1333 2217 gratae
1396 2138 1625 2196 essent.
1691 2130 1816 2196 Sed
1879 2133 2002 2197 hoc
2047 2153 2297 2217 quoque
2343 2152 2602 2216 prorsus

252 2236 531 2301 incertum
592 2240 689 2301 est
706 2257 723 2313 ;
790 2235 928 2301 fieri
988 2242 1197 2321 potest
1243 2242 1319 2299 ut
1366 2233 1585 2302 Cicero
1633 2236 1862 2301 falsam
1912 2240 2280 2322 opinionem
2328 2240 2602 2301 excitare

252 2339 525 2418 voluerit,
574 2362 713 2405 rem
761 2340 841 2405 ad
888 2362 1081 2406 suum
1126 2341 1409 2406 reditum
1456 2346 1840 2427 pertinuisse
1859 2393 1874 2421 ,
1921 2350 1998 2408 ut
2047 2364 2118 2409 eo
2166 2342 2414 2407 facilius
2461 2364 2604 2408 cau-

252 2466 361 2509 sam
426 2444 613 2511 Sestii
684 2468 836 2512 cum
906 2468 1022 2511 sua
1084 2468 1275 2513 causa
1336 2450 1752 2534 coniungeret
1811 2454 2010 2534 utque
2076 2448 2361 2514 Sestium
2424 2452 2601 2514 omni

252 2549 407 2636 culpa
458 2558 763 2639 purgaret
824 2552 994 2639 apud
1057 2552 1375 2617 auditores
1440 2574 1626 2631 suos;
1694 2575 1844 2619 nam
1907 2556 2026 2620 hoc
2072 2554 2420 2620 tenendum
2467 2560 2598 2632 est,

252 2658 385 2719 nihil
441 2666 652 2744 aperte
724 2664 788 2723 et
862 2658 1101 2723 directe
1164 2679 1201 2723 a
1263 2656 1562 2725 Cicerone
1627 2660 1948 2725 affirmari.
2011 2660 2234 2746 Itaque
2277 2664 2600 2725 nescimus

254 2762 375 2844 quid
415 2769 714 2851 rogatum
762 2767 848 2829 sit
869 2813 884 2841 ,
934 2767 1253 2829 nescimus
1302 2786 1461 2829 num
1506 2764 1752 2850 perlata
1785 2769 1870 2830 sit
1909 2770 2180 2853 rogatio.
2223 2766 2364 2831 Hoc
2387 2765 2598 2831 solum

252 2874 489 2947 constat,
536 2869 822 2935 Sestium
841 2918 856 2947 ,
909 2891 1059 2934 cum
1102 2871 1414 2956 impedire
1453 2870 1656 2936 vellet
1693 2874 2095 2958 rogationem
2115 2921 2132 2949 ,
2170 2875 2238 2936 in
2279 2872 2598 2957 templum

252 2976 455 3039 venisse
514 2982 578 3039 et
624 2974 879 3041 ,dixisse
939 2999 1002 3039 se
1063 2978 1137 3039 de
1184 2977 1347 3039 caelo
1393 2999 1660 3041 servasse
1675 2998 1691 3054 ;
1742 2977 1913 3063 quod
1959 2976 2182 3043 Cicero
2230 2978 2385 3043 dicit
2432 2980 2468 3063 ξ
2511 2976 2595 3043 ’79

253 3096 371 3142 euin
410 3084 741 3147 sanctitate
790 3083 1154 3147 tribunatus
1202 3082 1442 3147 fretum
1488 3086 1557 3147 in
1605 3083 1926 3169 templum
1973 3088 2222 3149 venisse
2268 3092 2334 3150 et
2378 3085 2598 3148 obnun-

253 3183 395 3248 time
456 3187 735 3267 consuli,
800 3193 867 3253 et
926 3190 962 3273 ξ
1002 3187 1086 3253 81
1162 3210 1313 3253 eum
1372 3190 1667 3272 auspiciis
1711 3192 2108 3276 reliqionique
2141 3199 2457 3273 parentem
2506 3192 2598 3255 ob-

253 3294 515 3357 nuntiam
574 3296 733 3379 quod
790 3302 1057 3358 senserat
1118 3296 1255 3375 (cfr.
1324 3316 1495 3381 supr.
1560 3318 1711 3383 pag.
1762 3296 1844 3362 81
1914 3297 2056 3362 adn.
2111 3297 2175 3378 1)
2237 3318 2363 3362 non
2410 3297 2596 3363 debet

254 3416 337 3460 nos
394 3400 727 3485 perducere
796 3408 873 3465 ut
934 3401 1267 3467 credamus
1285 3451 1302 3479 ,
1370 3401 1659 3467 Sestium
1721 3409 2021 3467 conatum
2083 3424 2219 3468 esse
2267 3402 2595 3469 consulem

254 3500 543 3571 admonere
614 3506 693 3571 de
768 3510 1014 3572 tonitru
1081 3508 1250 3592 quod
1316 3514 1462 3573 tum
1522 3511 1742 3595 ipsum
1803 3513 1974 3574 inter
2039 3513 2301 3575 comitia
2347 3511 2592 3575 factum

304 3730 345 3787 1)
374 3731 499 3782 Hanc
532 3738 717 3799 partem
752 3750 917 3784 musae
952 3734 1196 3783 Sestianae
1232 3736 1375 3785 fnisse
1410 3736 1615 3785 maxime
1649 3738 1956 3803 impeditam,
1993 3746 2040 3786 et
2071 3738 2129 3787 ad
2159 3753 2266 3788 cam
2295 3738 2593 3803 purgandam

256 3822 343 3872 opus
378 3814 511 3865 fuine
556 3814 775 3865 omnibns
810 3816 994 3866 artibus
1028 3817 1281 3877 oratoriis,
1316 3818 1497 3867 indicat
1532 3819 1633 3872 Cic.
1670 3822 1749 3885 Qu
1801 3820 1861 3870 fr.
1899 3822 1946 3869 2.
1969 3822 2016 3869 8.
2037 3822 2082 3869 6.
2137 3848 2206 3857 —
2255 3821 2305 3882 2)
2339 3820 2505 3868 Cicero
2541 3818 2592 3869 in

256 3890 426 3945 Satisne
466 3898 657 3962 quidem
702 3900 747 3961 (ς
768 3900 855 3963 83)
902 3898 1027 3947 nihil
1072 3899 1204 3949 aliud
1250 3899 1368 3949 dicit
1400 3916 1547 3964 quam
1581 3901 1696 3960 hoc,
1733 3902 1940 3951 Sestium
1977 3901 2283 3951 vulneratum
2318 3916 2416 3950 esse
2457 3916 2592 3951 acum

258 3986 403 4025 emm
446 3980 557 4029 civis
610 3980 903 4039 calamitati,
952 3996 1141 4030 cansam
1185 3982 1352 4041 amici,
1400 3998 1589 4032 cauum
1635 3983 1751 4032 bene
1798 3985 1856 4033 de
1902 3984 2142 4049 republica
2179 3984 2366 4042 meriti,
2403 3998 2592 4033 causam

258 4064 425 4117 matut,
470 4076 657 4110 cansam
704 4062 899 4127 Italiae,
944 4078 1134 4111 causam
1186 4063 1473 4128 reipublicae
1526 4066 1807 4130 suscepisset
1845 4104 1889 4115 ..
1909 4104 1919 4114 .
1955 4066 2250 4116 sanctissima
2298 4066 2348 4115 in
2382 4064 2582 4125 musa'';

259 4136 315 4183 ”d
352 4140 393 4187 in
432 4144 563 4191 Orat.
610 4148 717 4209 post
769 4145 867 4193 red.
897 4144 948 4193 in
975 4146 1085 4195 Seu.
1118 4146 1207 4207 (12
1245 4147 1333 4210 80)
1364 4146 1506 4196 dicit:
1544 4148 1782 4197 »Sestium
1817 4150 2076 4197 ostendisse
2123 4148 2338 4213 corporis
2382 4150 2592 4199 vulneri·

260 4211 319 4265 bt!
344 4235 459 4272 tum
493 4240 605 4288 erqa
648 4224 911 4275 Cicer-ouen
948 4226 1329 4277 benevolentiam
1364 4232 1413 4277 et
1450 4227 1643 4279 fidem”.
1676 4230 1836 4279 Schol.
1877 4229 1995 4280 Βοὴ.
2033 4230 2107 4296 (p.
2143 4231 2262 4291 292)
2299 4246 2400 4280 rem
2435 4234 2590 4281 totam

260 4302 407 4422 1flettulit
435 4307 487 4355 nd
526 4308 878 4357 restitutionem
912 4308 1185 4369 Ciceroni„
1218 4310 1299 4357 sed
1337 4310 1377 4358 is
1413 4311 1606 4376 scripsit
1637 4313 1762 4375 quod
1794 4328 1848 4360 ex
1885 4312 2042 4361 verbis
2075 4313 2320 4362 Ciceronis
2357 4314 2589 4362 deducen-

284 4394 345 4429 11111
370 4399 455 4434 ente
486 4388 687 4453 putavit.
