3192 5009
513 260 554 324 6
1522 276 1857 325 nomme.

602 442 780 508 Idem
840 441 1015 508 valet
1075 442 1152 507 de
1205 441 1322 507 oda
1366 442 1464 507 111
1486 441 1592 509 27.
1658 442 1825 524 Quid
1868 444 2042 509 enim
2090 446 2320 510 attinet
2368 442 2683 509 declarare
2727 448 2876 529 post

511 549 668 615 alios
731 570 983 615 carmen
1045 570 1122 613 ex
1173 552 1369 614 variis
1415 553 1641 635 pannis
1692 571 1823 617 esse
1870 555 2207 615 consutum
2225 599 2241 628 ,
2292 570 2424 615 esse
2473 548 2835 629 „insulsum
2852 598 2871 627 ,

509 656 716 720 Musis
759 658 938 720 iratis
984 658 1411 741 compositum
1425 706 1442 733 ‚
1493 662 1567 721 ut
1621 660 1941 743 corrumpi
2000 678 2079 723 ne
2141 658 2219 722 ab
2282 659 2676 742 ineptissimo
2739 658 2877 741 qui-

513 763 658 827 dem
716 766 1135 849 grammatico
1197 763 1541 848 potuerit.'’
1593 764 1767 842 (ibid.
1792 786 1854 849 p.
1885 761 2042 845 40ss
2091 764 2311 829 Nonne
2357 762 2631 848 prudens
2677 761 2879 827 lector

510 876 622 934 aut
681 870 828 934 inde
887 869 1218 934 concludet
1264 875 1474 934 totum
1521 891 1749 956 poema
1794 891 1944 935 cum
1990 868 2432 955 Peerlkampio
2482 870 2558 935 ab
2604 868 2875 933 Horatio

512 996 643 1040 esse
703 975 1193 1040 abiudicandum
1212 1024 1228 1053 ,
1293 982 1407 1040 aut
1467 979 1742 1041 rationes
1790 980 2081 1060 quaeret,
2135 978 2247 1060 qui
2294 974 2427 1040 fieri
2475 977 2756 1060 potuerit
2798 977 2877 1039 ut

510 1088 698 1166 poeta
714 1130 730 1158 ,
793 1080 948 1146 alibi
1005 1082 1084 1145 ab
1128 1080 1525 1146 Hartmanno
1572 1084 1857 1167 impense
1907 1081 2201 1146 laudatus
2248 1082 2325 1147 ob
2372 1080 2655 1166 leporem
2703 1082 2879 1167 inge-

453 1176 460 1183 ’
511 1190 692 1251 nium
761 1192 964 1252 artem
981 1236 998 1265 ,
1065 1188 1432 1252 istiusmodi
1491 1190 1765 1273 ineptias
1824 1187 2000 1252 nullo
2063 1192 2326 1274 cogente
2392 1186 2759 1252 conflauerit
2812 1192 2878 1252 et

513 1294 796 1359 ediderit.

599 1399 762 1465 Sunt
822 1420 966 1464 sane
1023 1399 1194 1464 haud
1253 1404 1440 1484 pauci
1500 1401 1729 1487 quibus
1789 1421 2042 1465 carmen
2108 1421 2235 1464 non
2292 1420 2369 1464 ex
2415 1402 2606 1465 variis
2656 1402 2879 1485 pannis

512 1507 806 1573 videatur
863 1512 1200 1571 consutum
1222 1556 1238 1584 ,
1292 1514 1371 1572 ut
1415 1529 1619 1593 neque
1665 1508 1863 1585 mihi,
1914 1528 2028 1571 nec
2071 1506 2397 1593 inelegans
2445 1506 2881 1571 ‹at-inficetum

515 1620 628 1679 aut
687 1612 954 1678 Horatio
1005 1614 1363 1700 indignum.
1416 1613 1539 1679 Sed
1589 1615 1665 1679 de
1710 1614 1827 1679 hac
1877 1616 2241 1699 quaestione
2288 1612 2485 1700 longa
2529 1618 2627 1677 est
2672 1613 2883 1698 dispu-

517 1723 673 1785 tatio
721 1724 786 1783 et
833 1720 911 1784 ab
960 1720 1076 1785 hac
1120 1722 1532 1805 inquisitione
1579 1719 1804 1786 aliena.

605 1812 702 1890 In*
743 1824 806 1889 Π
832 1823 870 1889 5
933 1826 1360 1911 penultimam
1421 1827 1753 1911 stropham
1807 1825 2242 1892 Hartmannus
2289 1827 2744 1910 interpretatus
2792 1830 2889 1891 est

517 1935 606 1998 sic
667 1932 845 2016 (ibid.
888 1954 950 2018 p.
994 1931 1140 2013 41):
1215 1930 1547 1999 Chloris
1610 1932 1800 1998 albo
1862 1935 1978 1996 sic
2043 1931 2389 1997 humero
2450 1934 2735 1997 nitens
2796 1938 2889 1997 ut

518 2060 764 2126 pura.
795 2088 808 2103 .
840 2086 854 2103 .
902 2038 1101 2104 luna
1150 2037 1613 2106 Cnidiusve
1655 2036 1931 2127 Gyges
1970 2038 2321 2103 renidet.
2371 2036 2495 2103 Sed
2539 2041 2709 2103 iusta
2748 2058 2893 2103 con—

519 2148 782 2211 structio
855 2146 1009 2211 haec
1079 2152 1208 2210 est:
1280 2145 1591 2232 Lalage
1634 2195 1649 2210 .
1680 2194 1739 2210 ..
1826 2144 2184 2222 dilecta,
2258 2149 2664 2229 quantum
2732 2166 2891 2209 non

520 2250 962 2317 Pholoe...
1016 2271 1168 2315 non
1213 2248 1685 2317 Chloris...
1739 2248 2199 2317 Cnidiusve
2248 2246 2528 2336 Gyges
2576 2271 2659 2315 sc.
2703 2250 2891 2315 dilec-

519 2365 627 2422 tus
688 2362 818 2433 est,
883 2359 994 2441 qui
1055 2377 1212 2441 puer
1273 2378 1388 2421 cur
1456 2356 1741 2422 multum
1810 2356 2079 2422 dilectus
2147 2361 2214 2421 et
2281 2355 2628 2442 celebratus
2696 2356 2892 2421 fuerit

522 2464 626 2546 (cf.
697 2462 826 2540 ΠΙ,
882 2460 939 2527 7.
970 2461 1007 2526 5
1079 2470 1142 2527 et
1210 2462 1411 2548 Epod.
1464 2462 1566 2527 11.
1595 2463 1685 2550 4),
1758 2484 1885 2529 non
1947 2462 2203 2528 dedecet
2264 2462 2573 2548 peculiari
2634 2461 2894 2549 stropha

520 2570 816 2635 indicare.
948 2612 958 2621 -

615 2672 883 2742 Carmen
923 2674 997 2739 de
1030 2676 1331 2741 vaticinio
1369 2675 1558 2740 Nerei
1596 2673 1629 2738 I
1661 2674 1741 2739 15
1778 2677 2003 2740 acriter
2023 2675 2199 2740 idem
2220 2677 2576 2761 exagitavit
2598 2695 2662 2760 p.
2689 2672 2775 2738 45
2800 2696 2892 2761 sq.

525 2780 930 2846 Vondelio
978 2786 1190 2846 nostro
1238 2803 1443 2845 unum
1491 2803 1569 2846 ex
1618 2782 1912 2847 omnibus
1960 2782 2230 2868 dignum
2268 2784 2485 2846 visum
2526 2787 2622 2846 est
2660 2784 2729 2845 in
2769 2800 2887 2866 quo

525 2886 827 2953 vertendo
873 2891 1040 2952 vires
1085 2908 1232 2952 suas
1279 2894 1627 2966 exerceret,
1676 2910 1801 2953 non
1846 2889 2056 2953 dicam
2091 2888 2261 2953 felici
2284 2894 2537 2954 eventu.
2591 2885 2891 2955 Ceterum

527 3002 591 3060 et
637 2994 790 3059 haec
836 2994 957 3058 oda
1003 3000 1066 3059 et
1111 2996 1492 3081 gravissima
1547 2994 1623 3060 de
1686 2993 1890 3060 Lollio
1954 2993 2041 3058 IV
2090 2993 2129 3059 9
2194 2994 2370 3075 (ibid.
2420 3017 2483 3080 p.
2535 2992 2646 3075 51)
2693 3016 2772 3059 ex
2816 2996 2895 3059 iis

529 3107 677 3166 sunt
747 3099 949 3165 denuo
969 3150 984 3177 ,
1055 3122 1215 3186 quae
1282 3107 1357 3165 ut
1419 3100 1603 3187 plene
1668 3102 2061 3186 expficentur
2124 3100 2415 3188 longiore
2468 3102 2896 3187 disputatione

528 3208 879 3293 indigeant.

619 3311 696 3376 In
741 3315 1017 3378 carmine
1066 3319 1290 3399 quarto
1325 3312 1369 3378 l.
1408 3312 1494 3377 IV
1533 3334 1625 3377 vs.
1654 3312 1740 3377 23
1766 3335 1900 3399 sqq.
1944 3334 2091 3379 vere
2120 3318 2183 3377 et
2208 3312 2531 3399 eleganter
2554 3314 2629 3379 de
2653 3312 2897 3378 Nerone

533 3421 784 3503 scripsit
845 3418 1154 3484 Horatius
1199 3420 1492 3485 barbaros
1540 3440 1623 3484 co
1641 3443 1681 3483 n
1700 3419 1932 3483 siliis
1978 3422 2229 3483 iuvenis
2276 3457 2360 3467 —-
2409 3440 2557 3483 nam
2604 3419 2901 3504 prudenti

533 3529 741 3611 magis
813 3525 1073 3590 consilio
1146 3546 1338 3610 quam
1401 3546 1637 3611 magna
1698 3528 1940 3590 virium
2002 3528 2348 3591 intentione
2412 3545 2568 3610 opus
2629 3529 2765 3590 erat
2824 3524 2899 3589 ad

535 3631 932 3696 debellandos
994 3631 1266 3697 Rhaetos
1330 3638 1394 3697 et
1442 3630 1799 3697 Vindelicos
1832 3630 1873 3710 ¹)
1922 3668 2007 3680 —
2053 3634 2327 3698 revictos
2374 3636 2637 3697 sensisse
2701 3652 2799 3716 qu
2817 3634 2842 3695 i
2860 3630 2898 3696 d

535 3758 760 3802 mens
806 3739 974 3801 rite
1016 3738 1213 3820 quid
1250 3736 1586 3803 indoles
1626 3740 1954 3802 nutrita
1993 3738 2308 3802 faustis
2350 3738 2494 3802 sub
2534 3742 2901 3823 penetra-

534 3844 756 3909 libus
800 3864 844 3929 p
863 3864 899 3907 o
919 3848 1123 3920 sset,
1172 3843 1612 3909 Hartmannus
1648 3850 1865 3909 autem
1902 3847 2139 3921 iocose,
2181 3846 2417 3929 opinor,
2458 3842 2642 3908 finxit
2679 3842 2901 3908 lectori

536 3954 743 4038 magis
805 3949 1198 4036 placiturum
1259 3951 1453 4017 fuisse
1519 3950 2003 4029 „huiuscemodi
2050 3950 2323 4035 aliquid:
2371 3951 2585 4015 hostes
2634 3948 2899 4015 terribili

607 4302 661 4365 1)
713 4302 1048 4351 Mommsen
1098 4300 1155 4349 R.
1201 4298 1260 4349 G.
1323 4300 1350 4347 5
1403 4314 1450 4365 p.
1503 4300 1589 4349 1⁵:
1641 4314 1690 4347 es
1746 4314 1903 4349 waren
1960 4300 2069 4349 sehr
2129 4298 2309 4349 sichero
2361 4298 2455 4349 und
2506 4299 2617 4347 sehr
2667 4297 2902 4348 dankbare

539 4382 820 4433 Lorbeereu.
