3192 5009
1016 249 1099 297 nn
1146 249 1294 295 man
1341 246 1794 296 ossuum-unm.
2467 220 2597 287 255

252 431 449 497 genere
503 417 921 480 comitiorum
982 419 1211 500 agant,
1277 412 1353 478 de
1416 411 1616 477 altero
1661 431 1895 498 genere
1943 430 2067 475 non
2113 408 2288 475 idem
2333 406 2598 471 iubeant

253 517 393 602 quod
432 518 503 583 de
546 520 747 586 altero
766 570 783 599 ‚
833 520 945 585 sed
989 520 1057 585 id
1100 523 1321 605 ipsum
1368 518 1537 605 quod
1584 520 1978 583 contrarium
2023 522 2140 581 est.

324 622 433 689 Sed
476 627 776 693 obiecerit
823 630 1174 712 quispiam,
1226 632 1515 691 auctores
1561 631 1809 691 nostros
1853 645 1980 689 non
2026 642 2245 687 omnes
2291 623 2384 685 ita
2427 622 2596 684 inter

250 750 305 795 se
344 752 643 817 opponere
688 754 925 819 genera
969 735 1383 799 comitiorum
1401 781 1417 810 ,
1466 738 1545 820 ut
1590 730 1759 796 clare
1807 734 2108 816 appareat
2159 728 2235 793 de
2290 726 2599 791 alterutro

245 859 445 924 genere
510 839 843 906 diversum
914 841 1017 904 ius
1079 837 1377 903 valuisse.
1442 838 1584 902 Etsi
1651 837 1727 902 de
1791 834 1932 903 Cic
1952 855 2196 900 erone
2255 833 2377 896 hoo
2422 831 2597 896 idem

246 946 507 1011 contendi
562 968 688 1013 non
733 967 918 1031 posse
966 948 1100 1011 sine
1145 944 1485 1009 manifesto
1535 964 1743 1009 errore
1763 993 1780 1021 ,
1827 944 2267 1027 unusquisque
2314 940 2600 1003 monitus

244 1051 509 1135 concedet
539 1051 610 1131 ¹),
652 1059 869 1117 tamen
914 1050 1262 1117 Dionem
1309 1053 1402 1116 ita
1436 1048 1616 1136 loqui
1657 1049 1890 1114 dixerit
1931 1050 2285 1133 quispiam,
2328 1051 2402 1110 ut
2441 1044 2602 1109 affir-

245 1179 397 1223 mare
437 1158 734 1225 videatur
782 1158 1005 1224 eodem
1052 1164 1340 1242 tempore
1387 1156 1562 1221 idem
1601 1159 1704 1221 ius
1739 1154 2021 1221 valuisse
2061 1154 2138 1219 de
2176 1151 2601 1245 creationibus

244 1267 719 1350 magistratuum
766 1271 831 1330 et
872 1265 949 1331 de
987 1244 1331 1329 lationibus
1370 1263 1617 1349 legum.
1669 1261 1791 1327 Dio
1831 1264 2004 1327 enim
2021 1309 2037 1338 ,
2081 1259 2159 1325 de
2194 1257 2340 1344 lege
2380 1254 2604 1325 Clodia

246 1391 416 1456 agens
475 1370 747 1451 (38.13.
778 1371 816 1435 5
846 1372 969 1457 sq.)
1031 1377 1377 1457 postquam
1428 1372 1724 1455 exposuit
1773 1370 2090 1434 rationem
2135 1366 2477 1451 spectionis
2525 1363 2600 1429 de

247 1477 429 1542 eaelo:
500 1478 627 1543 ἐπεὶ
695 1472 795 1542 οὖν
857 1480 1117 1555 πολλοί,
1177 1478 1432 1563 inquit,
1500 1472 1848 1555 ἐμποδίζειν
1911 1474 1946 1548 ἢ
2012 1472 2206 1547 νόμων
2253 1471 2513 1551 ἑςφορὰς
2566 1468 2600 1542 ἢ

248 1582 533 1665 ἀρχόντων
592 1583 1025 1656 καταστάσεις
1093 1584 1153 1655 ἐς
1203 1584 1305 1647 τὸν
1350 1582 1538 1655 δῆμον
1588 1582 1976 1659 ἐςαγομὲνας
2022 1578 2420 1659 βουλόμενοι,
2470 1599 2607 1656 προ·
2649 1568 2655 1575 ’

250 1692 617 1767 ετῆγγελλον
680 1692 755 1761 ὦς
822 1690 925 1754 καὶ
992 1691 1059 1753 ἐκ
1106 1694 1211 1753 τοῦ
1265 1690 1507 1767 οὐρανοῦ
1557 1688 1668 1759 την
1717 1686 1948 1765 ἡμέραν
1995 1685 2222 1757 ἐκείνην
2269 1682 2607 1760 μαντευσό-

252 1820 429 1872 μενοι,
492 1795 643 1861 ὥστε
690 1796 1004 1873 μηδεμίαν
1054 1797 1114 1860 ἐν
1160 1799 1321 1875 αὐτῇ
1372 1796 1622 1874 κύρωσιν
1673 1796 1776 1859 τὸν
1825 1792 2014 1867 δῆμον
2058 1798 2260 1873 σχεῖν,
2309 1789 2603 1869 Φοβηθεὶς

254 1901 275 1963 ὃ
316 1903 557 1973 Κλώδιος
620 1906 712 1977 μη
759 1900 1172 1981 γραψαμένου
1218 1903 1411 1966 αὐτοῦ
1460 1900 1562 1964 τὸν
1613 1899 1910 1977 Κικέρωνα
1963 1896 2284 1974 α’ναβολῆν
2333 1895 2403 1961 τέ
2449 1919 2607 1983 τινες

254 2008 311 2071 εἰι
366 2014 467 2073 τοῦ
515 2011 785 2075 τοιούτου
832 2008 937 2073 καὶ
985 2008 1202 2088 τριβὴν
1249 2018 1325 2088 τῇ
1374 2007 1507 2087 δίκη
1557 2008 1984 2083 ἐμποιήσωσιν,
2035 2004 2321 2080 ἒςήνεγκε
2369 2002 2604 2078 μηδένα

255 2120 351 2179 τῶν
416 2116 720 2196 ἀρχόντων
782 2116 843 2179 ἐν
904 2122 1048 2187 ταῖς
1113 2116 1367 2194 ἡμέραις
1432 2115 1501 2195 ε’ν,
1556 2108 1656 2183 αἷς
1706 2111 2112 2193 ψηφίσασθαί
2158 2134 2216 2173 τι
2267 2111 2370 2175 τὸν
2419 2110 2606 2185 δῆμον
2709 2186 2718 2191 ὗ

260 2220 570 2296 ἇναγκαῒον
619 2219 747 2298 εἴη,
797 2221 881 2285 τοὶ
932 2222 997 2285 ἐκ
1047 2224 1157 2285 τοῦ
1206 2222 1449 2299 οὐρανοῦ
1497 2218 1844 2295 γιγνόμενα
1897 2224 2294 2297 παρατηρεῖν.
2343 2213 2607 2282 Clodius

260 2328 455 2411 igitur,
497 2330 589 2393 ita
634 2326 813 2412 loqui
856 2325 1115 2392 videtur
1160 2326 1283 2391 Dio
1302 2373 1317 2402 ,
1368 2325 1922 2390 obnuntiationem
1971 2345 2122 2389 cum
2158 2322 2336 2409 leges
2381 2322 2612 2387 ferren-

259 2439 349 2495 tur
391 2432 641 2498 sustulit
660 2482 675 2510 ,
726 2435 877 2518 quia
922 2432 1119 2497 multi
1167 2431 1455 2497 solebant
1500 2452 1614 2517 per
1662 2431 1870 2496 edicta
1915 2430 2362 2495 obnuntiantes
2410 2430 2612 2513 impe-

258 2535 370 2602 dire
425 2537 645 2625 legum
711 2538 978 2604 lationes
1042 2546 1101 2601 et
1160 2537 1487 2601 creationes
1548 2535 2024 2616 maqistratuum.
2090 2534 2213 2600 Sed
2274 2535 2388 2599 vix
2449 2554 2610 2619 opus

262 2644 395 2707 mihi
452 2645 707 2710 videtur
769 2664 1035 2710 monere
1053 2693 1070 2721 ,
1135 2642 1410 2708 Dionem
1430 2692 1446 2721 ,
1513 2644 1768 2708 etiamsi
1832 2642 1911 2707 ad
1974 2662 2216 2707 annum
2268 2639 2354 2705 58
2416 2640 2493 2705 de
2542 2660 2611 2704 re

264 2751 519 2815 universa
577 2756 764 2835 agat,
830 2756 1047 2814 tamen
1091 2752 1361 2814 minime
1409 2768 1767 2813 asseverare
1786 2796 1803 2824 ,
1853 2747 1921 2811 id
1966 2746 2135 2831 quod
2181 2745 2352 2811 dicat
2395 2750 2612 2809 totum

324 2972 365 3037 1)
394 2974 553 3024 Cicero
584 2974 717 3025 clare
751 2974 915 3025 divisit
949 2976 1025 3025 ius
1057 2975 1371 3025 obnuntiandi
1400 2976 1660 3024 secundum
1689 2989 1864 3038 genera
1891 2974 2198 3023 comitiorum
2231 2974 2319 3023 illo
2347 2974 2452 3023 loco
2469 2989 2614 3038 quem

266 3058 375 3105 antea
404 3057 567 3117 attuli,
606 3058 751 3106 Prov.
786 3056 929 3107 Cous.
968 3059 1159 3107 1246:
1202 3072 1357 3106 acum
1394 3057 1491 3105 lex
1526 3057 1783 3105 feratur
1815 3057 1872 3105 de
1906 3057 2036 3105 caelo
2068 3056 2276 3114 servari,
2308 3055 2612 3113 obnuntinri,

266 3133 455 3188 intercedi
489 3140 635 3203 (non)
674 3139 818 3188 licere
854 3138 1013 3204 (iubet
1046 3140 1121 3188 lex
1158 3136 1399 3202 Clodiay'.
1440 3139 1538 3188 Hic
1572 3138 1704 3188 locus
1737 3139 1937 3197 sufficit,
1974 3146 2022 3187 et
2056 3138 2194 3187 facile
2230 3138 2378 3187 vincit
2405 3138 2614 3202 reliquos

268 3214 365 3267 locos
405 3220 481 3270 ubi
531 3221 729 3279 Cicero,
768 3220 1018 3270 brevitatis
1052 3221 1211 3269 studio
1248 3225 1431 3279 motus,
1468 3236 1644 3283 genera
1677 3220 1984 3269 comitiorum
2020 3235 2114 3269 non
2149 3220 2427 3282 distingo&
2464 3236 2617 3283 neque

268 3297 355 3349 licet
379 3306 536 3352 contra
569 3319 681 3353 eum
718 3303 875 3353 locum
913 3304 1181 3352 accuratius
1216 3304 1449 3367 scriptum
1485 3304 1656 3351 afferre
1693 3303 1814 3351 alios
1847 3302 1974 3351 locos
2004 3303 2166 3354 >minus
2201 3310 2418 3351 accurate
2453 3303 2620 3362 factos,

268 3381 387 3431 veluti
426 3384 539 3433 Post
583 3386 682 3434 red.
736 3385 787 3434 in
834 3402 929 3435 aen.
972 3390 1015 3435 5.
1037 3386 1129 3435 112
1170 3384 1441 3449 .(010dius)
1476 3384 1593 3433 tulit
1628 3400 1688 3433 ne
1721 3384 1944 3449 auspiciis
1979 3384 2411 3449 obtemperaretur,
2444 3401 2504 3434 ne
2538 3384 2616 3433 ob-

268 3465 453 3515 nuntiare
499 3467 705 3516 concilio
755 3472 839 3517 aut
887 3467 1125 3525 comitiis,
1174 3482 1232 3515 ne
1275 3466 1367 3530 legi
1418 3466 1714 3515 intercedere
1758 3466 1952 3524 liceret,
2003 3470 2054 3515 ut
2101 3467 2177 3515 lex
2214 3466 2352 3515 Aelia
2391 3466 2522 3515 Fufia
2558 3482 2617 3515 ne

267 3546 458 3599 talene&
491 3552 643 3600 Causa
678 3554 840 3601 autem
876 3566 963 3601 cur
997 3550 1087 3599 hoc
1120 3550 1225 3599 loco
1259 3550 1427 3599 Cicero
1461 3566 1556 3598 non
1592 3550 1840 3614 scripserit
1877 3578 1920 3598 0.
1945 3588 1956 3599 .
1977 3585 1989 3599 .
2011 3566 2072 3598 ne
2102 3550 2193 3613 leqi
2221 3548 2505 3599 obnuntiare
2535 3558 2618 3599 aut

266 3626 521 3681 intercedere
568 3632 736 3681 liceret
770 3666 785 3680 .
807 3670 818 3681 .
841 3631 904 3691 .”,
940 3632 1065 3681 ineat
1098 3632 1149 3681 in
1184 3632 1481 3697 proprietate
1513 3632 1747 3681 sermonis
1781 3632 1950 3690 latini,
1987 3647 2080 3695 quo
2115 3636 2244 3682 recte
2277 3632 2468 3695 quidem
2503 3632 2616 3681 dici·

267 3712 333 3757 tnr
376 3712 485 3776 ‚legi
530 3713 875 3773 intercedere'’,
918 3715 999 3763 sed
1035 3730 1134 3763 non
1168 3714 1287 3763 item
1324 3717 1451 3762 recte
1488 3713 1614 3777 ..legi
1650 3711 1984 3763 obnuntiare’'.
2021 3714 2232 3763 Verbum
2270 3712 2618 3763 nobnuntiare”

272 3791 373 3841 enim
404 3793 609 3857 iungitur
643 3796 793 3845 latine
823 3812 933 3844 cum
967 3796 1128 3844 dativo
1161 3811 1394 3861 personae
1427 3795 1505 3843 cui
1544 3794 1860 3844 obnuntietur
1891 3794 1990 3859 (ex.
2023 3811 2094 3859 gr.
2135 3796 2232 3844 Cic.
2273 3798 2376 3843 Att.
2410 3798 2460 3843 4.
2480 3797 2522 3843 3.
2543 3798 2618 3857 4),

278 3876 343 3919 snt
381 3876 568 3925 ιειίοπὶο
598 3877 673 3925 cui
712 3876 1024 3925 obnuntietur
1059 3876 1255 3941 (veluti2
1294 3876 1581 3925 obnuntiare
1614 3876 1822 3925 comitiis
1858 3888 1906 3924 et
1942 3876 2201 3938 conciliis),
2241 3876 2318 3923 sed
2358 3891 2618 3939 numquam

284 3968 367 4001 enin
394 3956 539 4007 dativo
572 3959 671 4007 eiua
706 3959 776 4007 rei
810 3975 931 4023 quae
963 3959 1066 4023 ipsa
1100 3959 1301 4025 perferri
1342 3958 1657 4023 prohibeatur
1691 3958 2077 4015 obnuntiatione,
2117 3963 2170 4006 ut
2204 3957 2334 4021 leqis.
2391 3957 2487 4006 Pro
2520 3958 2617 4006 for·

295 4036 393 4085 nula
437 4038 545 4102 degi
586 4039 901 4090 obnuntiare”
944 4056 1130 4106 semper
1174 4056 1294 4106 opus
1342 4043 1413 4089 eat
1449 4040 1663 4103 longiore
1699 4040 1966 4098 locutione,
2003 4040 2182 4089 veluti:
2219 4039 2402 4104 -legem
2437 4040 2619 4090 obnun-

299 4114 421 4165 tiando
462 4119 727 4186 impedire''‚
786 4124 1023 4173 ‚comitiis
1073 4122 1357 4173 obnuntiare
1404 4138 1511 4171 cum
1558 4122 1636 4171 lex
1683 4121 1914 4181 seratur”,
1967 4120 2279 4171 ‘obnuntiare
2314 4122 2616 4185 magistratui

308 4193 421 4258 hgun
442 4201 649 4259 terenti'';
678 4211 725 4253 et
762 4206 927 4253 Cicero
961 4220 1098 4269 saepe
1131 4205 1379 4253 brevitatis
1414 4220 1557 4253 causa
1592 4203 1766 4253 meluit
1800 4204 1873 4267 (in
1912 4219 1963 4253 re
2002 4202 2301 4252 auditoribus
2334 4205 2450 4254 satis
2485 4208 2618 4265 ncta)

319 4276 430 4327 uinus
469 4290 663 4334 accurate
713 4287 937 4335 omittere
988 4286 1345 4336 distinctionem
1396 4302 1626 4350 generum
1675 4286 2013 4345 comitiorum,
2057 4301 2202 4350 quam
2245 4285 2336 4335 tali
2381 4286 2618 4335 locutione

322 4370 467 4409 mmo
494 4368 733 4417 orationem
766 4384 912 4421 suam.
