<?xml version="1.0" encoding="UTF-8"?>
<!DOCTYPE html PUBLIC "-//W3C//DTD XHTML 1.0 Transitional//EN"
    "http://www.w3.org/TR/xhtml1/DTD/xhtml1-transitional.dtd">
<html xmlns="http://www.w3.org/1999/xhtml" xml:lang="en" lang="en">
 <head>
  <title>
</title>
<meta http-equiv="Content-Type" content="text/html;charset=utf-8" />
  <meta name='ocr-system' content='tesseract 3.04.00' />
  <meta name='ocr-capabilities' content='ocr_page ocr_carea ocr_par ocr_line ocrx_word'/>
</head>
<body>
  <div class='ocr_page' id='page_1' title='image "./mnemosyne07servgoog_0185.png"; bbox 0 0 3192 5009; ppageno 0'>
   <div class='ocr_carea' id='block_1_1' title="bbox 1203 218 2614 292">
    <p class='ocr_par' dir='ltr' id='par_1_1' title="bbox 1203 218 2614 292">
     <span class='ocr_line' id='line_1_1' title="bbox 1203 218 2614 292; baseline -0.001 -1"><span class='ocrx_word' id='word_1_1' title='bbox 1203 240 1652 292; x_wconf 71' lang='lat' dir='ltr'><strong>Ams&#39;l&#39;omms.</strong></span> <span class='ocrx_word' id='word_1_2' title='bbox 2484 218 2614 289; x_wconf 82' lang='lat'><strong>177</strong></span> 
     </span>
    </p>
   </div>
   <div class='ocr_carea' id='block_1_2' title="bbox 266 404 2616 1027">
    <p class='ocr_par' dir='ltr' id='par_1_2' title="bbox 266 404 2616 1027">
     <span class='ocr_line' id='line_1_2' title="bbox 356 404 2610 497; baseline -0.002 -21"><span class='ocrx_word' id='word_1_3' title='bbox 356 406 489 497; x_wconf 82' lang='lat' dir='ltr'><strong>Gap.</strong></span> <span class='ocrx_word' id='word_1_4' title='bbox 531 408 629 474; x_wconf 86' lang='lat'><strong>39.</strong></span> <span class='ocrx_word' id='word_1_5' title='bbox 700 408 978 486; x_wconf 75' lang='grc' dir='ltr'><strong><em>ἐγένοντο</em></strong></span> <span class='ocrx_word' id='word_1_6' title='bbox 1041 406 1095 474; x_wconf 77' lang='grc' dir='ltr'><strong>δ’</strong></span> <span class='ocrx_word' id='word_1_7' title='bbox 1154 410 1221 473; x_wconf 75' lang='grc' dir='ltr'><strong>αἱ</strong></span> <span class='ocrx_word' id='word_1_8' title='bbox 1286 410 1596 481; x_wconf 78' lang='grc' dir='ltr'><strong><em>διαλύσεις</em></strong></span> <span class='ocrx_word' id='word_1_9' title='bbox 1663 410 1762 473; x_wconf 77' lang='grc' dir='ltr'><strong>ἐπ’</strong></span> <span class='ocrx_word' id='word_1_10' title='bbox 1830 408 2166 474; x_wconf 72' lang='grc' dir='ltr'><strong><em>Εὐκλείδου</em></strong></span> <span class='ocrx_word' id='word_1_11' title='bbox 2197 406 2248 488; x_wconf 92' lang='lat'><strong>1)</strong></span> <span class='ocrx_word' id='word_1_12' title='bbox 2313 404 2610 488; x_wconf 75' lang='grc' dir='ltr'><strong><em>ἄρχοντος</em></strong></span> 
     </span>
     <span class='ocr_line' id='line_1_3' title="bbox 267 508 2616 594; baseline -0.001 -14"><span class='ocrx_word' id='word_1_13' title='bbox 267 518 427 581; x_wconf 71' lang='grc' dir='ltr'><strong><em>κατὰ</em></strong></span> <span class='ocrx_word' id='word_1_14' title='bbox 480 518 585 587; x_wconf 76' lang='grc' dir='ltr'><strong>τὰς</strong></span> <span class='ocrx_word' id='word_1_15' title='bbox 643 516 942 591; x_wconf 74' lang='grc' dir='ltr'><strong><em>συνθήκας</em></strong></span> <span class='ocrx_word' id='word_1_16' title='bbox 1005 516 1233 580; x_wconf 74' lang='grc' dir='ltr'><strong><em>τάσδε·</em></strong></span> <span class='ocrx_word' id='word_1_17' title='bbox 1302 514 1443 587; x_wconf 83' lang='grc' dir='ltr'><strong><em>τοὺς</em></strong></span> <span class='ocrx_word' id='word_1_18' title='bbox 1502 508 1912 594; x_wconf 80' lang='grc' dir='ltr'><strong><em>βουλὸμένους</em></strong></span> <span class='ocrx_word' id='word_1_19' title='bbox 1977 522 2094 579; x_wconf 82' lang='grc' dir='ltr'><strong>τῶν</strong></span> <span class='ocrx_word' id='word_1_20' title='bbox 2156 515 2491 589; x_wconf 69' lang='grc' dir='ltr'><strong><em>Ἀθηναίων</em></strong></span> <span class='ocrx_word' id='word_1_21' title='bbox 2555 512 2616 577; x_wconf 80' lang='grc' dir='ltr'><strong>ἐν</strong></span> 
     </span>
     <span class='ocr_line' id='line_1_4' title="bbox 267 618 2613 701; baseline -0.001 -15"><span class='ocrx_word' id='word_1_22' title='bbox 267 622 432 687; x_wconf 78' lang='grc' dir='ltr'><strong><em>ἄστει</em></strong></span> <span class='ocrx_word' id='word_1_23' title='bbox 486 623 927 699; x_wconf 70' lang='grc' dir='ltr'><strong><em>μεινάντων</em></strong></span> <span class='ocrx_word' id='word_1_24' title='bbox 991 620 1241 699; x_wconf 80' lang='grc' dir='ltr'><strong><em>ἐξοικεῖν</em></strong></span> <span class='ocrx_word' id='word_1_25' title='bbox 1289 622 1460 701; x_wconf 79' lang='grc' dir='ltr'><strong><em>ἔχειν</em></strong></span> <span class='ocrx_word' id='word_1_26' title='bbox 1509 624 1842 687; x_wconf 83' lang='grc' dir='ltr'><strong><em>Ἐλευσῖνα</em></strong></span> <span class='ocrx_word' id='word_1_27' title='bbox 1892 620 2208 699; x_wconf 77' lang='grc' dir='ltr'><strong><em>ἐπιτίμους</em></strong></span> <span class='ocrx_word' id='word_1_28' title='bbox 2261 618 2442 693; x_wconf 76' lang='grc' dir='ltr'><strong><em>ὄντας</em></strong></span> <span class='ocrx_word' id='word_1_29' title='bbox 2492 624 2613 685; x_wconf 82' lang='lat' dir='ltr'><strong>ete.</strong></span> 
     </span>
     <span class='ocr_line' id='line_1_5' title="bbox 266 727 2615 815; baseline -0.002 -22"><span class='ocrx_word' id='word_1_30' title='bbox 266 766 349 776; x_wconf 90' lang='lat'><strong>——</strong></span> <span class='ocrx_word' id='word_1_31' title='bbox 386 728 545 793; x_wconf 82' lang='lat' dir='ltr'><strong>Haeo</strong></span> <span class='ocrx_word' id='word_1_32' title='bbox 600 734 741 793; x_wconf 81' lang='lat' dir='ltr'><strong>tum</strong></span> <span class='ocrx_word' id='word_1_33' title='bbox 805 729 1069 794; x_wconf 86' lang='lat' dir='ltr'><strong>demum</strong></span> <span class='ocrx_word' id='word_1_34' title='bbox 1130 733 1434 813; x_wconf 86' lang='lat' dir='ltr'><strong>poterunt</strong></span> <span class='ocrx_word' id='word_1_35' title='bbox 1478 727 1774 815; x_wconf 83' lang='lat' dir='ltr'><strong>inteUegi</strong></span> <span class='ocrx_word' id='word_1_36' title='bbox 1819 748 1970 793; x_wconf 84' lang='lat' dir='ltr'><strong>oum</strong></span> <span class='ocrx_word' id='word_1_37' title='bbox 2016 734 2372 793; x_wconf 79' lang='lat' dir='ltr'><strong>correctum</strong></span> <span class='ocrx_word' id='word_1_38' title='bbox 2419 727 2615 792; x_wconf 85' lang='lat' dir='ltr'><strong>fuerit</strong></span> 
     </span>
     <span class='ocr_line' id='line_1_6' title="bbox 268 831 2615 920; baseline -0.002 -20"><span class='ocrx_word' id='word_1_39' title='bbox 268 844 555 911; x_wconf 81' lang='grc' dir='ltr'><strong><em>μεῖναι·</em></strong></span> <span class='ocrx_word' id='word_1_40' title='bbox 615 836 797 907; x_wconf 85' lang='grc' dir='ltr'><strong><em>τοὺς</em></strong></span> <span class='ocrx_word' id='word_1_41' title='bbox 866 836 919 899; x_wconf 74' lang='grc' dir='ltr'><strong>δ’</strong></span> <span class='ocrx_word' id='word_1_42' title='bbox 985 834 1237 913; x_wconf 77' lang='grc' dir='ltr'><strong><em>ἐξοικεῖν</em></strong></span> <span class='ocrx_word' id='word_1_43' title='bbox 1284 842 1539 920; x_wconf 85' lang='lat' dir='ltr'><strong>(nempe</strong></span> <span class='ocrx_word' id='word_1_44' title='bbox 1588 834 2044 915; x_wconf 78' lang='grc' dir='ltr'><strong><em>βουλομένους).</em></strong></span> <span class='ocrx_word' id='word_1_45' title='bbox 2093 834 2318 899; x_wconf 80' lang='lat' dir='ltr'><strong>Verbis</strong></span> <span class='ocrx_word' id='word_1_46' title='bbox 2368 831 2615 910; x_wconf 76' lang='grc' dir='ltr'><strong><em>ἐξοικεῖν</em></strong></span> 
     </span>
     <span class='ocr_line' id='line_1_7' title="bbox 266 940 2510 1027; baseline -0.001 -20"><span class='ocrx_word' id='word_1_47' title='bbox 266 950 327 1007; x_wconf 85' lang='lat' dir='ltr'><strong>et</strong></span> <span class='ocrx_word' id='word_1_48' title='bbox 370 940 634 1017; x_wconf 75' lang='grc' dir='ltr'><strong><em>ἐξοίκησις</em></strong></span> <span class='ocrx_word' id='word_1_49' title='bbox 682 944 935 1027; x_wconf 85' lang='lat' dir='ltr'><strong>saepius</strong></span> <span class='ocrx_word' id='word_1_50' title='bbox 978 944 1048 1006; x_wconf 92' lang='lat' dir='ltr'><strong>in</strong></span> <span class='ocrx_word' id='word_1_51' title='bbox 1093 943 1215 1007; x_wconf 85' lang='lat' dir='ltr'><strong>hoo</strong></span> <span class='ocrx_word' id='word_1_52' title='bbox 1264 943 1469 1027; x_wconf 86' lang='lat' dir='ltr'><strong>capite</strong></span> <span class='ocrx_word' id='word_1_53' title='bbox 1518 949 1583 1007; x_wconf 89' lang='lat' dir='ltr'><strong>et</strong></span> <span class='ocrx_word' id='word_1_54' title='bbox 1631 944 1920 1027; x_wconf 75' lang='lat' dir='ltr'><strong>sequenti</strong></span> <span class='ocrx_word' id='word_1_55' title='bbox 1966 943 2176 1005; x_wconf 86' lang='lat' dir='ltr'><strong>utitur</strong></span> <span class='ocrx_word' id='word_1_56' title='bbox 2220 943 2510 1027; x_wconf 78' lang='lat' dir='ltr'><strong>scriptor.</strong></span> 
     </span>
    </p>
   </div>
   <div class='ocr_carea' id='block_1_3' title="bbox 268 1145 2624 2821">
    <p class='ocr_par' dir='ltr' id='par_1_3' title="bbox 268 1145 2624 2821">
     <span class='ocr_line' id='line_1_8' title="bbox 347 1145 2619 1232; baseline -0.002 -19"><span class='ocrx_word' id='word_1_57' title='bbox 347 1145 483 1231; x_wconf 85' lang='lat' dir='ltr'><strong>Cap.</strong></span> <span class='ocrx_word' id='word_1_58' title='bbox 528 1146 611 1212; x_wconf 90' lang='lat'><strong>40</strong></span> <span class='ocrx_word' id='word_1_59' title='bbox 669 1145 972 1212; x_wconf 82' lang='lat' dir='ltr'><strong>laudatur</strong></span> <span class='ocrx_word' id='word_1_60' title='bbox 1032 1148 1346 1212; x_wconf 85' lang='lat' dir='ltr'><strong>modestia</strong></span> <span class='ocrx_word' id='word_1_61' title='bbox 1390 1168 1515 1232; x_wconf 89' lang='lat' dir='ltr'><strong>qua</strong></span> <span class='ocrx_word' id='word_1_62' title='bbox 1564 1146 1984 1213; x_wconf 76' lang='lat' dir='ltr'><strong>Athenienses</strong></span> <span class='ocrx_word' id='word_1_63' title='bbox 2029 1153 2178 1231; x_wconf 86' lang='lat' dir='ltr'><strong>post</strong></span> <span class='ocrx_word' id='word_1_64' title='bbox 2225 1148 2460 1211; x_wconf 85' lang='lat' dir='ltr'><strong>eiectos</strong></span> <span class='ocrx_word' id='word_1_65' title='bbox 2507 1146 2619 1209; x_wconf 83' lang='lat' dir='ltr'><strong>tri-</strong></span> 
     </span>
     <span class='ocr_line' id='line_1_9' title="bbox 268 1252 2619 1340; baseline 0 -24"><span class='ocrx_word' id='word_1_66' title='bbox 268 1256 427 1339; x_wconf 82' lang='lat' dir='ltr'><strong>ginta</strong></span> <span class='ocrx_word' id='word_1_67' title='bbox 460 1256 625 1319; x_wconf 78' lang='lat' dir='ltr'><strong>viros</strong></span> <span class='ocrx_word' id='word_1_68' title='bbox 662 1256 766 1318; x_wconf 87' lang='lat' dir='ltr'><strong>usi</strong></span> <span class='ocrx_word' id='word_1_69' title='bbox 805 1260 954 1318; x_wconf 88' lang='lat' dir='ltr'><strong>sunt</strong></span> <span class='ocrx_word' id='word_1_70' title='bbox 993 1274 1146 1340; x_wconf 82' lang='lat' dir='ltr'><strong>erg-a</strong></span> <span class='ocrx_word' id='word_1_71' title='bbox 1183 1256 1543 1340; x_wconf 80' lang='lat' dir='ltr'><strong>optimates.</strong></span> <span class='ocrx_word' id='word_1_72' title='bbox 1596 1252 1778 1317; x_wconf 86' lang='lat' dir='ltr'><strong>Unus</strong></span> <span class='ocrx_word' id='word_1_73' title='bbox 1812 1254 2020 1319; x_wconf 81' lang='lat' dir='ltr'><strong>homo</strong></span> <span class='ocrx_word' id='word_1_74' title='bbox 2043 1302 2058 1331; x_wconf 93' lang='lat'>‚</span> <span class='ocrx_word' id='word_1_75' title='bbox 2109 1255 2221 1338; x_wconf 91' lang='lat' dir='ltr'><strong>qui</strong></span> <span class='ocrx_word' id='word_1_76' title='bbox 2243 1252 2389 1339; x_wconf 84' lang='lat' dir='ltr'><strong>lege</strong></span> <span class='ocrx_word' id='word_1_77' title='bbox 2412 1254 2619 1317; x_wconf 82' lang='lat' dir='ltr'><strong>invita</strong></span> 
     </span>
     <span class='ocr_line' id='line_1_10' title="bbox 270 1357 2620 1445; baseline -0 -21"><span class='ocrx_word' id='word_1_78' title='bbox 270 1362 541 1445; x_wconf 80' lang='lat' dir='ltr'><strong>coepisset</strong></span> <span class='ocrx_word' id='word_1_79' title='bbox 601 1364 706 1423; x_wconf 80' lang='grc' dir='ltr'><strong>τοῦ</strong></span> <span class='ocrx_word' id='word_1_80' title='bbox 769 1370 1263 1437; x_wconf 74' lang='grc' dir='ltr'><strong><em>μνησικακῆσαι,</em></strong></span> <span class='ocrx_word' id='word_1_81' title='bbox 1312 1381 1463 1425; x_wconf 85' lang='lat' dir='ltr'><strong>cum</strong></span> <span class='ocrx_word' id='word_1_82' title='bbox 1507 1360 1786 1425; x_wconf 79' lang='lat' dir='ltr'><strong>Archino</strong></span> <span class='ocrx_word' id='word_1_83' title='bbox 1833 1365 2088 1424; x_wconf 78' lang='lat' dir='ltr'><strong>auctore</strong></span> <span class='ocrx_word' id='word_1_84' title='bbox 2133 1364 2341 1424; x_wconf 78' lang='lat' dir='ltr'><strong>morte</strong></span> <span class='ocrx_word' id='word_1_85' title='bbox 2387 1357 2620 1424; x_wconf 74' lang='lat' dir='ltr'><strong>multa-</strong></span> 
     </span>
     <span class='ocr_line' id='line_1_11' title="bbox 272 1465 2620 1553; baseline 0 -26"><span class='ocrx_word' id='word_1_86' title='bbox 272 1472 359 1529; x_wconf 85' lang='lat' dir='ltr'><strong>tus</strong></span> <span class='ocrx_word' id='word_1_87' title='bbox 412 1474 598 1544; x_wconf 85' lang='lat' dir='ltr'><strong>esset,</strong></span> <span class='ocrx_word' id='word_1_88' title='bbox 653 1487 842 1532; x_wconf 92' lang='lat' dir='ltr'><strong>nemo</strong></span> <span class='ocrx_word' id='word_1_89' title='bbox 889 1487 1175 1553; x_wconf 83' lang='lat' dir='ltr'><strong>unquam</strong></span> <span class='ocrx_word' id='word_1_90' title='bbox 1222 1472 1444 1553; x_wconf 85' lang='lat' dir='ltr'><strong>postea</strong></span> <span class='ocrx_word' id='word_1_91' title='bbox 1490 1467 1998 1545; x_wconf 70' lang='grc' dir='ltr'><strong><em>ἐμνησικάκησεν,</em></strong></span> <span class='ocrx_word' id='word_1_92' title='bbox 2047 1467 2224 1531; x_wconf 68' lang='grc' dir='ltr'><strong>ἀλλὰ</strong></span> <span class='ocrx_word' id='word_1_93' title='bbox 2251 1465 2304 1547; x_wconf 71' lang='lat'><strong>2)</strong></span> <span class='ocrx_word' id='word_1_94' title='bbox 2353 1465 2620 1530; x_wconf 80' lang='grc' dir='ltr'><strong><em>δοκοῦσιν</em></strong></span> 
     </span>
     <span class='ocr_line' id='line_1_12' title="bbox 272 1572 2618 1656; baseline 0 -21"><span class='ocrx_word' id='word_1_95' title='bbox 272 1574 554 1637; x_wconf 72' lang='grc' dir='ltr'><strong><em>κάλλιστα</em></strong></span> <span class='ocrx_word' id='word_1_96' title='bbox 626 1572 696 1646; x_wconf 69' lang='grc' dir='ltr'><strong>δὴ</strong></span> <span class='ocrx_word' id='word_1_97' title='bbox 771 1574 874 1637; x_wconf 77' lang='grc' dir='ltr'><strong>καὶ</strong></span> <span class='ocrx_word' id='word_1_98' title='bbox 946 1576 1411 1639; x_wconf 68' lang='grc' dir='ltr'><strong><em>πολιτικώτατα</em></strong></span> <span class='ocrx_word' id='word_1_99' title='bbox 1485 1575 1779 1640; x_wconf 70' lang='grc' dir='ltr'><strong><em>ἁπάντων</em></strong></span> <span class='ocrx_word' id='word_1_100' title='bbox 1851 1576 1955 1638; x_wconf 77' lang='grc' dir='ltr'><strong>καὶ</strong></span> <span class='ocrx_word' id='word_1_101' title='bbox 2021 1573 2146 1656; x_wconf 71' lang='grc' dir='ltr'><strong>ἰδίᾳ</strong></span> <span class='ocrx_word' id='word_1_102' title='bbox 2173 1573 2222 1655; x_wconf 83' lang='grc'><strong>3)</strong></span> <span class='ocrx_word' id='word_1_103' title='bbox 2286 1574 2392 1637; x_wconf 77' lang='grc' dir='ltr'><strong>καὶ</strong></span> <span class='ocrx_word' id='word_1_104' title='bbox 2458 1581 2618 1653; x_wconf 67' lang='grc' dir='ltr'><strong><em>κοινῇ</em></strong></span> 
     </span>
     <span class='ocr_line' id='line_1_13' title="bbox 273 1677 2623 1764; baseline 0 -22"><span class='ocrx_word' id='word_1_105' title='bbox 273 1682 585 1759; x_wconf 71' lang='grc' dir='ltr'><strong><em>χρήσασθαι</em></strong></span> <span class='ocrx_word' id='word_1_106' title='bbox 647 1688 791 1751; x_wconf 82' lang='grc' dir='ltr'><strong><em>ταῖς</em></strong></span> <span class='ocrx_word' id='word_1_107' title='bbox 860 1684 1420 1759; x_wconf 71' lang='grc' dir='ltr'><strong><em>προγεγενημέναις</em></strong></span> <span class='ocrx_word' id='word_1_108' title='bbox 1472 1688 1843 1757; x_wconf 81' lang='grc' dir='ltr'><strong><em>συμφοραῖς.</em></strong></span> <span class='ocrx_word' id='word_1_109' title='bbox 1894 1677 2094 1746; x_wconf 84' lang='lat' dir='ltr'><strong>Cuius</strong></span> <span class='ocrx_word' id='word_1_110' title='bbox 2142 1682 2236 1744; x_wconf 89' lang='lat' dir='ltr'><strong>rei</strong></span> <span class='ocrx_word' id='word_1_111' title='bbox 2281 1680 2402 1744; x_wconf 88' lang='lat' dir='ltr'><strong>hoc</strong></span> <span class='ocrx_word' id='word_1_112' title='bbox 2447 1697 2623 1764; x_wconf 79' lang='lat' dir='ltr'><strong>prae-</strong></span> 
     </span>
     <span class='ocr_line' id='line_1_14' title="bbox 272 1785 2622 1872; baseline -0 -23"><span class='ocrx_word' id='word_1_113' title='bbox 272 1788 459 1850; x_wconf 81' lang='lat' dir='ltr'><strong>sertim</strong></span> <span class='ocrx_word' id='word_1_114' title='bbox 492 1785 751 1851; x_wconf 84' lang='lat' dir='ltr'><strong>affertur</strong></span> <span class='ocrx_word' id='word_1_115' title='bbox 794 1789 1242 1851; x_wconf 86' lang='lat' dir='ltr'><strong>testimonium</strong></span> <span class='ocrx_word' id='word_1_116' title='bbox 1290 1787 1458 1871; x_wconf 90' lang='lat' dir='ltr'><strong>quod</strong></span> <span class='ocrx_word' id='word_1_117' title='bbox 1505 1790 1840 1872; x_wconf 86' lang='lat' dir='ltr'><strong>pecuniam</strong></span> <span class='ocrx_word' id='word_1_118' title='bbox 1858 1836 1875 1864; x_wconf 89' lang='lat'><strong><em>,</em></strong></span> <span class='ocrx_word' id='word_1_119' title='bbox 1925 1807 2121 1871; x_wconf 85' lang='lat' dir='ltr'><strong>quam</strong></span> <span class='ocrx_word' id='word_1_120' title='bbox 2169 1788 2442 1872; x_wconf 80' lang='lat' dir='ltr'><strong>triginta</strong></span> <span class='ocrx_word' id='word_1_121' title='bbox 2495 1786 2622 1849; x_wconf 84' lang='lat' dir='ltr'><strong>viri</strong></span> 
     </span>
     <span class='ocr_line' id='line_1_15' title="bbox 274 1890 2623 1977; baseline 0 -23"><span class='ocrx_word' id='word_1_122' title='bbox 274 1911 301 1953; x_wconf 81' lang='grc'><strong>3</strong></span> <span class='ocrx_word' id='word_1_123' title='bbox 348 1890 846 1957; x_wconf 79' lang='lat' dir='ltr'><strong>Lacedaemoniis</strong></span> <span class='ocrx_word' id='word_1_124' title='bbox 907 1902 1208 1957; x_wconf 88' lang='lat' dir='ltr'><strong>mutuam</strong></span> <span class='ocrx_word' id='word_1_125' title='bbox 1254 1899 1615 1958; x_wconf 88' lang='lat' dir='ltr'><strong>sumserant</strong></span> <span class='ocrx_word' id='word_1_126' title='bbox 1661 1893 1740 1957; x_wconf 88' lang='lat' dir='ltr'><strong>ad</strong></span> <span class='ocrx_word' id='word_1_127' title='bbox 1788 1892 2031 1958; x_wconf 85' lang='lat' dir='ltr'><strong>bellum</strong></span> <span class='ocrx_word' id='word_1_128' title='bbox 2080 1898 2300 1961; x_wconf 81' lang='lat' dir='ltr'><strong>eontra</strong></span> <span class='ocrx_word' id='word_1_129' title='bbox 2346 1890 2623 1977; x_wconf 80' lang='lat' dir='ltr'><strong>Thrasy-</strong></span> 
     </span>
     <span class='ocr_line' id='line_1_16' title="bbox 272 1984 2618 2085; baseline 0 -25"><span class='ocrx_word' id='word_1_130' title='bbox 272 1996 463 2061; x_wconf 84' lang='lat' dir='ltr'><strong>bulum</strong></span> <span class='ocrx_word' id='word_1_131' title='bbox 519 1984 877 2085; x_wconf 83' lang='lat' dir='ltr'><strong>gerendum</strong></span> <span class='ocrx_word' id='word_1_132' title='bbox 894 2046 910 2075; x_wconf 93' lang='lat'><strong><em>,</em></strong></span> <span class='ocrx_word' id='word_1_133' title='bbox 983 2020 1018 2063; x_wconf 92' lang='lat' dir='ltr'><strong>e</strong></span> <span class='ocrx_word' id='word_1_134' title='bbox 1080 1998 1334 2084; x_wconf 80' lang='lat' dir='ltr'><strong>publico</strong></span> <span class='ocrx_word' id='word_1_135' title='bbox 1413 2002 1654 2063; x_wconf 84' lang='lat' dir='ltr'><strong>aerario</strong></span> <span class='ocrx_word' id='word_1_136' title='bbox 1735 1998 2212 2083; x_wconf 82' lang='lat' dir='ltr'><strong>persolverunt,</strong></span> <span class='ocrx_word' id='word_1_137' title='bbox 2297 1997 2618 2075; x_wconf 72' lang='grc' dir='ltr'><strong><em>ἡγούμενοι</em></strong></span> 
     </span>
     <span class='ocr_line' id='line_1_17' title="bbox 276 2103 2623 2191; baseline 0.001 -26"><span class='ocrx_word' id='word_1_138' title='bbox 276 2110 420 2167; x_wconf 80' lang='grc' dir='ltr'><strong><em>τοῦτο</em></strong></span> <span class='ocrx_word' id='word_1_139' title='bbox 465 2112 693 2181; x_wconf 70' lang='grc' dir='ltr'><strong><em>πρῶτον</em></strong></span> <span class='ocrx_word' id='word_1_140' title='bbox 739 2104 958 2185; x_wconf 76' lang='grc' dir='ltr'><strong><em>ἄρχειν</em></strong></span> <span class='ocrx_word' id='word_1_141' title='bbox 1008 2113 1182 2169; x_wconf 79' lang='lat' dir='ltr'><strong>AEN</strong></span> <span class='ocrx_word' id='word_1_142' title='bbox 1234 2112 1344 2178; x_wconf 76' lang='grc' dir='ltr'><strong>τῆς</strong></span> <span class='ocrx_word' id='word_1_143' title='bbox 1391 2106 1692 2181; x_wconf 81' lang='grc' dir='ltr'><strong><em>ὁμονοίας.</em></strong></span> <span class='ocrx_word' id='word_1_144' title='bbox 1741 2104 1868 2170; x_wconf 90' lang='lat' dir='ltr'><strong>Pro</strong></span> <span class='ocrx_word' id='word_1_145' title='bbox 1914 2112 2090 2170; x_wconf 81' lang='lat' dir='ltr'><strong>AEN</strong></span> <span class='ocrx_word' id='word_1_146' title='bbox 2138 2103 2486 2191; x_wconf 82' lang='lat' dir='ltr'><strong>legendum</strong></span> <span class='ocrx_word' id='word_1_147' title='bbox 2525 2108 2623 2168; x_wconf 79' lang='lat' dir='ltr'><strong>est</strong></span> 
     </span>
     <span class='ocr_line' id='line_1_18' title="bbox 276 2207 2623 2296; baseline 0.001 -26"><span class='ocrx_word' id='word_1_148' title='bbox 276 2207 335 2271; x_wconf 71' lang='grc' dir='ltr'><strong>δε</strong></span> <span class='ocrx_word' id='word_1_149' title='bbox 352 2216 410 2271; x_wconf 80' lang='grc' dir='ltr'><strong>ἲν</strong></span> <span class='ocrx_word' id='word_1_150' title='bbox 458 2216 605 2289; x_wconf 89' lang='grc'><strong>(11011</strong></span> <span class='ocrx_word' id='word_1_151' title='bbox 650 2212 788 2288; x_wconf 81' lang='grc' dir='ltr'><strong><em>μὲν,</em></strong></span> <span class='ocrx_word' id='word_1_152' title='bbox 838 2216 913 2275; x_wconf 82' lang='lat' dir='ltr'><strong>ut</strong></span> <span class='ocrx_word' id='word_1_153' title='bbox 957 2213 1213 2296; x_wconf 79' lang='lat' dir='ltr'><strong>scripsit</strong></span> <span class='ocrx_word' id='word_1_154' title='bbox 1257 2211 1521 2292; x_wconf 80' lang='lat' dir='ltr'><strong>editor):</strong></span> <span class='ocrx_word' id='word_1_155' title='bbox 1570 2212 1680 2275; x_wconf 73' lang='lat' dir='ltr'><strong>hoc</strong></span> <span class='ocrx_word' id='word_1_156' title='bbox 1713 2212 1981 2293; x_wconf 76' lang='lat' dir='ltr'><strong>primum</strong></span> <span class='ocrx_word' id='word_1_157' title='bbox 2041 2210 2389 2274; x_wconf 75' lang='lat' dir='ltr'><strong>concordiae</strong></span> <span class='ocrx_word' id='word_1_158' title='bbox 2450 2212 2623 2273; x_wconf 71' lang='lat' dir='ltr'><strong>domo-</strong></span> 
     </span>
     <span class='ocr_line' id='line_1_19' title="bbox 278 2315 2622 2395; baseline 0.001 -18"><span class='ocrx_word' id='word_1_159' title='bbox 278 2323 487 2379; x_wconf 71' lang='lat' dir='ltr'><strong>mtum</strong></span> <span class='ocrx_word' id='word_1_160' title='bbox 523 2338 646 2381; x_wconf 65' lang='lat' dir='ltr'><strong>esee</strong></span> <span class='ocrx_word' id='word_1_161' title='bbox 683 2318 890 2380; x_wconf 79' lang='lat' dir='ltr'><strong>debere</strong></span> <span class='ocrx_word' id='word_1_162' title='bbox 927 2318 1070 2381; x_wconf 75' lang='lat' dir='ltr'><strong>rati.</strong></span> <span class='ocrx_word' id='word_1_163' title='bbox 1113 2315 1240 2381; x_wconf 84' lang='lat' dir='ltr'><strong>Hic</strong></span> <span class='ocrx_word' id='word_1_164' title='bbox 1282 2325 1503 2383; x_wconf 85' lang='lat' dir='ltr'><strong>autem</strong></span> <span class='ocrx_word' id='word_1_165' title='bbox 1544 2317 1739 2383; x_wconf 89' lang='lat' dir='ltr'><strong>finem</strong></span> <span class='ocrx_word' id='word_1_166' title='bbox 1776 2318 1970 2382; x_wconf 85' lang='lat' dir='ltr'><strong>habet</strong></span> <span class='ocrx_word' id='word_1_167' title='bbox 2008 2320 2354 2395; x_wconf 80' lang='lat' dir='ltr'><strong>sententia3</strong></span> <span class='ocrx_word' id='word_1_168' title='bbox 2397 2315 2622 2381; x_wconf 84' lang='lat' dir='ltr'><strong>deinde</strong></span> 
     </span>
     <span class='ocr_line' id='line_1_20' title="bbox 279 2419 2618 2509; baseline 0.001 -26"><span class='ocrx_word' id='word_1_169' title='bbox 279 2419 419 2485; x_wconf 75' lang='lat' dir='ltr'><strong>addit</strong></span> <span class='ocrx_word' id='word_1_170' title='bbox 472 2422 847 2489; x_wconf 85' lang='lat' dir='ltr'><strong>Aristoteles</strong></span> <span class='ocrx_word' id='word_1_171' title='bbox 865 2471 881 2500; x_wconf 90' lang='lat'><strong><em>,</em></strong></span> <span class='ocrx_word' id='word_1_172' title='bbox 945 2422 1270 2509; x_wconf 80' lang='lat' dir='ltr'><strong>singulare</strong></span> <span class='ocrx_word' id='word_1_173' title='bbox 1317 2424 1437 2489; x_wconf 83' lang='lat' dir='ltr'><strong>hoe</strong></span> <span class='ocrx_word' id='word_1_174' title='bbox 1485 2444 1619 2489; x_wconf 89' lang='lat' dir='ltr'><strong>esse</strong></span> <span class='ocrx_word' id='word_1_175' title='bbox 1665 2423 1979 2488; x_wconf 89' lang='lat' dir='ltr'><strong>moderati</strong></span> <span class='ocrx_word' id='word_1_176' title='bbox 2025 2426 2226 2487; x_wconf 89' lang='lat' dir='ltr'><strong>animi</strong></span> <span class='ocrx_word' id='word_1_177' title='bbox 2271 2422 2585 2488; x_wconf 85' lang='lat' dir='ltr'><strong>indicium</strong></span> <span class='ocrx_word' id='word_1_178' title='bbox 2602 2470 2618 2499; x_wconf 90' lang='lat'>,</span> 
     </span>
     <span class='ocr_line' id='line_1_21' title="bbox 280 2525 2624 2616; baseline 0.001 -25"><span class='ocrx_word' id='word_1_179' title='bbox 280 2525 401 2591; x_wconf 72' lang='lat' dir='ltr'><strong>alibi</strong></span> <span class='ocrx_word' id='word_1_180' title='bbox 461 2531 631 2594; x_wconf 86' lang='lat' dir='ltr'><strong>enim</strong></span> <span class='ocrx_word' id='word_1_181' title='bbox 694 2529 1033 2616; x_wconf 81' lang='lat' dir='ltr'><strong>populares</strong></span> <span class='ocrx_word' id='word_1_182' title='bbox 1091 2530 1203 2594; x_wconf 92' lang='lat' dir='ltr'><strong>ubi</strong></span> <span class='ocrx_word' id='word_1_183' title='bbox 1265 2532 1539 2596; x_wconf 76' lang='lat' dir='ltr'><strong>vicerint</strong></span> <span class='ocrx_word' id='word_1_184' title='bbox 1601 2551 1727 2594; x_wconf 94' lang='lat' dir='ltr'><strong>non</strong></span> <span class='ocrx_word' id='word_1_185' title='bbox 1785 2532 2038 2616; x_wconf 87' lang='lat' dir='ltr'><strong>propria</strong></span> <span class='ocrx_word' id='word_1_186' title='bbox 2087 2530 2252 2594; x_wconf 85' lang='lat' dir='ltr'><strong>bona</strong></span> <span class='ocrx_word' id='word_1_187' title='bbox 2295 2532 2366 2594; x_wconf 91' lang='lat' dir='ltr'><strong>in</strong></span> <span class='ocrx_word' id='word_1_188' title='bbox 2414 2527 2624 2615; x_wconf 90' lang='lat' dir='ltr'><strong>publi-</strong></span> 
     </span>
     <span class='ocr_line' id='line_1_22' title="bbox 282 2634 2619 2721; baseline 0.001 -24"><span class='ocrx_word' id='word_1_189' title='bbox 282 2652 395 2697; x_wconf 78' lang='lat' dir='ltr'><strong>cum</strong></span> <span class='ocrx_word' id='word_1_190' title='bbox 460 2634 871 2700; x_wconf 81' lang='lat' dir='ltr'><strong>commodum</strong></span> <span class='ocrx_word' id='word_1_191' title='bbox 931 2635 1263 2700; x_wconf 86' lang='lat' dir='ltr'><strong>absumere</strong></span> <span class='ocrx_word' id='word_1_192' title='bbox 1323 2635 1524 2701; x_wconf 88' lang='lat' dir='ltr'><strong>solere</strong></span> <span class='ocrx_word' id='word_1_193' title='bbox 1590 2635 1698 2700; x_wconf 89' lang='lat' dir='ltr'><strong>sed</strong></span> <span class='ocrx_word' id='word_1_194' title='bbox 1763 2634 2155 2700; x_wconf 84' lang='lat' dir='ltr'><strong>adversarios</strong></span> <span class='ocrx_word' id='word_1_195' title='bbox 2218 2638 2433 2721; x_wconf 85' lang='lat' dir='ltr'><strong>potius</strong></span> <span class='ocrx_word' id='word_1_196' title='bbox 2484 2637 2619 2699; x_wconf 89' lang='lat' dir='ltr'><strong>suis</strong></span> 
     </span>
     <span class='ocr_line' id='line_1_23' title="bbox 284 2746 566 2821; baseline 0.021 -21"><span class='ocrx_word' id='word_1_197' title='bbox 284 2758 473 2805; x_wconf 75' lang='lat' dir='ltr'><strong>exuere</strong></span> <span class='ocrx_word' id='word_1_198' title='bbox 495 2746 566 2821; x_wconf 76' lang='lat'><strong>⁸).</strong></span> 
     </span>
    </p>
   </div>
   <div class='ocr_carea' id='block_1_4' title="bbox 288 2939 2628 3883">
    <p class='ocr_par' dir='ltr' id='par_1_4' title="bbox 288 2939 2628 3883">
     <span class='ocr_line' id='line_1_24' title="bbox 351 2939 2617 3033; baseline 0 -25"><span class='ocrx_word' id='word_1_199' title='bbox 351 2939 481 3030; x_wconf 82' lang='lat' dir='ltr'><strong>Gap.</strong></span> <span class='ocrx_word' id='word_1_200' title='bbox 530 2944 637 3009; x_wconf 84' lang='lat'><strong>42.</strong></span> <span class='ocrx_word' id='word_1_201' title='bbox 701 2944 951 3031; x_wconf 80' lang='lat' dir='ltr'><strong>Ephebi</strong></span> <span class='ocrx_word' id='word_1_202' title='bbox 1004 2946 1257 3031; x_wconf 83' lang='lat' dir='ltr'><strong>publice</strong></span> <span class='ocrx_word' id='word_1_203' title='bbox 1305 2948 1699 3033; x_wconf 84' lang='lat' dir='ltr'><strong>praepositos</strong></span> <span class='ocrx_word' id='word_1_204' title='bbox 1745 2946 1872 3011; x_wconf 90' lang='lat' dir='ltr'><strong>sibi</strong></span> <span class='ocrx_word' id='word_1_205' title='bbox 1917 2946 2154 3012; x_wconf 85' lang='lat' dir='ltr'><strong>habent</strong></span> <span class='ocrx_word' id='word_1_206' title='bbox 2200 2946 2617 3027; x_wconf 77' lang='grc' dir='ltr'><strong><em>σωφρονιστὰς</em></strong></span> 
     </span>
     <span class='ocr_line' id='line_1_25' title="bbox 288 3046 2619 3135; baseline 0.003 -24"><span class='ocrx_word' id='word_1_207' title='bbox 288 3046 491 3128; x_wconf 77' lang='lat' dir='ltr'><strong>decem,</strong></span> <span class='ocrx_word' id='word_1_208' title='bbox 552 3052 657 3116; x_wconf 76' lang='grc' dir='ltr'><strong>καὶ</strong></span> <span class='ocrx_word' id='word_1_209' title='bbox 725 3052 1163 3135; x_wconf 74' lang='grc' dir='ltr'><strong><em>[ἐπιμ]ελητην</em></strong></span> <span class='ocrx_word' id='word_1_210' title='bbox 1232 3054 1299 3117; x_wconf 76' lang='grc' dir='ltr'><strong>ἐκ</strong></span> <span class='ocrx_word' id='word_1_211' title='bbox 1362 3060 1479 3116; x_wconf 81' lang='grc' dir='ltr'><strong>τῶν</strong></span> <span class='ocrx_word' id='word_1_212' title='bbox 1542 3051 1754 3116; x_wconf 74' lang='grc' dir='ltr'><strong><em>ἄλλων</em></strong></span> <span class='ocrx_word' id='word_1_213' title='bbox 1817 3055 2150 3124; x_wconf 79' lang='grc' dir='ltr'><strong><em>’Λθηναίων</em></strong></span> <span class='ocrx_word' id='word_1_214' title='bbox 2216 3053 2315 3115; x_wconf 76' lang='grc' dir='ltr'><strong>ἐπὶ</strong></span> <span class='ocrx_word' id='word_1_215' title='bbox 2383 3051 2619 3118; x_wconf 72' lang='grc' dir='ltr'><strong><em>πάντα.</em></strong></span> 
     </span>
     <span class='ocr_line' id='line_1_26' title="bbox 292 3154 2620 3242; baseline 0.003 -25"><span class='ocrx_word' id='word_1_216' title='bbox 292 3156 724 3239; x_wconf 81' lang='grc' dir='ltr'><strong><em>σ[νλ]λαβο’ντες</em></strong></span> <span class='ocrx_word' id='word_1_217' title='bbox 774 3158 826 3221; x_wconf 74' lang='grc' dir='ltr'><strong>δ’</strong></span> <span class='ocrx_word' id='word_1_218' title='bbox 874 3154 1034 3223; x_wconf 79' lang='grc' dir='ltr'><strong><em>οὗτοι</em></strong></span> <span class='ocrx_word' id='word_1_219' title='bbox 1082 3158 1219 3231; x_wconf 84' lang='grc' dir='ltr'><strong><em>τοὺς</em></strong></span> <span class='ocrx_word' id='word_1_220' title='bbox 1265 3158 1576 3242; x_wconf 69' lang='grc' dir='ltr'><strong><em>ἐφήβους,</em></strong></span> <span class='ocrx_word' id='word_1_221' title='bbox 1619 3166 1849 3238; x_wconf 75' lang='grc' dir='ltr'><strong><em>πρῶτον</em></strong></span> <span class='ocrx_word' id='word_1_222' title='bbox 1889 3160 2002 3235; x_wconf 75' lang='grc' dir='ltr'><strong>μὲν</strong></span> <span class='ocrx_word' id='word_1_223' title='bbox 2042 3166 2162 3225; x_wconf 81' lang='lat' dir='ltr'><strong>eto.</strong></span> <span class='ocrx_word' id='word_1_224' title='bbox 2192 3197 2277 3208; x_wconf 97' lang='lat'>—</span> <span class='ocrx_word' id='word_1_225' title='bbox 2305 3158 2620 3238; x_wconf 81' lang='lat' dir='ltr'><strong>Quoniam</strong></span> 
     </span>
     <span class='ocr_line' id='line_1_27' title="bbox 292 3264 2623 3352; baseline 0.003 -29"><span class='ocrx_word' id='word_1_226' title='bbox 292 3282 382 3325; x_wconf 88' lang='lat' dir='ltr'><strong>non</strong></span> <span class='ocrx_word' id='word_1_227' title='bbox 418 3266 479 3327; x_wconf 89' lang='lat' dir='ltr'><strong>in</strong></span> <span class='ocrx_word' id='word_1_228' title='bbox 522 3264 781 3330; x_wconf 77' lang='lat' dir='ltr'><strong>vincula</strong></span> <span class='ocrx_word' id='word_1_229' title='bbox 826 3266 1229 3331; x_wconf 84' lang='lat' dir='ltr'><strong>abducuntur</strong></span> <span class='ocrx_word' id='word_1_230' title='bbox 1276 3267 1539 3352; x_wconf 89' lang='lat' dir='ltr'><strong>ephebi,</strong></span> <span class='ocrx_word' id='word_1_231' title='bbox 1592 3265 1876 3332; x_wconf 83' lang='lat' dir='ltr'><strong>alienum</strong></span> <span class='ocrx_word' id='word_1_232' title='bbox 1922 3269 2047 3331; x_wconf 90' lang='lat' dir='ltr'><strong>nisi</strong></span> <span class='ocrx_word' id='word_1_233' title='bbox 2095 3266 2282 3332; x_wconf 87' lang='lat' dir='ltr'><strong>fallor</strong></span> <span class='ocrx_word' id='word_1_234' title='bbox 2328 3267 2476 3331; x_wconf 82' lang='lat' dir='ltr'><strong>hine</strong></span> <span class='ocrx_word' id='word_1_235' title='bbox 2525 3272 2623 3331; x_wconf 88' lang='lat' dir='ltr'><strong>est</strong></span> 
     </span>
     <span class='ocr_line' id='line_1_28' title="bbox 294 3368 2625 3458; baseline 0.003 -29"><span class='ocrx_word' id='word_1_236' title='bbox 294 3368 513 3435; x_wconf 77' lang='lat' dir='ltr'><strong>verbum</strong></span> <span class='ocrx_word' id='word_1_237' title='bbox 572 3372 945 3449; x_wconf 78' lang='grc' dir='ltr'><strong><em>συλλαβεῖν,</em></strong></span> <span class='ocrx_word' id='word_1_238' title='bbox 1006 3394 1210 3457; x_wconf 91' lang='lat' dir='ltr'><strong>neque</strong></span> <span class='ocrx_word' id='word_1_239' title='bbox 1274 3374 1509 3437; x_wconf 84' lang='lat' dir='ltr'><strong>rectius</strong></span> <span class='ocrx_word' id='word_1_240' title='bbox 1571 3373 1657 3436; x_wconf 85' lang='lat' dir='ltr'><strong>ad</strong></span> <span class='ocrx_word' id='word_1_241' title='bbox 1701 3373 1900 3435; x_wconf 77' lang='lat' dir='ltr'><strong>omnia</strong></span> <span class='ocrx_word' id='word_1_242' title='bbox 1945 3372 2391 3458; x_wconf 83' lang='lat' dir='ltr'><strong>(perpetranda</strong></span> <span class='ocrx_word' id='word_1_243' title='bbox 2437 3375 2625 3437; x_wconf 85' lang='lat' dir='ltr'><strong>nimi-</strong></span> 
     </span>
     <span class='ocr_line' id='line_1_29' title="bbox 296 3471 2627 3563; baseline 0.002 -28"><span class='ocrx_word' id='word_1_244' title='bbox 296 3471 439 3537; x_wconf 78' lang='lat' dir='ltr'><strong>rum?</strong></span> <span class='ocrx_word' id='word_1_245' title='bbox 492 3483 565 3541; x_wconf 88' lang='lat' dir='ltr'><strong>ut</strong></span> <span class='ocrx_word' id='word_1_246' title='bbox 624 3475 893 3563; x_wconf 82' lang='lat' dir='ltr'><strong>Anglioe</strong></span> <span class='ocrx_word' id='word_1_247' title='bbox 956 3477 1185 3543; x_wconf 83' lang='lat' dir='ltr'><strong>ancilla</strong></span> <span class='ocrx_word' id='word_1_248' title='bbox 1245 3498 1405 3563; x_wconf 89' lang='lat' dir='ltr'><strong>quae</strong></span> <span class='ocrx_word' id='word_1_249' title='bbox 1465 3481 1536 3542; x_wconf 93' lang='lat' dir='ltr'><strong>in</strong></span> <span class='ocrx_word' id='word_1_250' title='bbox 1580 3499 1650 3542; x_wconf 84' lang='lat' dir='ltr'><strong>re</strong></span> <span class='ocrx_word' id='word_1_251' title='bbox 1697 3480 1876 3543; x_wconf 87' lang='lat' dir='ltr'><strong>tenui</strong></span> <span class='ocrx_word' id='word_1_252' title='bbox 1923 3480 2330 3543; x_wconf 86' lang='lat' dir='ltr'><strong>ministratur</strong></span> <span class='ocrx_word' id='word_1_253' title='bbox 2375 3502 2415 3540; x_wconf 85' lang='lat' dir='ltr'><strong><em>a</em></strong></span> <span class='ocrx_word' id='word_1_254' title='bbox 2457 3478 2627 3541; x_wconf 84' lang='lat' dir='ltr'><strong>maid</strong></span> 
     </span>
     <span class='ocr_line' id='line_1_30' title="bbox 299 3578 2624 3671; baseline 0.002 -29"><span class='ocrx_word' id='word_1_255' title='bbox 299 3578 355 3660; x_wconf 75' lang='lat' dir='ltr'><strong>qs</strong></span> <span class='ocrx_word' id='word_1_256' title='bbox 400 3581 481 3643; x_wconf 79' lang='lat' dir='ltr'><strong>all</strong></span> <span class='ocrx_word' id='word_1_257' title='bbox 540 3583 700 3646; x_wconf 83' lang='lat' dir='ltr'><strong>work</strong></span> <span class='ocrx_word' id='word_1_258' title='bbox 769 3583 975 3663; x_wconf 85' lang='lat' dir='ltr'><strong>audit)</strong></span> <span class='ocrx_word' id='word_1_259' title='bbox 1050 3590 1297 3649; x_wconf 85' lang='lat' dir='ltr'><strong>oreatus</strong></span> <span class='ocrx_word' id='word_1_260' title='bbox 1360 3604 1494 3648; x_wconf 87' lang='lat' dir='ltr'><strong>esse</strong></span> <span class='ocrx_word' id='word_1_261' title='bbox 1558 3584 1793 3648; x_wconf 83' lang='lat' dir='ltr'><strong>dicitur</strong></span> <span class='ocrx_word' id='word_1_262' title='bbox 1854 3582 1966 3647; x_wconf 88' lang='lat' dir='ltr'><strong>ille</strong></span> <span class='ocrx_word' id='word_1_263' title='bbox 2029 3586 2450 3671; x_wconf 80' lang='lat' dir='ltr'><strong>mag-istratus</strong></span> <span class='ocrx_word' id='word_1_264' title='bbox 2511 3586 2624 3668; x_wconf 88' lang='lat' dir='ltr'><strong>qui</strong></span> 
     </span>
     <span class='ocr_line' id='line_1_31' title="bbox 301 3688 2626 3775; baseline 0.004 -28"><span class='ocrx_word' id='word_1_265' title='bbox 301 3689 490 3751; x_wconf 62' lang='lat' dir='ltr'><strong>cuncus</strong></span> <span class='ocrx_word' id='word_1_266' title='bbox 534 3689 796 3774; x_wconf 89' lang='lat' dir='ltr'><strong>ephebis</strong></span> <span class='ocrx_word' id='word_1_267' title='bbox 841 3693 1239 3775; x_wconf 86' lang='lat' dir='ltr'><strong>praepositus</strong></span> <span class='ocrx_word' id='word_1_268' title='bbox 1284 3696 1416 3767; x_wconf 90' lang='lat' dir='ltr'><strong>est,</strong></span> <span class='ocrx_word' id='word_1_269' title='bbox 1464 3712 1611 3755; x_wconf 85' lang='lat' dir='ltr'><strong>cum</strong></span> <span class='ocrx_word' id='word_1_270' title='bbox 1663 3688 2066 3775; x_wconf 79' lang='lat' dir='ltr'><strong>singularum</strong></span> <span class='ocrx_word' id='word_1_271' title='bbox 2112 3690 2404 3754; x_wconf 88' lang='lat' dir='ltr'><strong>tribuum</strong></span> <span class='ocrx_word' id='word_1_272' title='bbox 2449 3692 2626 3757; x_wconf 84' lang='lat' dir='ltr'><strong>iuve-</strong></span> 
     </span>
     <span class='ocr_line' id='line_1_32' title="bbox 301 3788 2628 3883; baseline 0.002 -28"><span class='ocrx_word' id='word_1_273' title='bbox 301 3788 439 3855; x_wconf 81' lang='lat' dir='ltr'><strong>nibus</strong></span> <span class='ocrx_word' id='word_1_274' title='bbox 480 3798 759 3879; x_wconf 81' lang='lat' dir='ltr'><strong>praesint</strong></span> <span class='ocrx_word' id='word_1_275' title='bbox 802 3795 1260 3882; x_wconf 88' lang='lat' dir='ltr'><strong>sophronistae.</strong></span> <span class='ocrx_word' id='word_1_276' title='bbox 1314 3796 1691 3883; x_wconf 84' lang='lat' dir='ltr'><strong>Legendum</strong></span> <span class='ocrx_word' id='word_1_277' title='bbox 1740 3802 1836 3861; x_wconf 90' lang='lat' dir='ltr'><strong>est</strong></span> <span class='ocrx_word' id='word_1_278' title='bbox 1883 3796 1984 3859; x_wconf 77' lang='grc' dir='ltr'><strong>ἐπὶ</strong></span> <span class='ocrx_word' id='word_1_279' title='bbox 2036 3794 2253 3861; x_wconf 68' lang='grc' dir='ltr'><strong><em>πάντα</em></strong></span> <span class='ocrx_word' id='word_1_280' title='bbox 2271 3818 2322 3866; x_wconf 84' lang='grc' dir='ltr'><strong>ς.</strong></span> <span class='ocrx_word' id='word_1_281' title='bbox 2380 3818 2428 3857; x_wconf 75' lang='grc' dir='ltr'><strong>π</strong></span> <span class='ocrx_word' id='word_1_282' title='bbox 2448 3821 2489 3860; x_wconf 82' lang='grc' dir='ltr'><strong><em>α</em></strong></span> <span class='ocrx_word' id='word_1_283' title='bbox 2510 3818 2628 3876; x_wconf 81' lang='grc' dir='ltr'><strong>ρα-</strong></span> 
     </span>
    </p>
   </div>
   <div class='ocr_carea' id='block_1_5' title="bbox 315 3948 647 3967">
    <p class='ocr_par' dir='ltr' id='par_1_5' title="bbox 315 3948 647 3967">
     <span class='ocr_line' id='line_1_33' title="bbox 315 3948 647 3967; baseline 0 1042"><span class='ocrx_word' id='word_1_284' title='bbox 315 3948 647 3967; x_wconf 95' lang='lat' dir='ltr'><strong> </strong></span> 
     </span>
    </p>
   </div>
   <div class='ocr_carea' id='block_1_6' title="bbox 348 4040 2033 4191">
    <p class='ocr_par' dir='ltr' id='par_1_6' title="bbox 348 4040 2033 4191">
     <span class='ocr_line' id='line_1_34' title="bbox 348 4040 2033 4111; baseline 0.004 -22"><span class='ocrx_word' id='word_1_285' title='bbox 348 4040 391 4105; x_wconf 88' lang='grc'><strong>1)</strong></span> <span class='ocrx_word' id='word_1_286' title='bbox 417 4040 697 4104; x_wconf 55' lang='lat' dir='ltr'><strong>semaam</strong></span> <span class='ocrx_word' id='word_1_287' title='bbox 729 4044 912 4095; x_wconf 77' lang='lat' dir='ltr'><strong>editum</strong></span> <span class='ocrx_word' id='word_1_288' title='bbox 944 4048 1039 4105; x_wconf 53' lang='grc' dir='ltr'><strong>αὴ</strong></span> <span class='ocrx_word' id='word_1_289' title='bbox 1080 4045 1251 4095; x_wconf 83' lang='lat' dir='ltr'><strong>vitium</strong></span> <span class='ocrx_word' id='word_1_290' title='bbox 1285 4048 1506 4111; x_wconf 70' lang='lat' dir='ltr'><strong>apertum</strong></span> <span class='ocrx_word' id='word_1_291' title='bbox 1542 4045 1730 4095; x_wconf 76' lang='lat' dir='ltr'><strong>notavit</strong></span> <span class='ocrx_word' id='word_1_292' title='bbox 1767 4047 2033 4096; x_wconf 66' lang='lat' dir='ltr'><strong>Ervum.</strong></span> 
     </span>
     <span class='ocr_line' id='line_1_35' title="bbox 348 4122 1459 4191; baseline 0.005 -20"><span class='ocrx_word' id='word_1_293' title='bbox 348 4122 387 4181; x_wconf 81' lang='lat'><strong>2)</strong></span> <span class='ocrx_word' id='word_1_294' title='bbox 412 4126 481 4174; x_wconf 75' lang='lat' dir='ltr'><strong>Sic</strong></span> <span class='ocrx_word' id='word_1_295' title='bbox 513 4142 598 4191; x_wconf 81' lang='lat' dir='ltr'><strong>pro</strong></span> <span class='ocrx_word' id='word_1_296' title='bbox 630 4126 744 4187; x_wconf 65' lang='grc' dir='ltr'><strong>ἅμα</strong></span> <span class='ocrx_word' id='word_1_297' title='bbox 779 4126 975 4177; x_wconf 72' lang='lat' dir='ltr'><strong>rescribi</strong></span> <span class='ocrx_word' id='word_1_298' title='bbox 1010 4127 1149 4178; x_wconf 70' lang='lat' dir='ltr'><strong>iussit</strong></span> <span class='ocrx_word' id='word_1_299' title='bbox 1184 4129 1459 4178; x_wconf 57' lang='lat' dir='ltr'><strong>Rlcnaam.</strong></span> 
     </span>
    </p>
   </div>
   <div class='ocr_carea' id='block_1_7' title="bbox 303 4204 2629 4342">
    <p class='ocr_par' dir='ltr' id='par_1_7' title="bbox 303 4204 2629 4342">
     <span class='ocr_line' id='line_1_36' title="bbox 350 4204 2629 4277; baseline 0.003 -24"><span class='ocrx_word' id='word_1_300' title='bbox 350 4204 388 4265; x_wconf 76' lang='grc'><strong>3)</strong></span> <span class='ocrx_word' id='word_1_301' title='bbox 412 4206 603 4258; x_wconf 74' lang='lat' dir='ltr'><strong>Ioculari</strong></span> <span class='ocrx_word' id='word_1_302' title='bbox 638 4226 804 4259; x_wconf 82' lang='lat' dir='ltr'><strong>errore</strong></span> <span class='ocrx_word' id='word_1_303' title='bbox 842 4210 1083 4274; x_wconf 69' lang='grc' dir='ltr'><strong>(οι-,1111339</strong></span> <span class='ocrx_word' id='word_1_304' title='bbox 1116 4226 1175 4260; x_wconf 79' lang='lat' dir='ltr'><strong>an</strong></span> <span class='ocrx_word' id='word_1_305' title='bbox 1210 4210 1460 4271; x_wconf 74' lang='lat' dir='ltr'><strong>editoris‘t’)</strong></span> <span class='ocrx_word' id='word_1_306' title='bbox 1494 4226 1584 4276; x_wconf 85' lang='lat' dir='ltr'><strong>pro</strong></span> <span class='ocrx_word' id='word_1_307' title='bbox 1604 4208 1702 4259; x_wconf 74' lang='grc' dir='ltr'><strong>-καῖ</strong></span> <span class='ocrx_word' id='word_1_308' title='bbox 1737 4208 1840 4276; x_wconf 73' lang='grc' dir='ltr'><strong>ἰδίᾳ</strong></span> <span class='ocrx_word' id='word_1_309' title='bbox 1869 4210 2052 4261; x_wconf 74' lang='lat' dir='ltr'><strong>editum</strong></span> <span class='ocrx_word' id='word_1_310' title='bbox 2079 4212 2152 4261; x_wconf 67' lang='lat' dir='ltr'><strong>est</strong></span> <span class='ocrx_word' id='word_1_311' title='bbox 2180 4207 2369 4277; x_wconf 73' lang='grc' dir='ltr'><strong><em>καρδίᾳ.</em></strong></span> <span class='ocrx_word' id='word_1_312' title='bbox 2406 4212 2629 4262; x_wconf 73' lang='lat' dir='ltr'><strong>Correxit</strong></span> 
     </span>
     <span class='ocr_line' id='line_1_37' title="bbox 303 4284 695 4342; baseline 0.02 -9"><span class='ocrx_word' id='word_1_313' title='bbox 303 4284 407 4337; x_wconf 72' lang='lat' dir='ltr'><strong>otiam</strong></span> <span class='ocrx_word' id='word_1_314' title='bbox 438 4290 695 4342; x_wconf 70' lang='lat' dir='ltr'><strong>wansn.</strong></span> 
     </span>
    </p>
   </div>
   <div class='ocr_carea' id='block_1_8' title="bbox 345 4370 2342 4521">
    <p class='ocr_par' dir='ltr' id='par_1_8' title="bbox 345 4370 2342 4521">
     <span class='ocr_line' id='line_1_38' title="bbox 345 4370 1944 4441; baseline 0.002 -20"><span class='ocrx_word' id='word_1_315' title='bbox 345 4370 385 4427; x_wconf 81' lang='grc'><strong>4)</strong></span> <span class='ocrx_word' id='word_1_316' title='bbox 409 4370 567 4422; x_wconf 72' lang='lat' dir='ltr'><strong>Editor</strong></span> <span class='ocrx_word' id='word_1_317' title='bbox 598 4388 696 4422; x_wconf 82' lang='lat' dir='ltr'><strong>non</strong></span> <span class='ocrx_word' id='word_1_318' title='bbox 732 4376 858 4423; x_wconf 75' lang='lat' dir='ltr'><strong>recte</strong></span> <span class='ocrx_word' id='word_1_319' title='bbox 892 4374 1007 4423; x_wconf 77' lang='lat' dir='ltr'><strong>haee</strong></span> <span class='ocrx_word' id='word_1_320' title='bbox 1040 4378 1113 4423; x_wconf 72' lang='lat' dir='ltr'><strong>ent</strong></span> <span class='ocrx_word' id='word_1_321' title='bbox 1147 4374 1493 4441; x_wconf 70' lang='lat' dir='ltr'><strong>interpretatus</strong></span> <span class='ocrx_word' id='word_1_322' title='bbox 1534 4374 1585 4423; x_wconf 86' lang='grc'><strong>111</strong></span> <span class='ocrx_word' id='word_1_323' title='bbox 1621 4373 1944 4425; x_wconf 74' lang='lat' dir='ltr'><strong>annotatione.</strong></span> 
     </span>
     <span class='ocr_line' id='line_1_39' title="bbox 2278 4472 2342 4521; baseline 0 0"><span class='ocrx_word' id='word_1_324' title='bbox 2278 4472 2342 4521; x_wconf 74' lang='lat'><strong>12</strong></span> 
     </span>
    </p>
   </div>
  </div>
 </body>
</html>
