3192 5009
1324 274 1664 329 nonnus.
2594 260 2678 327 15

397 442 626 534 Itaque
691 468 841 512 cum
906 446 1022 510 hac
1091 466 1158 511 re
1227 447 1506 511 maxime
1577 444 1785 510 differt
1844 466 1881 509 a
1942 442 2227 523 Catullo,
2290 443 2543 511 Tibullo
2606 451 2672 512 et

303 556 684 642 praesertim
743 574 780 618 a
821 553 1153 638 Propertio
1171 600 1190 629 ‚
1239 558 1384 617 tum
1431 572 1504 617 ea
1551 560 1801 637 quoque
1849 551 2019 637 quod
2064 554 2371 618 amatoria
2422 554 2673 638 scripsit

309 680 472 744 non,
543 666 620 724 ut
681 658 782 724 illi
803 707 820 737 ,
885 662 1030 725 ante
1049 706 1066 735 ‚
1127 657 1240 723 sed
1300 663 1444 743 post
1506 656 1679 723 30m
1744 660 1971 723 aetatis
2032 678 2305 735 annum,
2373 646 2675 743 priusque

257 784 265 789 ·
317 786 568 853 operam
630 764 834 841 dedit,
897 768 1114 829 contra
1171 762 1240 827 id
1300 762 1470 849 quod
1527 768 1936 848 expectamus
1993 763 2069 829 ab
2115 763 2505 830 adolescente
2524 811 2540 840 ,
2591 763 2679 828 di·

316 872 550 937 dactico
608 873 828 959 generi
891 870 1258 935 lamborum
1320 877 1383 934 et
1431 868 1804 935 Satirarum.
1869 866 2068 936 Cuius
2119 871 2212 935 rei
2258 890 2444 935 causa
2490 890 2641 934 cum
2660 916 2677 947 ,

312 982 559 1064 praeter
601 975 880 1041 indolem
926 996 962 1041 a
1005 980 1234 1041 natura
1272 975 1488 1041 datam
1506 1023 1523 1052 ,
1565 975 1903 1061 repetenda
1940 978 2026 1040 sit
2062 977 2341 1041 maxime
2381 995 2418 1039 a
2455 980 2677 1061 poetae

306 1085 554 1171 origine
613 1090 803 1168 atque
869 1084 1272 1147 institutione
1318 1088 1579 1167 paterna
1627 1087 1692 1146 et
1741 1084 1909 1147 vitae
1956 1082 2205 1147 casibus
2251 1081 2427 1147 duris
2474 1082 2680 1147 seriis·-

305 1210 431 1275 que
448 1237 465 1266 ,
512 1189 667 1254 haec
711 1189 929 1273 paucis
975 1190 1042 1253 in
1092 1190 1475 1253 memoriam
1522 1187 1845 1253 revocabo.

397 1294 604 1359 Natus
645 1300 740 1359 est
775 1293 1070 1360 libertino
1108 1299 1286 1379 patre
1324 1300 1390 1358 et
1429 1296 1707 1378 primam
1746 1295 2091 1378 pueritiam
2113 1293 2293 1380 degit
2315 1314 2440 1357 non
2478 1290 2605 1357 flu
2620 1313 2680 1357 c-

305 1401 539 1466 tibus
601 1401 687 1464 in
732 1398 1036 1464 mediis
1083 1404 1162 1465 et
1211 1400 1875 1487 tempestatibus
1920 1400 2156 1465 urbis
2204 1398 2303 1479 (E.
2357 1397 2419 1463 2.
2447 1397 2509 1462 2.
2538 1397 2673 1478 85),

305 1505 418 1571 sed
475 1508 544 1570 in
605 1506 929 1571 montibus
974 1503 1309 1571 Venusinis
1331 1553 1346 1579 ,
1394 1508 1561 1570 inter
1605 1507 1917 1592 impigros
1964 1504 2207 1590 Apulos
2225 1553 2242 1582 ,
2294 1504 2524 1589 quibus
2566 1525 2679 1589 pu·

305 1610 450 1676 dica
495 1610 728 1676 mulier
773 1609 1011 1675 solibus
1048 1618 1306 1695 perusta
1341 1612 1410 1674 in
1448 1616 1697 1697 partem
1732 1611 1995 1676 iuvabat
2035 1610 2300 1675 domum
2338 1608 2675 1694 dulcesque

303 1715 556 1783 liberos.
621 1715 760 1781 Hac
819 1737 1077 1781 morum
1135 1714 1543 1801 simplicitate
1601 1718 1954 1781 innutritus
1998 1721 2063 1781 et
2104 1716 2395 1783 imbutus
2438 1735 2674 1802 magno

305 1829 568 1887 naturae
607 1842 818 1887 amore
855 1820 1129 1887 Romam
1167 1824 1345 1885 venit
1381 1824 1784 1907 incorruptus
1803 1868 1819 1898 ,
1866 1822 1978 1887 ubi
2023 1826 2222 1908 pater,
2270 1829 2346 1887 ut
2391 1819 2673 1885 Marcius

305 1927 417 1994 ille
487 1927 790 1993 Livianus
819 1924 889 2009 1),
963 1928 1162 1991 animi
1221 1933 1285 1992 et
1345 1928 1590 2013 ingenii
1645 1927 1965 2012 aliquanto
2012 1929 2272 1991 maioris
2320 1947 2514 2012 quam
2560 1948 2673 2014 pro

306 2033 558 2099 fortuna
615 2035 684 2097 in
729 2053 854 2118 qua
899 2038 1031 2096 erat
1077 2036 1264 2096 natus
1284 2080 1300 2108 ,
1347 2030 1466 2097 filii
1508 2034 1843 2119 ingenium
1887 2030 2303 2097 excolendum
2351 2032 2524 2097 dedit
2570 2054 2674 2118 op—

307 2141 486 2203 timis
530 2140 856 2225 magistris
877 2186 892 2214 ,
942 2137 1050 2202 sed
1095 2140 1386 2201 animum
1421 2139 1556 2223 ipse
1596 2140 1877 2216 curavit,
1920 2158 2071 2203 cum
2110 2144 2321 2213 custos
2356 2140 2675 2225 incorrup-

303 2248 596 2311 tissimus
657 2247 897 2309 circum
957 2264 1175 2309 omnes
1238 2243 1521 2310 doctores
1581 2243 1857 2326 adesset,
1925 2242 2241 2329 nusquam
2287 2244 2590 2309 desistens
2638 2264 2676 2310 a

305 2350 620 2417 monendo
665 2355 729 2415 et
774 2349 1046 2416 docendo
1093 2348 1410 2415 Socratica
1454 2352 1698 2414 ratione
1714 2398 1731 2427 ,
1773 2352 2084 2415 vitiorum
2122 2370 2406 2435 quaeque
2444 2354 2670 2415 notans

308 2456 615 2542 exemplis
672 2456 890 2541 petitis
937 2455 1015 2519 ab
1059 2454 1428 2541 aequalibus
1472 2455 1637 2521 bona
1682 2462 1796 2521 aut
1841 2455 2011 2521 mala
2056 2456 2227 2521 fama
2272 2456 2633 2543 insignibus
2651 2504 2668 2533 ,

308 2582 467 2648 quae
512 2568 772 2646 paterna
817 2559 1163 2625 adsiduitas
1181 2609 1198 2637 ,
1247 2566 1325 2624 ut
1369 2581 1563 2646 puero
1610 2562 1913 2626 mediocri
1956 2560 2226 2627 molesta
2272 2564 2426 2647 quin
2470 2564 2670 2626 immo

305 2666 658 2753 periculosa
717 2668 852 2731 sine
909 2666 1099 2731 dubio
1162 2665 1386 2731 fuisset
1449 2674 1512 2731 et
1565 2670 1853 2731 nativam
1895 2666 2176 2732 indolem
2223 2670 2633 2754 oppressisset
2651 2716 2668 2745 ‚

305 2776 378 2839 in
435 2773 675 2839 fervido
737 2779 800 2837 et
858 2774 1187 2859 ingenioso
1247 2771 1466 2837 Flacco
1513 2776 1751 2857 partim
1796 2774 1914 2837 hoc
1961 2773 2163 2838 effecit
2180 2821 2197 2850 ‚
2245 2780 2321 2837 ut
2366 2773 2673 2859 pudicum

305 2884 586 2945 servaret
655 2878 731 2943 ab
801 2880 976 2943 omni
1043 2897 1166 2943 non
1236 2876 1448 2942 solum
1509 2878 1671 2943 facto
1735 2898 1963 2942 verum
2025 2878 2359 2964 opprobrio
2426 2899 2673 2964 quoque

301 2986 514 3070 turpi,
575 2985 806 3069 partim
871 2982 987 3047 hoe
1004 3031 1020 3059 ,
1082 2990 1158 3046 ut
1220 2981 1391 3047 filius
1435 2982 1582 3047 inde
1630 3003 1667 3047 a
1713 2982 1983 3049 iuvenili
2026 2990 2233 3049 aetate
2282 2984 2669 3049 assuefactus

304 3092 390 3155 sit
452 3090 786 3155 hominum
847 3088 1195 3153 virtutibus
1241 3093 1305 3152 et
1349 3090 1528 3153 vitiis
1546 3136 1563 3165 ,
1614 3087 1911 3154 laudibus
1960 3093 2025 3153 et
2069 3089 2421 3174 opprobriis
2469 3090 2674 3155 obser·

303 3194 530 3261 vandis
575 3200 640 3259 et
685 3193 1050 3259 denotandis
1070 3242 1085 3271 ‚
1137 3193 1304 3258 unde
1351 3196 1586 3259 sensim
1632 3200 1780 3259 nata
1828 3201 1924 3259 est
1968 3194 2235 3261 facultas
2277 3194 2389 3259 illa
2440 3197 2675 3261 eximia

306 3321 514 3367 mores
574 3299 982 3387 dignoscendi
1044 3304 1109 3363 et
1169 3299 1474 3387 pingendi
1488 3348 1505 3377 ‚
1568 3321 1729 3385 quae
1791 3299 2081 3385 deinceps
2144 3302 2389 3386 peperit
2434 3300 2674 3366 Satiras

305 3404 626 3493 Epistolas
671 3405 836 3471 Odas
881 3405 1118 3469 ethicas
1136 3453 1153 3482 ,
1201 3404 1279 3470 ab
1325 3405 1618 3470 omnibus
1663 3407 1893 3473 merito
1941 3426 2191 3492 semper
2230 3405 2570 3471 celebratas
2596 3404 2670 3489 ⁸).

400 3510 802 3576 Institutioni
847 3517 1141 3595 paternae
1189 3517 1253 3575 et
1299 3511 1572 3575 urbanae
1622 3513 1787 3577 circa
1834 3532 2070 3576 annum
2117 3511 2245 3576 fere
2290 3514 2673 3578 vicesimum

307 3616 585 3683 adiecere
629 3617 824 3681 bonae
869 3614 1059 3701 paulo
1108 3615 1252 3701 plus
1291 3619 1446 3681 artis
1483 3617 1771 3683 Athenae
1788 3666 1804 3697 ,
1844 3620 2167 3703 imprimis
2206 3616 2370 3684 illud
2416 3640 2450 3683 e
2466 3639 2557 3684 ur
2572 3641 2615 3684 v
2634 3640 2669 3684 o

312 3723 813 3811 dignoscere
877 3728 1196 3787 rectum
1256 3729 1334 3788 et
1394 3743 1796 3808 quaerere
1860 3745 2178 3803 verum,
2228 3746 2341 3789 nec
2389 3746 2512 3789 non
2557 3725 2672 3790 ibi-

308 3828 455 3895 dem
516 3831 726 3914 prima
784 3831 1136 3895 tentamina
1196 3828 1414 3895 fecisse
1471 3830 1728 3895 videtur
1792 3826 2027 3897 Graece
2086 3830 2347 3895 canendi
2362 3879 2381 3909 ,
2446 3831 2669 3897 deinde

307 3935 644 4017 Quirini
714 3936 1040 3999 monitu
1109 3938 1342 4001 omissa
1370 3932 1439 4017 ³).
1511 3932 1740 4001 Studio
1800 3934 2183 4021 reipublicae
2246 3936 2474 4003 ductus
2520 3958 2670 4002 cum

375 4224 425 4285 1)
459 4224 562 4275 niv.
597 4224 674 4277 25.
695 4222 773 4276 87.
792 4224 840 4275 2.

377 4306 436 4371 s)
469 4307 542 4357 (κ.
576 4308 636 4356 aa
667 4307 988 4373 superioribus
1019 4310 1070 4358 s.
1103 4306 1130 4358 1
1165 4310 1212 4359 s.
1231 4307 1308 4363 77.
1344 4310 1398 4359 o,
1433 4308 1516 4360 111
1546 4310 1625 4359 lo.
1644 4308 1723 4361 so.
1754 4308 1926 4376 sp.11
1952 4310 2037 4361 ιο.
2066 4308 2121 4359 s.
2156 4310 2181 4359 1
2212 4309 2259 4359 s.
2278 4308 2341 4359 si
2360 4324 2454 4375 κω
2485 4312 2533 4359 4.
2556 4309 2669 4361 loe.

379 4390 436 4459 s)
470 4390 555 4459 sp.
591 4390 648 4439 11
682 4391 827 4441 ωε.
863 4392 911 4443 s,
949 4392 974 4440 1
1010 4392 1090 4442 10.
1109 4392 1187 4441 ss.
