3192 5009
532 212 662 280 160
1607 226 1828 277 Putre.

526 395 754 461 multis
786 378 957 461 ‘ante
1002 394 1150 461 illos
1196 392 1465 461 saeculis
1514 397 1648 459 iam
1697 396 1888 460 fuisse
1933 415 2135 481 genus
2179 393 2345 459 illud
2387 396 2674 459 invisum
2723 394 2916 457 semi-

531 503 862 568 doctorum
926 508 989 567 et
1050 503 1489 589 arrogantium
1538 500 1851 567 lectorum
1900 501 2130 585 quibus
2185 504 2316 567 suis
2363 497 2916 565 annotatiunculis

530 609 691 675 nihil
738 615 901 675 esset
946 610 1170 673 carius.
1212 607 1287 672 In
1330 628 1572 695 papyro
1613 611 1786 673 enim
1821 610 2152 694 perspicue
2191 607 2364 673 istud
2401 606 2612 689 ῥᾳδίως
2639 606 2914 693 legitur.

622 714 704 780 81
732 716 808 779 Α.
873 712 1109 781 Graece
1174 714 1490 779 nesciebat
1550 716 1778 802 papyri
1826 714 2029 779 scriba
2073 716 2184 799 qui
2229 734 2344 799 pro
2391 720 2590 777 κακῶν
2641 718 2762 776 τῶν
2811 714 2920 775 ἀν-

532 825 821 902 θρωπείων
885 821 1125 887 dederit
1186 845 1243 884 κ.
1293 845 1352 884 τ.
1415 822 1810 900 ἀνθρωπίνων.
1861 820 2220 906 Opponitur
2266 823 2439 886 enim
2485 819 2556 883 τὸ
2603 819 2754 883 θεῖον
2803 818 2916 881 καὶ

533 929 857 994 ἑθοὶνατον.

620 1037 707 1101 ib.
760 1030 818 1099 οἷ
858 1034 1204 1114 ἀφικομένῃ
1252 1034 1517 1113 ὑπάρχει
1565 1034 1725 1116 αὐτῇ
1778 1032 2089 1110 εὐδαίμονι
2137 1028 2290 1097 εἶναι
2342 1082 2356 1097 .
2387 1081 2400 1097 .
2433 1081 2446 1096 .
2478 1080 2492 1097 .
2543 1034 2619 1104 ὥς
2667 1032 2914 1103 ἀληθῶς

530 1144 632 1209 τὸν
672 1144 879 1207 λοιπὸν
916 1142 1126 1221 χρόνον
1168 1140 1338 1217 μετὰ
1379 1146 1494 1203 τῶν
1532 1140 1673 1203 θεῶν
1712 1138 2034 1216 διάγουσα.
2078 1140 2153 1205 In
2174 1141 2574 1206 nominativo
2599 1138 2914 1215 διάγουσι

531 1270 811 1336 papyrus
856 1269 1005 1312 cum
1052 1246 1372 1312 codicibus
1418 1247 1734 1311 consentit
1749 1266 1766 1324 3
1816 1245 2224 1311 Heindorfius
2270 1248 2540 1312 coniecit
2587 1244 2918 1325 διαγοὺσῃ,

530 1356 641 1422 sed
678 1358 886 1421 nescio
926 1376 1004 1420 an
1044 1352 1234 1439 paulo
1272 1351 1545 1418 laxiores
1583 1358 1939 1417 structurae
1977 1351 2235 1418 Platoni
2276 1355 2404 1418 sint
2441 1350 2918 1437 relinquendae.

532 1462 712 1543 Quod
774 1467 993 1526 autem
1051 1482 1165 1545 pro
1213 1461 1379 1534 μετὰ
1432 1466 1543 1523 τῶν
1594 1460 1736 1523 θεῶν
1785 1479 2064 1546 papyrus
2110 1460 2303 1525 habet
2349 1458 2518 1535 μετὰ
2566 1461 2704 1522 θεῶν
2751 1460 2918 1542 quin

528 1567 764 1634 falsum
849 1571 967 1645 sit,
1058 1572 1122 1632 et
1193 1568 1453 1631 omnino
1524 1563 1892 1629 retinendus
1963 1564 2304 1643 articulus,
2377 1564 2592 1630 nullus
2661 1565 2917 1630 dubito,

533 1673 863 1739 Praecedit
925 1675 1099 1738 enim
1159 1668 1356 1753 ὥσπερ
1418 1672 1479 1735 δὲ
1528 1670 1790 1747 λέγεται
1847 1672 2012 1734 κατὰ
2063 1674 2179 1735 τῶν
2226 1673 2650 1749 μεμυημένων,
2701 1692 2920 1736 sermo

539 1802 693 1867 ergo
756 1787 850 1845 est
899 1779 975 1845 de
1020 1778 1313 1865 populari
1358 1777 1700 1865 religione:
1763 1776 1863 1842 illi
1911 1786 2130 1843 autem
2173 1781 2358 1845 unice
2405 1781 2703 1844 convenit
2739 1778 2920 1854 μετὰ

534 1894 648 1951 τῶν
696 1887 865 1963 θεῶν;
917 1885 1259 1951 articulum
1307 1887 1604 1950 omittere
1651 1884 1985 1949 doctorum
2029 1890 2127 1949 est
2169 1882 2432 1949 liberius
2471 1884 2545 1950 de
2584 1884 2920 1969 theologia

534 1992 954 2079 loquentium.

627 2097 709 2164 81
739 2097 811 2163 Β.
878 2099 983 2161 ἐὰν
1043 2096 1105 2161 δέ
1164 2121 1280 2175 γε,
1332 2093 1541 2175 οἶμαι,
1590 2098 1987 2176 μεμιασμένῃ
2040 2148 2054 2163 .
2085 2148 2098 2163 .
2129 2146 2144 2163 .
2174 2146 2188 2161 .
2233 2096 2308 2162 In
2353 2118 2596 2185 papyro
2645 2118 2770 2161 non
2813 2102 2920 2160 est

536 2202 706 2281 οἶμαι
776 2202 1168 2280 μεμιασμένῃ
1232 2203 1340 2269 sed
1398 2227 1449 2269 οι
1514 2229 1943 2281 μεμιασμενη,
2007 2207 2168 2270 vitio
2216 2209 2434 2289 aperto
2483 2210 2547 2269 et
2592 2202 2917 2269 eiusmodi

535 2316 612 2376 ut
654 2314 723 2375 in
770 2316 906 2376 tam
954 2313 1213 2395 antiquo
1257 2309 1417 2375 libro
1462 2313 1737 2377 inveniri
1777 2314 2062 2390 mireris;
2105 2314 2279 2377 nasci
2320 2314 2493 2377 enim
2533 2332 2659 2375 non
2697 2313 2922 2395 potuit

534 2420 659 2483 nisi
704 2422 955 2503 recepta
990 2418 1123 2481 iam
1168 2437 1366 2501 prava
1410 2416 1694 2505 syllabae
1740 2442 1803 2481 αι
1851 2421 2384 2505 pronuntiatione.

623 2524 709 2589 ib.
759 2520 874 2587 ἅτε
921 2525 1004 2600 τῷ
1054 2525 1294 2598 σώματι
1337 2522 1431 2587 ais)
1473 2520 1735 2599 ξυνοῦσα
1777 2525 1879 2589 καὶ
1923 2529 2098 2589 τοῦτο
2140 2524 2555 2604 θεραπεύουσα
2583 2523 2686 2587 καὶ
2714 2524 2914 2602 ἐρῶσα

536 2630 639 2696 καὶ
709 2628 1170 2707 γεγοητευμένη
1244 2630 1347 2693 ὑπ’
1409 2632 1600 2695 αὐτοῦ
1667 2630 1782 2695 ὑπό
1843 2654 1910 2695 τε
1974 2638 2088 2695 τῶν
2151 2631 2472 2707 ἐπιθυμιῶν
2518 2632 2622 2695 καὶ
2676 2630 2917 2704 ἡδονῶν.

535 2735 863 2802 Laudandi
898 2734 998 2800 illi
1037 2735 1275 2801 scribae
1315 2739 1423 2821 qui
1465 2736 1923 2814 γεγοητευμένη
1961 2743 2326 2802 servarunt:
2353 2736 2710 2823 periculum
2737 2739 2920 2803 enim

533 2849 668 2909 erat
690 2864 768 2907 ne
792 2848 889 2907 tot
912 2845 1263 2927 participiis
1280 2845 1625 2927 praesentis
1643 2846 1946 2930 temporis
1963 2844 2478 2929 praecedentibus
2492 2842 2914 2921 γοητευομένη

532 2949 893 3015 scriberent.
942 2947 1163 3033 Neque
1212 2950 1413 3013 evasit
1459 2948 1648 3013 illum
1687 2948 2026 3035 scopulum
2063 2952 2291 3037 papyri
2331 2951 2548 3015 scriba.
2595 2948 2920 3015 Vocabula

535 3061 754 3123 autem
802 3056 915 3119 ὑπό
965 3078 1033 3118 τε
1081 3062 1195 3118 τῶν
1216 3056 1565 3130 ·ἐπιθυμιῶν
1615 3056 1718 3120 καὶ
1771 3055 1979 3129 ἡδονῶν
2024 3059 2092 3120 in
2139 3055 2406 3143 vulgata
2447 3054 2718 3122 lectione
2757 3056 2920 3121 ferri

536 3184 661 3227 non
724 3183 907 3247 posse
972 3164 1212 3247 optime
1272 3164 1594 3247 perspexit
1636 3162 2022 3229 Vermehren
2067 3163 2335 3250 ideoque
2379 3163 2659 3230 inclusit.
2709 3164 2920 3229 Paulo

540 3272 755 3335 minus
800 3270 1131 3355 ingratum
1179 3274 1276 3333 est
1322 3268 1491 3354 quod
1534 3271 1605 3333 in
1642 3290 1884 3356 papyro
1923 3270 2118 3335 fuisse
2159 3272 2560 3356 suspicantur
2599 3271 2914 3349 editores;

538 3374 781 3462 legitur
826 3377 1031 3440 enim:

1264 3502 1379 3546 υπο
1425 3504 1543 3544 των
1589 3481 1914 3558 επιθυμιων
1963 3483 1990 3564 [
1995 3528 2188 3547 .....

1260 3586 1471 3659 ηδονων
1520 3611 1675 3653 ωστε
1724 3588 1912 3665 μηθεν
1959 3589 1987 3670 [
1992 3634 2186 3653 .....

1261 3694 1481 3766 αληθες
1534 3708 1693 3758 αλλο
1745 3718 1779 3768 n
1827 3716 1897 3758 το
1946 3717 2028 3759 σω
2081 3696 2109 3777 [
2113 3740 2309 3759 .....

1262 3823 1327 3864 ου
1376 3825 1453 3863 αν
1500 3824 1591 3872 τις
1646 3806 1881 3879 αψαιτο
1927 3802 1955 3882 [

1263 3930 1364 3970 και
1410 3912 1636 3987 Φαγοι.

539 4010 826 4077 Primam
870 4010 1166 4077 lacunam
1212 4014 1301 4076 sic
1350 4012 1682 4098 supplent:
1734 4014 1922 4076 αὐτοῦ
1976 4012 2078 4075 καὶ
2128 4018 2262 4075 τῶν.
2313 4010 2435 4077 Sed
2481 4010 2587 4078 vel
2633 4015 2724 4079 sic
2771 4020 2920 4099 post

546 4120 661 4183 ὑπὸ
708 4125 823 4182 τῶν
870 4137 1057 4204 aegre
1104 4118 1497 4183 desideratur
1541 4144 1632 4183 τε.
1669 4117 1860 4183 Vides
1900 4123 2221 4203 praeterea
2259 4138 2580 4205 papyrum
2617 4119 2920 4185 habuisse

545 4227 731 4303 μηθεν
778 4226 967 4288 δοκειν
1012 4228 1235 4299 αληθες
1285 4239 1442 4288 αλλο
1491 4251 1523 4300 n
1573 4249 1640 4287 το
1688 4248 1872 4299 σωμα
1917 4245 2045 4288 non
2093 4224 2260 4310 quod
2307 4244 2474 4289 nunc
2517 4226 2585 4288 in
2631 4224 2922 4289 editioni-

544 4334 664 4399 bus
723 4337 819 4398 est
875 4330 1062 4408 μηδὲν
1110 4330 1271 4395 ἄλλο
1317 4333 1512 4396 δοκεῖν
1560 4333 1779 4405 ἀληθὲς
1830 4330 1979 4394 ἀλλ’
2029 4332 2062 4407 ἢ
2113 4330 2180 4396 τὸ
2229 4333 2445 4409 σῶμα,
2495 4351 2656 4416 quae
2701 4330 2918 4397 multo
