3192 5009
191 452 368 503 Haut.
407 452 524 510 798:

583 259 668 326 52
1586 282 1957 330 rnnsnmus.

669 441 875 511 VIII.
921 445 1198 526 Quartus
1236 454 1414 513 actus
1451 448 2173 513 Heautontimorumeni
2208 452 2273 512 et
2311 444 2468 511 alias
2492 450 2662 513 servi
2683 467 2959 534 nequam

571 551 849 618 fallacias
895 557 1176 619 continet
1223 560 1289 619 et
1334 574 1478 619 eam
1524 554 1813 620 fraudem
1854 575 2049 640 quam
2086 553 2357 618 Plautus
2401 556 2652 639 argenti
2692 557 2959 620 circum-

573 658 936 725 ductionem
973 660 1270 746 appellat.
1321 659 1420 725 Ibi
1461 660 1667 747 Syrus
1706 682 1931 727 servus
1973 657 2380 726 Chremetem
2404 680 2623 724 senem
2649 663 2959 746 speciosis

565 766 918 831 rationibus
967 766 1244 845 adducit,
1293 774 1368 831 ut
1407 774 1752 853 argentum
1794 774 2168 833 annumeret
2211 763 2566 852 Clitiphoni
2608 765 2741 830 filio
2787 766 2958 853 quod

565 871 645 936 ad
690 871 1070 937 Bacchidem
1116 875 1465 958 perveniat,
1516 876 1621 938 cui
1670 880 1977 938 mutuum
2024 872 2266 938 scilicet
2312 872 2614 937 reddatur
2662 873 2739 937 ab
2779 874 2960 937 Anti-

565 976 748 1075 phila
785 975 1142 1044 Chremetis
1183 978 1316 1043 filia
1355 986 1713 1066 sumptum.
1764 978 2107 1045 Recusanti
2146 1000 2251 1044 ero
2292 999 2394 1043 ars
2420 978 2670 1044 servilis
2696 979 2957 1045 tandem

565 1084 903 1169 persuadet
919 1134 937 1163 ,
989 1085 1372 1151 verecundia
1422 1089 1482 1151 ei
1527 1091 1705 1151 mota
1750 1107 1828 1151 ne
1879 1092 2112 1172 negata
2151 1088 2417 1171 pecunia
2463 1088 2633 1151 senis
2682 1088 2956 1150 avaritia

567 1199 863 1277 carpatur
907 1197 971 1256 et
1018 1190 1380 1258 diffametur
1440 1214 1554 1278 per
1615 1193 1841 1260 urbem
1854 1214 1871 1271 3
1936 1212 2087 1257 nam
2144 1191 2533 1278 locupletem
2598 1213 2750 1257 eum
2816 1212 2953 1257 esse

569 1318 790 1363 omnes
837 1299 1065 1363 sciunt.

1242 1403 1367 1470 SY.
1415 1405 1624 1471 Immo
1671 1404 1813 1470 aliis
1860 1407 1914 1470 si
1958 1405 2109 1471 licet
2156 1406 2278 1470 tibi
2322 1406 2447 1470 non
2491 1403 2645 1471 licet
2661 1425 2677 1483 ;

665 1508 794 1576 ‘798
843 1510 1076 1576 Omnes
1123 1518 1188 1577 te
1233 1514 1302 1576 in
1346 1512 1524 1578 lauta
1567 1534 1703 1578 esse
1751 1512 1815 1577 et
1861 1512 2019 1577 bene
2069 1519 2256 1577 aucta
2302 1513 2369 1577 re
2417 1517 2667 1598 putant.

570 1615 676 1683 Sic
722 1617 909 1683 hodie
955 1617 1088 1705 legi
1135 1617 1295 1683 solet
1343 1640 1422 1685 ex
1471 1622 1857 1685 correctione
1907 1618 2197 1683 Bentleii.
2239 1617 2409 1683 Nam
2446 1619 2757 1684 librorum
2798 1638 2950 1683 mss.

569 1727 928 1789 communis
995 1723 1185 1790 lectio
1255 1731 1391 1791 tam
1460 1725 1756 1791 Bembini
1824 1746 2018 1811 quam
2081 1723 2627 1810 Galliopianorum
2690 1725 2951 1790 exhibet

567 1851 827 1895 versum
873 1851 1023 1896 cum
1067 1852 1369 1896 mancum
1415 1836 1560 1897 tum
1606 1839 1672 1897 et
1720 1853 1909 1897 sensu
1948 1836 2302 1897 carentem:
2347 1853 2539 1895 omnes
2579 1837 2635 1894 te
2672 1830 2740 1894 in
2780 1830 2953 1894 lauta

567 1943 625 2000 et
683 1937 826 2001 bene
884 1944 1018 2000 acta
1066 1944 1252 2019 parte
1297 1945 1545 2020 putant.
1613 1936 1940 2003 Bentleius
1989 1943 2135 2002 ante
2184 1943 2240 2001 et
2284 1940 2555 2003 inseruit
2602 1959 2723 2001 esse
2738 1985 2753 2014 ,
2802 1942 2953 2001 tum

564 2062 679 2127 pro
729 2050 914 2127 parte
973 2062 1175 2128 neque
1223 2046 1506 2109 numeris
1554 2064 1759 2129 neque
1807 2046 2023 2109 sensui
2070 2048 2217 2129 apto
2267 2046 2554 2129 reposuit
2598 2064 2683 2107 re.
2732 2043 2947 2127 Atque

563 2149 718 2215 haec
779 2149 1041 2235 quidem
1101 2149 1454 2235 praeclara,
1519 2158 1585 2215 et
1647 2153 1877 2215 merito
1939 2150 2211 2215 editores
2276 2148 2557 2235 amplexi
2604 2156 2773 2213 sunt.
2823 2147 2950 2214 Sed

563 2259 781 2320 minus
850 2255 1000 2321 felix
1071 2256 1328 2321 videtur
1395 2257 1590 2322 fuisse
1662 2260 1763 2322 vir
1824 2259 2124 2344 egregius
2142 2305 2158 2335 ,
2225 2277 2379 2321 cum
2442 2254 2747 2321 vocabulo
2812 2263 2951 2319 acta

567 2381 764 2447 aeque
823 2368 1118 2448 corrupto
1182 2384 1449 2427 manum
1509 2363 1824 2428 medicam
1874 2362 2180 2427 admovit.
2231 2361 2399 2427 Nam
2451 2360 2619 2446 quod
2664 2363 2950 2425 mutavit

567 2474 775 2545 aucta,
845 2471 915 2531 in
977 2488 1050 2533 eo
1117 2467 1438 2533 offendunt
1507 2475 1642 2534 arte
1702 2471 1870 2533 inter
1929 2490 1994 2534 se
2055 2470 2389 2533 coniuncta
2456 2471 2567 2545 „in
2612 2489 2680 2533 re
2722 2467 2945 2533 lauta'’

566 2572 738 2658 quod
797 2574 914 2638 sub
977 2576 1257 2660 imag-ine
1304 2575 1549 2639 dictum
1594 2579 1693 2639 est
1740 2581 1804 2640 et
1851 2573 2050 2651 „bene
2098 2574 2325 2639 aucta''
2372 2578 2441 2639 in
2488 2595 2613 2659 quo
2661 2582 2775 2639 aut
2820 2572 2949 2639 alia

565 2679 776 2766 figura
815 2683 984 2746 inest
1029 2687 1140 2745 aut
1177 2679 1372 2745 nulla.
1421 2681 1510 2745 At
1541 2683 1614 2744 in
1654 2680 1874 2746 eadem
1911 2681 2273 2747 manebitur
2312 2682 2686 2766 metaphora
2702 2729 2719 2759 ,
2746 2680 2949 2745 simul

563 2785 916 2873 elegantiae
977 2786 1387 2852 Terentianae
1427 2786 1695 2851 satisfiet
1709 2835 1726 2864 ,
1769 2790 1823 2852 si
1864 2786 2198 2852 Terentius
2240 2790 2564 2873 scripsisse
2614 2787 2943 2853 videbitur

839 2912 1056 2957 omnes
1102 2897 1165 2957 te
1209 2894 1276 2955 in
1321 2890 1503 2957 lauta
1545 2912 1683 2958 esse
1728 2898 1793 2957 et
1837 2892 1996 2957 bene
2042 2900 2285 2955 uncta
2331 2914 2398 2958 re
2441 2898 2689 2979 putant.

563 2998 763 3085 Saepe
801 3001 1048 3083 antiqui
1071 3018 1207 3063 rem
1231 2998 1613 3063 familiarem
1636 3000 1792 3063 satis
1816 2996 2100 3084 amplam
2125 3020 2238 3086 per
2260 2999 2667 3085 pinguedinis
2692 3003 2756 3062 et
2778 3000 2943 3062 nito-

563 3108 651 3169 ris
699 3104 909 3175 simile
956 3103 1308 3191 significare
1354 3104 1661 3170 solebant.
1711 3104 1801 3169 Ut
1857 3108 2155 3171 omittam
2194 3103 2465 3172 Graecos
2486 3153 2503 3181 ,
2560 3103 2730 3190 apud
2782 3125 2941 3189 quos

563 3210 700 3281 τοὺς
751 3212 1010 3292 παχέας
1059 3210 1368 3275 Herodoti
1414 3214 1558 3297 quis
1606 3214 1897 3297 ignorat,
1937 3233 1971 3278 e
2010 3211 2257 3276 Latinis
2292 3232 2390 3297 cp.
2434 3208 2675 3277 Catulli
2715 3207 2821 3288 29,
2850 3209 2935 3275 21

561 3324 744 3381 uncta
783 3316 1157 3399 pabn‘ononia
1171 3346 1199 3391 ;
1265 3314 1395 3383 Cic.
1444 3320 1512 3381 in
1558 3317 1733 3383 Verr.
1784 3317 1868 3396 H,
1918 3317 1960 3383 2
2009 3316 2157 3403 §54
2204 3340 2514 3403 numquam
2560 3340 2660 3380 voe
2694 3324 2941 3399 praeco-

442 3494 454 3505 ,
560 3446 685 3488 rem
745 3430 860 3487 tam
912 3423 1346 3506 palaestricum
1404 3423 1648 3487 viabisbw
1663 3452 1691 3499 ;
1756 3448 1957 3488 verum
2002 3424 2093 3486 ica
2127 3424 2529 3506 palaestritas
2576 3424 2939 3508 defendebat

561 3536 630 3593 ut
683 3531 754 3593 ab
799 3529 934 3593 iuis
979 3531 1228 3593 unctior
1273 3528 1494 3609 abiret,
1545 3532 1730 3595 cuius
1774 3533 1900 3595 ioci
1945 3529 2196 3594 affinem
2243 3529 2502 3615 praebet
2548 3528 2821 3594 Plautus
2864 3532 2936 3593 in

562 3634 850 3722 Captivis
895 3656 988 3701 vs.
1041 3633 1169 3699 281
1190 3656 1208 3713 ς
1258 3634 1416 3699 Hor.
1462 3635 1671 3721 Epist.
1724 3634 1782 3713 1,
1814 3634 1917 3713 15,
1943 3634 2030 3700 42
2056 3657 2188 3721 sqq.
2237 3658 2374 3699 nam
2412 3642 2544 3698 tuta
2578 3642 2636 3699 et
2662 3636 2937 3717 parvula

561 3742 742 3805 laudo
783 3741 794 3828 Ι
835 3764 960 3803 oum
1007 3763 1102 3803 res
1145 3740 1432 3824 deficiunt
1481 3788 1675 3805 .....
1719 3742 1731 3828 Ι
1771 3764 1965 3805 verum
2014 3741 2115 3803 ubi
2169 3740 2319 3826 qnid
2372 3741 2584 3805 mebim
2640 3742 2939 3823 continqit

557 3854 616 3911 et
660 3850 916 3912 unctius
968 3894 1027 3911 ..
1057 3894 1071 3911 .
1102 3894 1116 3910 .
1147 3894 1161 3911 .
1180 3868 1198 3925 ς
1247 3846 1471 3913 Iuven.
1521 3845 1584 3926 8,
1619 3846 1745 3912 112
1771 3868 1862 3932 sq.
1913 3847 2211 3930 despicias
2259 3855 2324 3911 tu
2366 3848 2375 3933 Ι
2399 3848 2687 3934 fomitem
2735 3848 2933 3911 imbel-

555 3954 642 4018 les
687 3954 955 4017 Rhodiae
999 3959 1372 4038 unctamque
1425 3954 1767 4019 Corinthon.

645 4060 901 4124 Lautum
964 4066 1183 4125 autem
1245 4066 1310 4125 et
1367 4069 1605 4124 unctum
1663 4068 1830 4125 recte
1878 4059 2275 4146 copulantur,
2324 4063 2473 4147 quia
2526 4082 2677 4126 cum
2724 4082 2929 4127 unum

553 4167 721 4233 dicas
781 4169 914 4231 iam
976 4166 1237 4232 alterius
1303 4165 1502 4231 simul
1563 4167 1683 4230 tibi
1727 4168 1796 4230 in
1841 4181 2125 4231 mentem
2172 4168 2387 4231 venire
2435 4166 2639 4232 debet.
2715 4166 2932 4232 Simili

551 4277 793 4341 ratione
839 4272 1111 4337 Plautus
1158 4293 1349 4337 sensu
1393 4275 1652 4358 proprio
1699 4293 1774 4338 ea
1816 4276 2149 4339 coniunxit
2191 4276 2260 4337 in
2306 4272 2686 4339 Trinummo

691 4380 822 4445 406
869 4400 1148 4443 comeum
1191 4385 1464 4461 expotum
1509 4384 1817 4443 emebant
1862 4378 2083 4443 chaum
2130 4380 2198 4443 in
2244 4380 2474 4444 babuci-9
