3192 5009
1026 358 1109 407 An
1157 357 1501 405 msromm
1549 357 1880 406 scsmom.
2119 420 2126 425 .
2508 328 2640 399 217

366 522 451 585 Et
519 498 733 589 tamen
803 524 1222 589 Plutarchum
1292 544 1519 589 verum
1588 524 1818 589 referre
1887 530 2064 609 puto,
2135 522 2398 587 Dictum
2465 523 2638 585 enim

264 637 499 713 poetae
547 632 701 694 citat
747 630 1024 695 facetum
1042 676 1057 703 ‚
1109 630 1277 714 quod
1321 651 1443 694 non
1484 628 1561 694 ab
1600 629 2220 717 apophtheg-matum
2257 628 2641 693 fabricatori-

262 734 397 797 bus
437 733 657 800 fictum
702 736 810 800 sed
858 756 1077 800 revera
1124 736 1201 799 ab
1236 738 1375 820 ipso
1422 733 1730 819 Sophocle
1770 734 2104 820 aliquando
2145 733 2466 819 prolatum
2504 752 2639 797 esse

256 839 540 905 libenter
578 842 894 906 credimus
931 848 1187 928 propter
1222 841 1605 927 peculiarem
1645 862 1838 906 usum
1861 842 2160 906 adiectivi
2185 840 2635 919 πρεσβύτατος,

256 947 534 1032 tragicis
582 950 944 1032 proprium,
992 956 1067 1010 ut
1114 968 1305 1033 supra
1350 950 1784 1031 exposuimus.
2545 951 2556 962 ‘

360 1052 523 1117 Vera
590 1062 807 1120 autem
876 1057 931 1117 si
1001 1059 1213 1117 narrat
1281 1052 1668 1117 Plutarchus
1689 1102 1703 1127 ,
1771 1054 2186 1118 statuendum
2249 1057 2345 1117 est
2405 1071 2639 1116 nomen

256 1158 669 1235 Sostratidae,
720 1160 887 1244 quod
932 1159 1189 1244 praebet
1234 1163 1449 1223 textus
1494 1157 1980 1245 Thucydideus,
2031 1161 2226 1224 errori
2271 1158 2517 1234 deberi,
2575 1163 2640 1221 et

257 1284 301 1328 a
347 1261 717 1350 Thucydide
753 1268 1063 1351 scriptum
1102 1286 1235 1331 esse
1280 1268 1670 1345 Σοφί(λ)λσυ.
1712 1264 1884 1344 Quae
1925 1286 2075 1329 cum
2111 1286 2224 1350 per
2263 1286 2330 1329 se
2359 1268 2640 1349 spectata
2725 1260 2730 1266 ’

250 1391 496 1457 parum
558 1374 643 1435 sit
703 1371 1045 1457 probabilis
1109 1375 1501 1448 coniectura,
1553 1372 1877 1458 aliquanto
1925 1375 2138 1437 minus
2186 1379 2400 1437 tamen
2449 1378 2642 1435 teme-

250 1480 433 1541 raria
492 1478 747 1543 videtur
812 1482 866 1544 si
928 1485 1299 1564 reputamus
1360 1501 1485 1544 non
1534 1481 1657 1543 nisi
1703 1500 1828 1543 uno
1873 1477 2011 1544 loco
2059 1478 2283 1558 (Thus.
2333 1476 2428 1542 111
2479 1472 2638 1557 115)

246 1586 463 1669 patris
508 1583 673 1648 illud
720 1606 951 1649 nomen
998 1588 1517 1661 commemorari;
1572 1584 1728 1649 adde
1779 1584 1949 1670 quod
1989 1583 2163 1649 aliud
2201 1590 2368 1649 certe
2407 1602 2637 1647 nomen

242 1692 325 1754 in
392 1687 783 1775 Thucydidis
844 1698 1095 1755 textum
1159 1711 1272 1776 per
1320 1712 1597 1756 errorem
1645 1693 1971 1777 irrepsisse
2018 1694 2256 1756 scimus
2303 1697 2453 1754 noto
2498 1688 2635 1753 loco

246 1794 283 1859 I
328 1793 439 1871 51,
482 1796 593 1860 ubi
632 1796 966 1860 Andocides
1004 1798 1302 1876 Leoyorae
1322 1796 1508 1877 filius
1547 1816 1712 1860 anno
1754 1794 1886 1859 432
1925 1794 2112 1860 classi
2143 1795 2638 1860 Atheniensium

246 1900 609 1989 praefuisse
669 1901 921 1979 dicitnr,
985 1902 1050 1967 id
1098 1902 1267 1987 quod
1304 1901 1537 1966 falsum
1577 1923 1711 1967 esse
1752 1904 1920 1967 inter
1958 1923 2178 1967 omnes
2219 1902 2348 1966 fere
2387 1907 2633 1966 constat
2709 1928 2716 1937 ·

246 2007 452 2073 hodie
484 2006 551 2087 ¹).
604 2008 891 2095 Denique
939 2030 1063 2073 non
1110 2020 1242 2073 tam
1290 2008 1514 2095 long-e,
1558 2028 1751 2093 quam
1789 2011 1998 2093 primo
2039 2008 2340 2095 adspectu
2382 2005 2636 2083 dixeris,

246 2134 291 2179 a
337 2134 408 2177 se
450 2112 686 2178 distant
723 2117 982 2179 nomina
1009 2115 1282 2188 Σοφίλου
1309 2123 1374 2178 et
1401 2114 1860 2191 avenariam
1889 2116 2173 2200 suspicor
2197 2116 2369 2178 enim
2393 2114 2637 2177 nomini

252 2228 641 2285 ΟΟΦΙΛΟΤ
694 2219 851 2285 olim
899 2223 1366 2307 superpositam
1425 2221 1620 2285 fuisse
1683 2219 2272 2285 annotatiunculam
2322 2218 2632 2296 τραγικόν,

252 2328 431 2391 hanc
479 2332 695 2390 autem
742 2348 853 2411 per
894 2326 1345 2411 compendium
1384 2350 1545 2402 -rpzy
1592 2330 1896 2413 scriptam
1930 2328 2256 2411 irrepsisse
2281 2328 2449 2390 inter
2471 2323 2639 2389 litte-

254 2452 367 2497 ras
406 2434 682 2496 nominis
716 2434 991 2519 proprii,
1032 2439 1096 2497 et
1134 2432 1357 2498 deinde
1396 2440 1760 2518 corruptam
1785 2453 2007 2497 vocem
2034 2439 2632 2496 ΕΟΦΤΡΑΓΙΛΟΤ

254 2540 535 2625 gravius
580 2541 777 2603 etiam
823 2538 1231 2624 depravatam
1278 2560 1413 2604 esse
1459 2542 1527 2602 in
1577 2546 2216 2603 CnCTPATIAOT.

354 2643 480 2709 Sed
544 2644 695 2709 haec
758 2647 1005 2720 omnia,
1067 2650 1293 2730 utpote
1353 2647 1547 2709 nimis
1607 2647 1849 2709 incerta
1867 2692 1882 2721 ‚
1961 2646 2029 2707 in
2105 2645 2352 2708 scriniis
2424 2644 2638 2727 potius

252 2749 589 2815 retinenda
633 2771 986 2827 censerem,
1036 2754 1159 2815 nisi
1206 2773 1351 2816 cum
1399 2755 1761 2816 coniectura
1798 2770 1942 2815 mea
1979 2752 2302 2815 concinere
2341 2753 2638 2833 putarem

252 2858 508 2921 dictum
554 2857 870 2941 quoddam
915 2854 1190 2921 ioculare
1210 2906 1225 2935 ,
1274 2857 1442 2944 quod
1488 2860 1555 2921 in
1601 2857 1764 2922 Pace
1812 2855 2254 2942 Aristophanis
2295 2854 2535 2941 legitur
2575 2860 2640 2919 et

252 2963 568 3027 hactenus
614 2962 1023 3047 probabiliter
1070 2963 1373 3051 explicari
1420 2986 1543 3028 non
1588 2967 1822 3049 potuit.

352 3067 474 3133 1110
520 3067 657 3133 loco
704 3068 1061 3133 Mercurius
1110 3070 1291 3135 Pacis
1338 3072 1595 3135 nomine
1616 3119 1631 3147 ,
1683 3089 1842 3155 quae
1890 3069 2081 3133 modo
2129 3072 2196 3133 in
2242 3068 2455 3134 lucem
2504 3089 2641 3153 pro-

256 3181 466 3239 tracta
534 3181 660 3249 est,
734 3174 1102 3262 Trygaeum
1171 3180 1487 3240 rusticum
1548 3176 1623 3240 de
1687 3175 1956 3241 Athenis
2019 3182 2082 3239 et
2142 3174 2268 3239 alia
2330 3173 2638 3240 nonnulla

258 3285 455 3367 rogat
500 3286 564 3344 et
612 3300 772 3365 quae
818 3288 1170 3366 sequuntur
1218 3289 1337 3362 (vs.
1389 3280 1521 3346 693
1547 3288 1742 3368 sqq.):

1272 3389 1636 3451 Mercurius.

628 3492 669 3555 ὧ
720 3490 793 3553 ὤ·

629 3590 727 3660 0502
774 3598 845 3669 μ’
894 3598 1208 3663 ἐκέλευσεν
1258 3600 1672 3663 ἀναπυθέσθαι
1723 3620 1850 3662 σου.

1294 3705 1609 3789 Tryqaeus.

1883 3811 1953 3873 τὸ
2000 3812 2064 3875 τί
2081 3832 2098 3887 ;

1267 3917 1632 3981 Mercurius.

625 4020 985 4093 πάμπολλα
1034 4022 1136 4085 καὶ
1188 4024 1452 4103 τάρχαῖ’
1502 4014 1545 4087 ἃ
1594 4020 1931 4087 κατέλιπεν
1981 4022 2142 4087 τότε.

626 4133 852 4202 πρῶτον
900 4128 951 4191 δ’
1000 4124 1037 4191 ὅ
1078 4152 1134 4192 τι
1186 4128 1445 4209 πράττει
1500 4127 1858 4207 Σοφοκλέης
1907 4129 2178 4206 ἀνήρετο.

331 4389 387 4453 1)
420 4392 692 4456 lagundum
728 4390 919 4442 videtur
956 4394 1273 4443 Dracontides
1306 4393 1508 4456 [ydolis
1530 4391 1702 4459 filine,
1733 4394 1860 4457 quod
1893 4393 2044 4443 enuit
2080 4394 2349 4445 Muellerus
2387 4395 2646 4465 Struebinss

266 4471 508 4539 Aristoph.
544 4490 591 4539 p.
630 4474 727 4523 602
746 4489 813 4539 tq.
854 4501 915 4513 -·
954 4474 1184 4525 Videatur
1217 4476 1364 4525 etiam
1398 4475 1536 4527 Blae
1576 4476 1884 4527 Bemdumk.
1927 4477 1952 4526 1
1987 4492 2032 4543 1³.
2071 4476 2251 4535 288.4.
