3192 5009
489 237 621 304 408
1134 257 1218 304 nn
1262 255 1884 304 mausumrmnrsus
1929 255 2232 304 nonaum.

486 423 651 486 ratio
711 420 998 486 habenda
1044 426 1140 486 est
1186 423 1253 485 in
1299 423 1900 509 inaugurationibus
1947 421 2258 487 locorum.
2323 420 2493 487 Nam
2538 441 2692 485 cum
2736 419 2878 485 loca

485 527 615 591 fere
676 529 1219 613 inaugurarentur
1264 534 1409 592 tum
1454 549 1607 594 cum
1655 527 1897 614 templa
1941 530 2270 592 terrestria
2315 529 2874 602 constituerentur,

485 653 637 698 cum
681 654 833 698 vero
875 636 1251 699 constitutio
1290 633 1520 720 templi
1559 637 1876 700 terrestris
1914 637 2112 699 etiam
2153 632 2713 719 comprehenderet
2751 631 2878 698 alia

486 738 821 804 sollemnia
881 738 985 818 (de
1046 740 1279 825 quibus
1343 739 1469 805 alio
1530 739 1669 805 loco
1715 747 2030 827 agemus),
2081 760 2242 824 quae
2287 746 2432 826 post
2477 743 2762 827 auspicia
2806 743 2878 804 in

483 845 647 910 Arce
712 845 788 909 ab
837 847 1193 932 auguribus
1243 852 1429 931 capta
1473 849 1543 910 in
1588 849 1728 932 ipso
1774 845 1913 913 loco
1958 845 2072 911 illo
2120 847 2483 934 peragenda
2530 853 2710 912 erant
2757 850 2878 912 eis-

484 949 631 1015 dem
678 952 1035 1037 auguribus
1054 1000 1069 1028 ,
1117 954 1528 1038 inauguratio
1565 951 1690 1017 loci
1733 952 2002 1017 alicuius
2041 957 2256 1032 (sensu
2296 952 2636 1040 ampliore)
2675 955 2878 1018 etiam

484 1057 609 1122 dici
645 1062 896 1141 poterat
932 1060 998 1121 in
1042 1078 1113 1123 eo
1152 1055 1289 1122 loco
1330 1057 1467 1122 fieri
1507 1061 1620 1143 qui
1658 1058 2142 1144 inaugurandus
2182 1067 2382 1137 esset,
2423 1081 2628 1145 neque
2657 1065 2877 1124 tamen

480 1162 697 1227 ullum
742 1163 1016 1228 dubium
1063 1168 1161 1228 est
1200 1166 1355 1249 quin
1396 1167 1596 1229 etiam
1635 1167 1703 1228 in
1741 1165 2236 1251 inauguratione
2277 1165 2570 1231 locorum
2593 1168 2876 1251 auspicia

484 1269 561 1335 de
605 1270 743 1335 loco
788 1269 1234 1356 inaugurando
1282 1277 1469 1355 capta
1516 1273 1645 1334 sint
1687 1273 1759 1334 in
1806 1271 1988 1337 Arce.
2037 1271 2132 1336 Eo
2181 1293 2368 1337 sensu
2409 1272 2716 1360 ampliore
2752 1272 2876 1336 hoc

483 1375 873 1443 vocabulum
934 1379 1274 1462 usurpavit
1336 1375 1535 1442 Varro
1555 1425 1571 1455 ‚
1622 1397 1772 1442 cum
1821 1376 2058 1442 diceret
2106 1375 2427 1463 „augures
2473 1399 2588 1464 per
2632 1399 2878 1443 sacram

483 1485 660 1547 viam
721 1503 800 1547 ex
860 1483 1023 1548 Arce
1070 1482 1383 1567 profectos
1429 1482 1654 1548 solitos
1704 1503 1839 1548 esse
1885 1484 2314 1571 inaugurare'’
2349 1483 2430 1566 1);
2483 1505 2878 1571 quamquam

482 1590 804 1654 nescimus
874 1609 1034 1674 quae
1103 1591 1189 1652 sit
1248 1591 1629 1654 caerimonia
1691 1610 1887 1674 quam
1947 1593 2298 1675 respexerit
2361 1589 2557 1655 Varro
2579 1640 2594 1669 ‚
2659 1596 2879 1656 tamen

480 1699 623 1781 ipsa
682 1695 837 1760 haec
884 1695 1080 1759 verba
1124 1694 1503 1772 ostendunt,
1553 1713 1831 1781 augures
1876 1698 1946 1760 in
1993 1696 2113 1760 hac
2158 1699 2544 1762 caerimonia
2591 1718 2876 1783 quoque,

484 1807 826 1886 antequam
895 1800 1193 1866 sollemni
1252 1822 1488 1887 pompa
1533 1801 1943 1886 procederent
1989 1801 2069 1866 ad
2115 1823 2267 1867 eum
2310 1801 2532 1867 locum
2577 1804 2692 1868 ubi
2735 1802 2880 1868 reli-

484 1929 609 1994 qua
664 1907 1009 1973 ‘sollemnia
1066 1907 1425 1995 peragenda
1487 1913 1732 1984 essent,
1795 1908 2083 1992 primum
2149 1906 2476 1994 paulisper
2523 1913 2878 1974 remoratos

482 2036 619 2080 esse
684 2017 753 2079 in
823 2015 1018 2091 Arce,
1092 2013 1261 2099 quod
1332 2035 1446 2078 cur
1505 2013 1751 2078 factum
1813 2034 1948 2078 esse
2009 2018 2219 2100 potest
2283 2016 2408 2078 nisi
2467 2014 2548 2080 ad
2593 2017 2880 2100 auspicia

483 2117 827 2206 capienda?
888 2119 1089 2184 Locos
1150 2125 1371 2184 autem
1432 2122 1544 2204 qui
1589 2119 1860 2204 probant
1880 2167 1896 2196 ‚
1945 2139 2223 2205 augures
2271 2141 2587 2205 nusquam
2634 2121 2760 2184 nisi
2805 2122 2876 2184 in

483 2226 645 2290 Arce
692 2227 1045 2310 augurium
1092 2228 1299 2310 egisse
1324 2223 1399 2304 ²),
1445 2227 1513 2288 in
1560 2231 1918 2309 conspectu·
1949 2245 2221 2310 ponam:

581 2329 649 2393 1⁰
712 2329 889 2394 Varr.
952 2329 1045 2394 l.l.
1112 2327 1173 2395 ’7.
1200 2330 1242 2395 8
1268 2349 1397 2415 sq.:
1463 2329 1882 2415 ‚‚(templum)
1945 2333 2304 2417 concipitur
2366 2331 2572 2396 verbis
2621 2351 2744 2394 non
2791 2332 2874 2394 is-

484 2435 632 2500 dem
701 2455 1175 2520 usquequaque.
1246 2435 1329 2498 In
1390 2437 1543 2499 Arce
1605 2438 1728 2500 sic:
1801 2485 1815 2500 .
1846 2484 1859 2499 .
1893 2483 1951 2499 ..
2014 2436 2164 2502 Ideo
2225 2437 2429 2504 dicere
2447 2486 2464 2514 ,
2527 2443 2674 2503 tum
2720 2458 2876 2502 cum

366 2609 376 2619 ,
482 2539 804 2625 templum
850 2540 1003 2605 facit
1020 2588 1036 2617 ,
1085 2563 1400 2622 auqurem:
1450 2589 1464 2605 .
1495 2589 1508 2604 .
1541 2590 1555 2605 .
1588 2589 1602 2604 .

576 2643 648 2708 2⁰
708 2645 878 2710 Fest.
946 2666 1095 2732 pag.
1154 2645 1269 2711 16:
1336 2668 1583 2733 „genus
1655 2646 1979 2725 sacrificii,
2055 2647 2225 2733 quod
2293 2648 2363 2712 in
2432 2651 2585 2712 Arce
2653 2647 2728 2713 fit
2795 2649 2875 2715 ab

486 2751 879 2832 auquribuc''.
1298 2821 1311 2828 ‚

578 2855 648 2920 3⁰
711 2854 841 2922 Gic.
906 2855 1022 2922 Off.
1088 2856 1149 2921 3.
1182 2857 1285 2922 16.
1316 2857 1436 2923 66:
1504 2864 1658 2936 „ut‚
1726 2880 1877 2924 cum
1942 2859 2007 2922 in
2056 2863 2210 2923 Arce
2254 2865 2572 2941 auqurium
2618 2882 2874 2942 austres

483 2962 681 3026 amri
728 2970 919 3026 esseut
961 2966 1420 3049 iussissentque
1475 2963 1573 3028 Ti.
1616 2962 1964 3031 Claudium
2003 2963 2462 3031 Centumalum
2481 3014 2497 3044 ‚
2539 2969 2651 3052 qui
2689 2966 2872 3032 aedes

481 3072 551 3133 in
599 3066 813 3136 Caelio
860 3075 1081 3134 monte
1126 3070 1434 3146 habebat,
1481 3070 1780 3136 demoliri
1817 3091 1921 3148 ea,
1965 3093 2242 3156 quorum
2281 3071 2558 3138 altitudo
2599 3072 2876 3138 officeret

484 3177 818 3259 auspiciis,
885 3173 1193 3242 Claudius
1239 3179 1612 3261 proscripsit
1658 3176 2005 3240 insulam”.
2069 3177 2288 3241 Etiam
2337 3178 2417 3243 ad
2462 3185 2876 3266 prospectum

484 3301 563 3345 ex
598 3282 761 3346 Arce
802 3280 1181 3366 capiendum
1220 3287 1285 3346 et
1325 3281 1405 3346 ad
1445 3284 1730 3368 auspicia
1767 3285 2118 3368 Augurum
2147 3286 2462 3370 pertinere
2497 3285 2875 3350 crediderim

481 3385 698 3450 locum
759 3385 935 3450 Festi
997 3407 1143 3472 pag.
1195 3385 1362 3450 344:
1416 3391 1973 3465 „summissiorem
2021 3388 2163 3454 aliis
2211 3389 2434 3454 aedem
2481 3388 2763 3455 Honoris
2809 3396 2875 3455 et

484 3491 757 3557 Virtutis
806 3489 879 3558 O.
928 3491 1179 3557 Marius
1228 3493 1377 3558 fecit
1394 3541 1409 3570 ,
1458 3514 1538 3558 ne
1584 3496 1642 3557 si
1683 3493 1843 3558 forte
1893 3493 2167 3559 officeret
2213 3497 2515 3579 auspiciis
2563 3494 2838 3580 publicis
2855 3545 2872 3574 ‚

482 3617 762 3682 augures
808 3619 953 3662 eam
1002 3597 1297 3663 demoliri
1344 3598 1711 3685 cogerent''.
1776 3598 1953 3664 Situs
2000 3600 2194 3665 huius
2241 3600 2414 3665 aedis
2459 3601 2652 3667 hodie
2695 3603 2877 3687 igno-

485 3706 590 3767 tus
636 3708 752 3768 est.

526 3989 607 4079 ⁰1)
646 4019 787 4068 Varr.
824 4017 893 4068 1.1.
930 4017 1075 4071 5.st
1108 4047 1178 4058 —
1211 4021 1266 4085 2)
1304 4021 1459 4071 Paulo
1492 4022 1653 4073 minus
1689 4026 1815 4074 recte
1849 4025 2139 4090 Marquardt
2168 4043 2213 4076 v.
2231 4026 2292 4076 cl.
2323 4026 2517 4092 scripsit
2546 4029 2872 4088 (Stuatnverv.

486 4099 531 4147 8.
568 4113 613 4161 p.
651 4099 773 4163 899)
805 4100 979 4149 Arcem
1011 4100 1155 4150 fuisse
1190 4101 1347 4154 locum
1380 4120 1476 4168 quo
1509 4105 1807 4155 convenirent
1843 4109 2078 4171 Augures.
2115 4108 2242 4156 Nam
2278 4108 2404 4172 quod
2440 4108 2566 4172 fugit
2599 4109 2759 4160 virum
2791 4108 2873 4170 cl.‚

482 4179 700 4242 Augures
744 4195 853 4229 cum
894 4186 1303 4247 congregarentur
1338 4185 1494 4234 Nonis
1526 4188 1880 4237 commentandi
1913 4205 2054 4239 causa
2087 4189 2204 4252 (Cic.
2241 4189 2339 4238 div.
2377 4190 2422 4238 1.
2442 4191 2526 4240 41.
2543 4191 2652 4255 90),
2687 4207 2782 4240 uon
2819 4191 2874 4240 in

482 4263 1027 4395 ζοοῗωεοζηνοηίοὺωε
1057 4264 1138 4313 sed
1172 4264 1223 4314 in
1259 4265 1425 4316 hortos
1460 4272 1545 4317 aut
1578 4270 1630 4318 in
1663 4270 1958 4321 domicilium
1986 4271 2182 4334 auguris
2213 4272 2440 4330 alicuius,
2477 4276 2530 4321 ut
2559 4272 2678 4322 dicit
2703 4273 2874 4322 Cicero
