3192 5009
1088 295 1382 342 oneum
1428 295 1786 343 smrnnmA.
2495 275 2622 342 361

263 463 449 527 haesit
509 461 728 540 editor,
796 462 876 528 cl.
926 484 1024 528 vs.
1076 459 1207 528 '734
1268 466 1588 530 coniciens
1636 462 1926 542 ἄβουλον,
1979 463 2148 549 quod
2196 467 2412 542 tamen
2456 461 2630 528 haud

264 566 435 633 facile
480 573 615 633 tam
660 571 947 654 graviter
984 572 1201 654 potuit
1239 573 1582 656 corrumpi.
1633 569 1990 635 L‘enissime
2005 619 2022 648 ,
2072 572 2128 633 si
2176 569 2330 654 quid
2377 575 2630 634 mutan-

263 673 439 752 dum,
509 677 892 740 correxerim
963 677 1314 756 ἀπεχθῆ.
1398 676 1502 742 Sic
1564 676 1651 741 VI
1701 677 1804 754 11,
1871 677 1982 741 ubi
2043 679 2214 740 recte
2277 675 2490 740 editur
2549 695 2630 740 ex

261 779 589 845 Alexandri
634 783 1029 846 coniectura:

608 884 732 962 ἥξει
782 887 843 958 ἔς
890 911 960 952 τε
1012 886 1181 961 δίκην
1229 888 1335 953 καὶ
1385 890 1581 954 πείσει
1629 887 1782 953 λαὸν
1829 889 2162 965 ἀπειθῆ,

261 996 501 1058 inversa
546 995 787 1059 ratione
836 1015 1057 1060 omnes
1105 994 1347 1060 codices
1396 995 1699 1061 exhibent
1744 995 2016 1075 ἀπεχθῆ.
2068 991 2307 1059 Contra
2353 990 2472 1056 VH
2500 990 2626 1056 141

258 1099 355 1177 νὺξ
389 1137 475 1148 -—-
514 1101 721 1178 μακρὴ
771 1101 875 1164 καὶ
924 1101 1309 1182 απειθῆς,
1362 1102 1476 1166 ubi
1526 1101 1888 1166 Volkmann
1937 1101 2282 1180 ἀφεγγής,
2329 1097 2631 1163 Mainake

260 1205 512 1279 ἀπευθής
577 1209 877 1283 coniecit,
943 1207 1229 1287 ἀπεχθὴς
1296 1210 1407 1271 vix
1456 1209 1614 1272 satis
1653 1211 1900 1292 aptum.
1954 1244 2038 1255 —
2088 1203 2187 1272 Of.
2235 1210 2451 1270 tamen
2498 1200 2630 1269 6¹70

255 1311 391 1375 λαὸν
435 1312 827 1378 ἀπαίδευτον.

330 1415 416 1481 IV
465 1416 508 1481 8
600 1417 905 1498 οὐδὲγὰρ
949 1412 1105 1482 οἷκον
1153 1415 1289 1497 ἔχει
1338 1418 1486 1498 ναῷ
1534 1419 1751 1483 λίθον
1801 1417 2300 1482 ἕλκυσθέντα

600 1522 1081 1600 κωφότατον
1132 1522 1367 1588 νωδόν
1414 1546 1520 1601 τε,
1569 1523 1805 1605 βρότῶν
1851 1522 2225 1600 πολυαλγέα
2275 1522 2505 1602 λώβην.

600 1630 750 1694 ἄλλ’
800 1619 861 1693 ὃν
907 1628 1050 1694 ἰδεῖν
1099 1629 1207 1693 οὐκ
1254 1626 1418 1693 ἔστιν
1466 1632 1591 1694 ἀπὸ
1640 1628 1852 1709 χθονὸς
1903 1628 2037 1695 οὐδὲ
2084 1636 2424 1709 μετρῆσαι,

604 1733 879 1811 ὄμμασιν
929 1735 991 1799 ἔν
1037 1736 1303 1812 θνητοῖς,
1354 1735 1422 1799 οὗ
1469 1736 1956 1801 πλασθέντα
2001 1735 2190 1816 χερὶ
2243 1737 2446 1816 θνητῇ.

252 1839 575 1926 Nusquam
646 1840 801 1906 alibi
868 1843 936 1906 in
1007 1839 1348 1928 Sibyllinis
1415 1841 1571 1906 haec
1641 1843 1958 1926 reperitur
2023 1840 2283 1906 licentia
2299 1890 2316 1919 ,
2381 1846 2458 1906 ut
2519 1862 2630 1926 pes

252 1949 503 2031 quintus
550 1948 815 2033 incipiat
862 1969 899 2012 a
944 1947 1124 2012 brevi
1172 1947 1442 2034 syllaba.
1493 1946 1915 2013 Scribendum
1961 1949 2248 2032 suspicor

1050 2054 1116 2117 οὖ
1167 2053 1606 2118 πλασθέντ’
1656 2053 1732 2116 έν
1779 2051 1962 2134 χερὶ
2015 2052 2218 2131 θνητῇ.

249 2156 449 2222 addita
515 2158 729 2224 dativo
787 2159 1267 2224 instrumentali
1287 2209 1303 2238 ,
1369 2159 1539 2245 quod
1601 2179 1786 2244 saepe
1847 2158 1956 2235 fit-,
2020 2160 2486 2243 praepositione
2544 2159 2626 2223 έν.

248 2263 453 2330 Etiam
501 2265 577 2330 de
623 2285 1141 2352 praegressorum
1188 2268 1459 2330 sanitate
1506 2264 1751 2330 dubito,
1800 2263 2234 2350 Expectabam
2281 2264 2444 2329 fere:

597 2371 908 2450 οὐδὲγὰρ
953 2367 1109 2436 οἶκον
1155 2370 1290 2453 ἔχει
1341 2372 1525 2436 ναὸν
1572 2371 1798 2437 λίθου
1844 2369 2283 2451 ἱδρυθέντα

600 2476 1083 2558 κωφοτατου
1132 2477 1373 2542 νωδοῦ
1422 2502 1529 2554 τε,
1577 2477 1810 2556 βροτῶν
1858 2476 2239 2552 πολυαλγέα
2286 2475 2518 2554 λώβην.

252 2581 557 2649 Exhibent
582 2589 801 2649 autem
824 2583 1135 2663 ἱδρυθέντα
1160 2583 1310 2649 libri
1336 2592 1472 2647 ΦΨ.
1499 2582 1595 2648 De
1621 2582 1816 2660 νωδός,
1841 2589 2054 2661 mutue,
2080 2583 2158 2647 cf.
2178 2581 2480 2649 Thesaur.
2508 2604 2625 2649 επ.

326 2686 414 2754 IV
462 2687 552 2753 93
602 2688 847 2768 Βακτρα
896 2690 1323 2761 κατοικήσουσι
1373 2688 1771 2762 Μακηδόνες·
1823 2680 1878 2752 οἳ
1925 2689 1976 2753 δ’
2029 2688 2155 2752 ἀπὸ
2207 2688 2490 2766 Βάκτρων

598 2798 703 2858 καὶ
758 2795 1000 2860 Σούσων
1048 2793 1385 2871 Φεύξονται
1435 2795 1495 2869 ἐς
1544 2792 2157 2870 Ἐλλάδαγαῒαν
2208 2789 2510 2867 ἅπαντες.

248 2899 526 2965 Absurde
576 2899 897 2965 Bactriani
943 2906 1008 2965 et
1054 2898 1311 2965 Susiani
1358 2900 1440 2964 ad
1485 2900 1774 2964 hostium
1818 2920 2087 2965 suorum
2125 2905 2363 2965 terram
2402 2900 2625 2987 fugere

250 3004 556 3071 dicuntur.
611 3003 911 3092 Corrige:

1386 3110 1445 3182 le,-
1495 3107 1756 3185 ἄλλην
1802 3117 2000 3187 γαῖαν
2046 3107 2351 3182 ἅπαντες.

252 3221 317 3279 ut
370 3223 467 3282 est
529 3215 625 3281 ΠΙ
674 3215 803 3282 525
863 3217 1076 3282 πολλοὶ
1141 3215 1204 3281 δὲ
1250 3217 1521 3292 σώματα
1572 3216 1766 3280 δοῦλα
1815 3218 2004 3295 πρὸς
2056 3214 2322 3291 ἄλλην
2367 3223 2626 3293 γαῖαν
2694 3222 2701 3229 ’

252 3321 484 3406 haime„
559 3319 797 3400 ἥξουσιν
870 3323 997 3387 κτὲ.
1074 3328 1137 3387 et
1210 3321 1297 3387 IV
1348 3321 1472 3386 111
1540 3321 1654 3394 εἰς
1723 3321 2006 3401 ἑτέρην
2071 3319 2214 3403 εὔξῃ
2280 3328 2626 3402 προφυγεῖν

253 3429 517 3507 χθόνα.

291 3532 372 3598 IV
424 3535 554 3602 112
604 3536 780 3609 ἡνίκα
832 3534 905 3608 δὴ
955 3533 1255 3614 Πατάρων
1301 3530 1529 3611 ὅμαδόν
1577 3555 1731 3598 ποτε
1778 3532 2324 3613 δυσσεβίησιν

598 3641 887 3721 βρονταῖς
936 3640 1041 3704 καὶ
1091 3647 1425 3716 σεισμοῖσιν
1475 3641 1624 3710 ἁλὸς
1673 3639 1903 3705 παύσει
1952 3638 2156 3718 μέλαν
2205 3635 2374 3720 ὕδωρ.

256 3742 415 3810 Num
477 3747 643 3812 forte
705 3746 1055 3818 ὃυσσεβί
1074 3770 1107 3819 η
1130 3772 1158 3810 ν
1204 3769 1327 3824 τε,
1378 3750 1452 3810 ut
1497 3749 1583 3810 sit
1629 3746 1943 3828 strepitum
1987 3745 2464 3831 impietatemque
2510 3768 2624 3832 per

256 3847 306 3912 ἓν
348 3852 446 3917 διὰ
494 3853 652 3918 δυοῖν
701 3853 949 3918 dictum
994 3873 1109 3938 pro
1157 3853 1405 3934 impium
1448 3852 1762 3934 strepitum
1779 3901 1796 3930 ,
1842 3851 1980 3916 scil.
2029 3849 2526 3919 vaticiniorum?

330 3956 382 4022 V
429 3958 515 4024 38
592 3963 697 4023 τοῦ
748 3957 843 4035 δέ,
894 3958 1231 4040 τριηκοσίης
1279 3957 1520 4036 κεραίης
1572 3954 1608 4022 δ’
1650 3982 1726 4022 τι
1776 3959 2088 4036 πρῶτον
2137 3956 2550 4036 ἐλέγχων,

601 4072 751 4134 ταῖς
802 4067 1020 4144 κράτος
1071 4063 1394 4143 ἐξαφελεῒ.

260 4167 479 4254 Agitur
540 4170 617 4235 de
669 4169 815 4235 Tito
860 4173 1244 4255 imperatore
1264 4219 1279 4246 ,
1330 4172 1441 4255 qui
1488 4174 1708 4234 contra
1753 4169 2057 4233 historiae
2106 4167 2298 4233 fidem
2346 4190 2383 4233 a
2428 4168 2625 4234 male-

262 4273 388 4340 volo
445 4275 680 4342 Iudaeo
743 4283 1036 4342 narratur
1081 4275 1545 4360 Vespasianum
1591 4282 1842 4360 patrem
1885 4294 2083 4360 regno
2130 4277 2432 4361 privasse.
2499 4274 2624 4340 Sed

266 4377 583 4480 depravata
645 4385 944 4450 videntur
987 4383 1181 4449 verba
1226 4385 1562 4463 τριηκοσίης
1593 4381 2013 4463 -ἐλέγχων,
2060 4401 2223 4467 quae
2268 4380 2626 4448 Alexandro
