3192 5009
1120 349 1429 400 emaci
1452 373 1537 384 —
1563 347 1897 400 summ.
2566 325 2697 397 293

323 520 706 598 Balearicus,
769 518 1140 584 Delmaticae
1153 570 1170 603 ,
1237 517 1595 581 Numidicus
1657 519 1826 595 sim„
1898 538 1979 582 ex·
2037 518 2270 603 quibus
2317 516 2440 582 duo
2490 520 2701 602 priora

322 648 378 692 a.
434 625 560 692 146
623 647 680 692 a.
727 623 876 692 Chr.
939 649 1025 702 n.,
1089 630 1394 710 quartum
1441 644 1497 688 a.
1556 621 1683 688 123
1733 628 1961 687 natum
2014 628 2144 688 est:
2193 621 2436 686 Brutus
2481 629 2701 687 autem

324 729 642 798 Gallaecos
711 752 768 798 a.
834 729 958 796 136
1024 729 1280 794 devicit.
1369 729 1673 792 Callaicus
1733 750 1845 813 pro
1916 728 2283 792 Callaeciae
2308 775 2316 780 -
2346 728 2699 813 euphoniae

321 859 510 904 causa
576 845 766 926 atque
829 837 909 902 ad
969 835 1463 902 similitudinem
1508 834 1822 899 Mummii
1866 837 2267 921 cognominis
2315 834 2561 900 dictum
2607 837 2701 899 vi-

323 944 526 1009 detur.

413 1049 487 1114 Id
533 1057 751 1115 autem
796 1050 964 1134 quod
1008 1051 1194 1134 posui
1237 1055 1532 1113 veterum
1577 1047 1701 1112 loci
1720 1095 1736 1123 ,
1785 1047 1899 1112 ubi
1942 1046 2131 1111 Bruti
2178 1067 2529 1133 cognomen
2573 1067 2703 1111 me-

319 1163 630 1234 moratur,
698 1156 849 1221 adeo
918 1177 1044 1220 non
1112 1160 1410 1220 evertunt
1479 1161 1555 1218 ut
1630 1155 1845 1239 potius
1907 1152 2278 1218 confirmare
2342 1152 2701 1217 videantur.

322 1262 627 1327 Ovidium
695 1265 869 1328 enim
937 1283 1130 1327 versu
1176 1281 1367 1346 supra
1439 1259 1700 1324 laudato
1773 1260 1920 1324 data
1990 1278 2179 1343 opera
2233 1261 2340 1323 ita
2402 1260 2703 1324 cecinisse

320 1368 696 1434 crediderim
759 1377 832 1433 ut
890 1371 1108 1453 ipsum
1167 1368 1354 1432 Bruti
1417 1387 1771 1453 cognomen
1832 1369 1901 1430 in
1964 1365 2278 1431 lectorum
2324 1368 2702 1430 memoriam

319 1480 646 1540 revocaret
703 1481 769 1539 et
829 1473 998 1559 apud
1044 1473 1334 1538 Plinium
1383 1470 1490 1549 36,
1520 1471 1607 1536 26
1656 1471 2149 1557 Bambergensis
2197 1470 2458 1555 quidem
2506 1471 2699 1536 codex

329 1580 594 1644 Callaeci
654 1580 909 1665 praebet
971 1600 1200 1644 verum
1253 1577 1484 1642 Gabaioi
1541 1577 1883 1660 Vossianus
1900 1626 1917 1654 ,
1982 1577 2432 1642 Riccardianus
2451 1625 2469 1655 ,
2534 1598 2701 1642 unus

322 1707 403 1750 ex
463 1685 768 1750 Parisinis
785 1735 802 1762 ,
869 1685 1194 1751 deficiente
1253 1685 1356 1748 hic
1409 1683 1572 1749 libro
1621 1686 1866 1768 optimo
1913 1683 2206 1748 Leidensi
2256 1685 2330 1747 A.
2381 1683 2701 1764 Velleium

321 1791 494 1877 quod
539 1792 601 1869 2,
630 1791 715 1854 54
772 1792 1044 1855 Gallaeoi
1089 1792 1468 1857 scribentem
1513 1791 1758 1855 faciunt
1803 1789 1871 1853 id
1918 1789 2160 1854 nullius
2210 1811 2344 1854 esse
2384 1793 2698 1855 momenti

319 1901 456 1962 iam
501 1919 692 1984 supra
735 1898 1109 1984 significavi.
1161 1896 1644 1978 commentator
1681 1897 1951 1982 denique
1992 1894 2474 1975 Ciceronianus,
2519 1901 2702 1963 cuius

321 2004 631 2089 reliquiae
699 2011 1040 2091 supersunt
1108 2007 1177 2068 in
1245 2004 1498 2070 scholiis
1560 2003 1979 2068 Bobiensibus
2043 2007 2097 2068 si
2156 2003 2407 2068 saeculo
2479 2013 2703 2090 quarto

321 2112 631 2195 quintove
668 2113 836 2176 vixit
873 2131 1113 2197 suaque
1152 2132 1230 2175 ex
1273 2111 1543 2175 Asconio
1584 2109 1863 2175 Pediano
1902 2111 2120 2174 hausit
2158 2115 2397 2175 rectam
2428 2111 2702 2175 formam

319 2217 690 2282 adhibuisse
736 2216 1056 2303 putandus
1102 2223 1198 2282 est
1244 2222 1332 2302 (Ρ.
1385 2215 1515 2281 359
1564 2214 1721 2295 Or.),
1763 2237 1958 2302 quam
1998 2225 2112 2281 aut
2149 2215 2447 2281 librarius
2472 2217 2702 2282 codicis

322 2343 486 2388 saec.
529 2329 707 2388 sexto
747 2325 988 2389 exarati
1025 2326 1158 2388 iam
1199 2325 1515 2410 corrupit,
1555 2328 1703 2401 aut,
1741 2323 1911 2408 quod
1933 2322 2141 2387 multo
2167 2330 2261 2388 est
2284 2322 2696 2409 probabiliu5‚

323 2427 544 2494 Maius
591 2429 878 2516 neglexit
923 2430 1257 2495 evanidam
1304 2429 1566 2494 fortasse
1616 2436 1680 2494 et
1724 2428 1896 2494 lectu
1944 2428 2265 2494 difficilem
2310 2432 2378 2494 in
2421 2428 2585 2495 libro
2626 2437 2701 2495 ut

325 2542 554 2601 notum
601 2541 698 2602 est
744 2539 1068 2622 rescripto,
1317 2548 1320 2551 '

462 2719 732 2783 Groningae
768 2734 828 2767 m.
869 2717 1127 2768 FeBruario
1165 2719 1315 2768 1892.

1374 3027 1693 3035 —————-——

423 3259 573 3327 Sero
616 3262 784 3339 vidi,
835 3261 1005 3348 quod
1051 3262 1297 3328 dudum
1341 3283 1448 3327 me
1495 3260 1729 3326 vidisse
1769 3264 2083 3346 oportuit,
2126 3262 2314 3328 Bruti
2350 3281 2705 3349 cognomen

326 3367 515 3454 quale
584 3368 777 3434 fuerit
845 3371 914 3432 in
984 3371 1478 3434 controversiam
1539 3369 1671 3432 iam
1739 3371 1947 3433 vocari
2007 3390 2133 3433 non
2194 3389 2408 3454 posse3
2460 3375 2706 3456 reperta

326 3475 504 3538 enim
571 3495 704 3539 esse
773 3475 898 3539 duo
971 3475 1280 3540 fastorum
1341 3471 1774 3539 consularium
1838 3470 2347 3558 Capitolium-um
2394 3474 2667 3540 frustula
2686 3523 2702 3552 ,

326 3578 605 3644 alterum
666 3600 721 3644 a.
783 3576 970 3657 1872,
1033 3579 1308 3646 alterum
1354 3601 1409 3644 a.
1465 3575 1658 3655 1873,
1710 3600 1982 3664 quorum
2027 3579 2191 3644 illud
2238 3580 2431 3645 huius
2480 3601 2705 3668 cogno-

327 3687 524 3750 minis
562 3689 840 3770 priorem
877 3692 1125 3773 partem
1166 3683 1364 3762 CAL,
1406 3685 1523 3750 hoc
1563 3687 1977 3770 posteriorem
2020 3683 2292 3752 IAIGVS
2330 3688 2701 3751 servaverit.

325 3789 490 3856 Vide
533 3791 698 3878 Eph.
745 3791 968 3878 Epigr.
1023 3791 1081 3869 1,
1130 3815 1192 3878 p.
1248 3790 1374 3855 154
1421 3795 1486 3856 et
1534 3789 1596 3868 2,
1647 3811 1708 3875 p.
1758 3789 1911 3855 210.
