3192 5009
1085 362 1170 409 nn
1215 361 1485 410 ramus
1529 360 1829 410 nomme.
2508 341 2635 408 341

268 538 446 597 esset
489 529 806 615 templum
848 536 914 595 et
949 528 1264 616 quomodo
1302 525 1577 594 differret
1616 529 1693 593 ab
1732 528 1883 594 aede
1922 548 2095 593 sacra
2114 577 2130 606 ‚
2172 533 2386 593 tamen
2408 529 2643 596 abusus

269 643 377 702 est
444 636 744 702 vocabulo
815 635 1177 713 ,‚sanctus’',
1252 635 1417 719 quod
1478 633 1651 700 idem
1711 633 2067 720 significare
2127 634 2416 700 credebat
2475 635 2643 721 quod

277 742 578 821 ‚,sacer'';
631 764 754 828 quo
800 762 1005 808 errore
1052 741 1396 827 perductus
1441 743 1728 826 primum
1765 742 2003 805 iniuria
2042 743 2434 827 vituperavit
2481 740 2647 827 glos-

269 856 520 915 satores
536 899 551 926 ,
607 852 717 934 qni
768 853 937 914 recte
991 847 1210 929 templa
1267 846 1564 925 „sancta”
1620 868 1755 912 esse
1808 847 2097 912 dixerant
2112 895 2129 923 ,
2180 868 2329 912 cum
2390 853 2646 934 putaret

267 954 520 1040 templa
557 956 635 1021 ab
675 957 765 1020 eis
802 976 975 1018 sacra
1014 973 1152 1018 esse
1192 953 1442 1030 habita;
1485 952 1708 1019 deinde
1746 973 2077 1038 perperam
2098 955 2361 1039 negavit
2384 950 2646 1020 Curiam

269 1061 630 1128 Hostiliam
689 1065 971 1126 sanctam
1032 1079 1167 1124 esse
1187 1107 1203 1135 ‚
1266 1079 1416 1124 cum
1461 1061 1652 1124 sciret
1698 1079 1840 1124 eam
1887 1079 2130 1124 sacram
2177 1081 2301 1124 non
2348 1060 2545 1125 fuisse
2574 1058 2645 1140 1).

267 1170 412 1236 Nos
453 1171 660 1255 igitur
704 1169 782 1234 ab
827 1167 944 1232 bac
984 1165 1440 1231 vocabulorum
1477 1167 1842 1233 confusione
1880 1164 2221 1252 diligenter
2260 1168 2645 1232 cavebimus.

372 1274 659 1340 Iamvero
706 1295 856 1339 cum
907 1275 976 1338 in
1015 1292 1302 1338 sermone
1340 1271 1627 1337 Romano
1668 1271 1933 1359 vulgato
1971 1269 2283 1358 paulatim
2320 1271 2650 1338 sublatum

269 1387 446 1447 esset
505 1379 846 1444 discrimen
905 1379 1249 1444 verborum
1305 1397 1465 1463 quae
1511 1378 1590 1442 ad
1637 1380 2196 1465 inaugurationem
2242 1399 2526 1464 quaeque
2570 1379 2651 1444 ad

267 1488 813 1553 consecrationem
871 1487 1259 1570 pertinerent
1277 1531 1292 1560 ,
1349 1483 1737 1550 vocabulum
1780 1482 2037 1549 nullum
2082 1486 2151 1547 in
2196 1491 2499 1570 promptu
2546 1486 2652 1550 ha-

267 1597 557 1660 buerunt
615 1597 900 1658 auctores
960 1593 1162 1655 nostri
1179 1639 1194 1668 ,
1246 1611 1370 1675 quo
1416 1589 1737 1677 designari
1782 1597 1952 1656 certo
1997 1592 2228 1654 scirent
2269 1589 2651 1678 religionem

269 1721 442 1787 quae
501 1703 568 1764 in
627 1698 764 1764 loca
821 1698 1159 1763 inferretur
1217 1719 1330 1782 per
1381 1699 1939 1783 inaugurationem
1960 1745 1975 1772 ,
2026 1697 2247 1762 eodem
2290 1696 2480 1762 modo
2528 1717 2653 1782 quo

271 1805 590 1894 quidquid
651 1804 765 1870 deo
827 1802 1020 1869 alicui
1077 1808 1513 1869 consecratum
1576 1808 1712 1868 erat
1759 1823 2011 1868 sacrum
2056 1802 2181 1867 dici
2228 1802 2491 1880 soleret;
2543 1801 2652 1867 alii

271 1915 454 1979 enim
511 1908 896 1977 vocabulum
955 1908 1212 1986 „sacer”
1277 1929 1607 1995 perperam
1672 1908 2131 1974 transferebant
2176 1908 2256 1974 ad
2296 1907 2435 1974 loca
2478 1910 2653 1973 inau-

270 2025 512 2108 gurata
528 2067 546 2096 ,
589 2017 702 2083 alii
739 2015 1127 2082 vocabulum
1167 2017 1502 2093 „sanctus”
1547 2015 1626 2080 ad
1657 2014 1798 2081 loca
1827 2035 2019 2080 sacra.
2062 2014 2185 2080 Sed
2210 2015 2469 2081 fuerunt
2486 2018 2655 2079 inter

271 2129 454 2192 viros
493 2124 706 2189 doctos
743 2125 1113 2209 imperatori
1149 2123 1448 2209 Augusto
1488 2121 1783 2208 aequales
1800 2169 1816 2199 ,
1844 2124 1954 2208 qui
1977 2119 2152 2186 aliud
2175 2120 2417 2206 aliquid
2444 2121 2656 2185 huius-

281 2232 467 2296 modi
525 2228 906 2294 vocabulum
971 2234 1339 2312 quaererent
1403 2248 1527 2313 quo
1588 2226 1725 2292 loca
1784 2229 2166 2312 inaugurata
2219 2227 2653 2314 designarent;

281 2339 390 2402 his
455 2335 841 2402 vocabulum
902 2341 1186 2414 aequatus
1247 2336 1655 2419 aptissimum
1716 2336 1929 2398 visum
1989 2338 2085 2398 est
2145 2333 2313 2418 quod
2354 2335 2471 2398 hac
2517 2336 2655 2398 vice

276 2443 656 2528 fungeretur
673 2490 688 2518 ,
737 2443 920 2506 cuius
966 2442 1059 2504 rei
1096 2440 1354 2505 fortasse
1395 2444 1618 2504 auctor
1654 2439 1778 2503 fuit
1816 2437 2073 2504 Verrius
2110 2437 2391 2505 Flaccus.
2432 2437 2653 2524 Itaque

275 2571 322 2614 a
361 2547 547 2613 Festo
565 2597 582 2624 ‚
622 2546 852 2611 Ovidio
870 2594 885 2623 ,
925 2544 1258 2623 Suetonio,
1303 2544 1522 2611 Servio
1562 2545 1681 2610 hoc
1719 2544 2103 2610 vocabulum
2142 2545 2311 2632 quod
2347 2546 2424 2611 ab
2457 2545 2654 2609 avium

269 2661 448 2736 yeme
509 2658 620 2718 aut
675 2659 855 2733 ῃωιπι
911 2657 1026 2716 aut
1069 2651 1147 2715 ab
1195 2651 1446 2731 auyurio
1494 2651 1866 2716 derivabant
1885 2700 1901 2726 ,
1949 2671 2025 2714 ea
2066 2652 2309 2716 ratione
2353 2651 2654 2737 explicari

277 2761 494 2844 magis
539 2779 730 2845 quam
779 2759 1074 2842 usurpari
1117 2757 1431 2822 videmus.

371 2864 538 2931 Fest.
579 2884 724 2950 pag.
772 2863 845 2928 1:
897 2870 1253 2942 „amacha-3,
1302 2865 1345 2927 i.
1374 2885 1428 2929 e.
1474 2862 1653 2928 locus
1702 2868 1956 2927 sanctus
1978 2912 1992 2938 ,
2042 2863 2119 2928 ab
2160 2865 2382 2928 avium
2423 2869 2615 2950 gestu
2634 2913 2652 2940 ‚

278 2971 351 3036 id
397 2975 525 3046 est,
576 2973 686 3055 qui
733 2970 811 3035 ab
860 2969 1085 3034 avibus
1133 2969 1531 3055 significatus
1575 2969 1737 3033 est.'’

377 3075 562 3141 Ovid.
613 3076 758 3140 fast.
815 3073 872 3138 l.
903 3071 1293 3139 609—612:

559 3180 830 3258 „Sancta
876 3187 1106 3246 vocant
1151 3187 1404 3260 auqueta
1449 3187 1693 3265 patres;
1744 3188 1999 3262 uuquam
2044 3185 2353 3246 vocantur

644 3285 910 3371 Templa
927 3335 942 3363 ,
991 3286 1388 3352 sacerdotum
1435 3289 1555 3351 rite
1603 3287 1808 3351 dicata
1854 3307 2069 3351 manu.

553 3393 768 3458 Huius
817 3397 881 3458 et
927 3395 1276 3479 augurium
1324 3392 1633 3477 dependet
1681 3394 1927 3476 origine
1976 3393 2188 3469 verbi,

645 3498 732 3563 Et
777 3498 1218 3584 quodcumque
1263 3519 1378 3562 sua
1425 3496 1714 3584 Iuppiter
1759 3505 1955 3584 auget
2001 3499 2182 3584 ope.’'

376 3604 551 3670 Suet.
617 3606 786 3691 Aug.
854 3606 928 3672 7:
995 3613 1320 3686 „auquetue
1339 3655 1354 3682 ‚
1413 3603 1580 3690 quod
1618 3605 1757 3670 loca
1802 3626 2053 3690 qnoque
2097 3603 2434 3690 religiosa,
2483 3612 2549 3670 et
2589 3607 2659 3669 in

349 3901 410 3961 1)
457 3897 598 3946 Varr.
643 3897 713 3945 1.l.
761 3895 912 3946 'Lloz
971 3896 1126 3958 ‚quod
1172 3894 1304 3944 addit
1352 3910 1520 3958 augur,
1570 3895 1751 3960 templa
1786 3897 1838 3944 ut
1872 3895 1970 3943 sint
2007 3897 2162 3955 tenca,
2196 3895 2331 3944 aiunt
2366 3899 2527 3944 sancta
2558 3912 2658 3945 eeee

277 3981 366 4047 qui
401 3979 592 4029 Glosm
625 3979 929 4043 scripserunt.
976 3979 1036 4026 ld
1065 3982 1139 4026 cst
1167 3979 1385 4042 faleoem;
1419 3995 1528 4026 mm
1573 3975 1719 4026 Curia
1753 3977 1969 4026 Hostilia
2004 3977 2237 4042 templum
2270 3981 2341 4026 eet
2370 3981 2419 4026 et
2444 3983 2659 4028 meten

277 4079 374 4112 nou
417 4065 504 4112 eet.
551 4061 640 4110 Sed
687 4061 776 4109 boc
823 4063 875 4109 ut
925 4063 1176 4124 putarent,
1234 4061 1396 4109 aedem
1441 4074 1624 4108 sacrem
1658 4059 1891 4124 templum
1925 4074 2046 4116 esee,
2086 4059 2265 4108 factum
2298 4061 2423 4123 quod
2458 4060 2507 4108 in
2543 4060 2659 4110 urbe

279 4147 436 4194 Roma
485 4143 736 4207 pleraeque
787 4143 924 4190 aedes
969 4156 1126 4190 sacrae
1173 4145 1284 4190 eunt
1329 4141 1537 4205 templa.
1586 4141 1749 4189 endem
1794 4139 2004 4190 sancte”.
2042 4141 2099 4190 In
2134 4141 2209 4190 bie
2244 4141 2360 4190 falsa
2395 4144 2507 4191 eunt
2539 4158 2659 4205 quae

276 4227 558 4278 litterarum
606 4225 760 4273 forma
802 4223 1014 4272 distinxi.
1062 4223 1318 4272 Praeterea
1361 4223 1414 4272 in
1449 4225 1540 4271 line
1574 4221 1801 4271 vocabula
1838 4223 2029 4270 ‚eadem
2063 4221 2260 4272 sancta''
2293 4238 2541 4288 perperam
2576 4241 2658 4289 po·

277 4309 376 4359 nite
428 4322 526 4356 ene
575 4307 802 4356 videntur
851 4321 938 4370 pro
996 4305 1188 4354 ‚eadem
1241 4303 1563 4364 consecrate,
1614 4304 1738 4368 quod
1790 4304 1958 4354 melius
2004 4304 2224 4354 convenit
2270 4305 2545 4356 sententiae.
2590 4335 2658 4346 —

282 4389 632 4442 Animadverte
676 4389 734 4436 de
780 4387 870 4436 hoe
911 4402 1074 4436 errore
1122 4387 1358 4436 Varronis
1413 4387 1508 4436 iam
1544 4391 1671 4436 recte
1705 4385 1986 4436 iudicavisse
2019 4386 2177 4436 virum
2212 4387 2401 4436 doctum
2440 4389 2659 4438 Karlova

279 4473 388 4536 (der
423 4473 558 4522 Rom.
597 4470 914 4536 Civilprozeee
945 4485 1030 4520 zur
1063 4470 1166 4519 Zeit
1201 4471 1285 4519 der
1319 4468 1677 4532 Legicactionen
1720 4469 1889 4520 Berlin
1924 4467 2074 4532 1872)
2108 4485 2211 4536 pag.
2250 4469 2348 4518 385
2382 4469 2491 4518 adn.
2526 4471 2571 4522 2.
