3192 5009
517 278 601 346 10
1516 297 1854 347 1101111166.

512 512 546 542 ,,
560 463 686 528 und
745 463 998 529 werden
1057 462 1476 529 Bewunderer
1535 462 1741 529 finden
1804 462 2065 549 solange
2110 484 2259 527 man
2303 464 2464 528 noch
2510 463 2869 547 iiberhaupt

513 568 922 649 „lateinische
989 569 1239 635 Biicher
1302 568 1482 646 liest,
1553 570 1658 635 die
1726 566 2033 637 Gedichte
2100 568 2374 635 leichten
2430 569 2564 634 und
2624 569 2873 634 heitern

515 674 833 755 ,‚Genres,
880 676 1320 741 vornehmlich
1360 676 1462 741 die
1508 676 2143 763 sympotischen
2188 676 2321 741 und
2366 675 2869 742 erotischen.

512 782 874 861 „Wahrend
932 804 1083 847 man
1145 783 1249 848 bei
1313 782 1433 848 den
1479 782 1656 848 Oden
1700 783 1943 847 hohern
1988 781 2143 847 Stils
2189 783 2278 847 011
2326 786 2431 849 616
2476 779 2719 848 Gefuhl
2761 781 2873 846 der

511 888 1028 976 „Beklemmung
1094 890 1208 954 hat
1225 937 1242 966 ‚
1313 888 1444 954 und
1511 890 1649 954 sich
1716 889 1823 955 des
1891 888 2247 953 Eindrucks
2313 889 2492 954 nicht
2554 888 2875 954 erwehren

510 996 724 1075 „kann
739 1045 755 1073 ,
818 995 960 1060 dass
1019 994 1130 1060 der
1189 994 1454 1059 Dichter
1515 994 1709 1060 selbst
1770 994 2073 1059 zuweilen
2131 995 2234 1061 bei
2294 996 2469 1060 ihrer
2510 994 2875 1080 Abfassung

511 1103 688 1182 „sich
747 1100 1175 1189 unbehaglich
1233 1101 1488 1188 gefiihlt
1503 1150 1520 1179 ,
1580 1104 1671 1166 ist
1715 1103 1843 1165 mir
1888 1100 2132 1166 solches
2177 1104 2281 1166 616
2327 1104 2559 1188 passirt
2603 1101 2709 1166 bei
2754 1100 2876 1165 den

512 1208 904 1287 „erotischen
941 1208 1071 1273 und
1110 1209 1586 1294 sympotischen
1623 1206 1867 1285 Lieder,
1908 1206 2156 1273 obwohl
2192 1208 2298 1272 ich
2340 1210 2431 1272 616
2470 1204 2877 1274 hundertmal

515 1312 879 1401 ‚,gelesen''.

602 1418 778 1484 Haec
845 1422 1157 1505 opinionis
1230 1420 1647 1505 discrepantia
1716 1441 1788 1486 eo
1857 1422 2067 1507 mag-is
2139 1426 2235 1485 est
2304 1418 2603 1485 notabilis
2622 1466 2640 1498 ,
2728 1420 2880 1504 quia

513 1525 828 1593 Muellero
873 1528 940 1590 in
987 1546 1060 1591 eo
1109 1529 1401 1591 convenit
1439 1548 1587 1591 cum
1625 1526 2025 1592 Hartmanno
2044 1575 2061 1605 ,
2103 1526 2271 1612 quod
2307 1532 2501 1613 negat
2535 1528 2604 1590 in
2642 1528 2882 1591 maiore

513 1634 897 1697 ereticorum
955 1638 1134 1718 parte
1193 1653 1375 1697 veros
1436 1631 1693 1699 affectus
1742 1653 1875 1698 esse
1926 1632 2311 1717 quaerendos
2359 1638 2447 1718 (p.
2503 1630 2679 1711 122),
2730 1651 2881 1697 6616

513 1741 728 1825 potius
770 1738 1038 1803 liberam
1085 1744 1306 1823 poetae
1350 1741 1786 1805 inventionem
1830 1739 2103 1805 referant
2150 1744 2235 1825 (p.
2289 1738 2463 1819 112),
2504 1742 2878 1822 careantque

513 1845 842 1910 mortifero
911 1845 1120 1909 furore
1188 1866 1310 1930 quo
1380 1845 1705 1931 deperibat
1771 1845 2143 1932 Propertius
2212 1850 2301 1930 (p.
2375 1843 2553 1924 125).
2620 1842 2885 1908 Addidit

514 1956 733 2016 autem
800 1950 988 2015 haec:
1038 1949 1381 2027 ‘„Deshalb
1449 1952 1561 2015 hat
1630 1951 1739 2016 der
1801 1949 2259 2037 philologische
2324 1948 2693 2016 Scharfsinn
2746 1948 2882 2013 sich

520 2064 854 2135 „umsonst
899 2057 1169 2121 bemiiht
1186 2106 1202 2134 ,
1252 2060 1320 2121 in
1367 2056 1536 2121 disse
1573 2056 2014 2123 Liebschaften
2052 2057 2183 2122 und
2218 2057 2357 2122 ihre
2396 2055 2884 2122 verschiedenen

527 2162 812 2240 „Phasen
874 2162 1035 2227 Plan
1099 2161 1231 2226 und
1291 2161 1550 2228 Einheit
1615 2183 1693 2226 zu
1750 2163 2020 2249 bringen
2039 2212 2055 2241 ,
2106 2163 2255 2228 oder
2300 2168 2493 2228 etwas
2538 2184 2885 2250 genaueres

524 2268 723 2346 „iiber
783 2268 884 2333 die
943 2268 1340 2333 zahlreichen
1401 2268 1686 2333 Schonen
1703 2317 1719 2345 ,
1787 2268 1887 2334 die
1934 2272 2001 2332 in
2048 2268 2169 2333 den
2214 2271 2565 2335 erotischen
2612 2268 2881 2336 Gedich·

522 2382 670 2452 „ten
694 2422 708 2451 ,
758 2375 852 2438 ofi:
896 2380 1084 2438 unter
1126 2373 1409 2461 316161161-
1452 2373 1698 2438 Ν61666
1716 2422 1733 2451 ,
1783 2374 2133 2452 auftreten,
2181 2396 2260 2440 zu
2307 2374 2697 2441 ermitteln'’.

607 2479 1038 2565 Adolphus
1085 2478 1569 2566 Kiessling,
1617 2487 1930 2565 quantum
1979 2501 2057 2545 ex
2101 2480 2622 2565 praefatiunculis
2660 2484 2883 2547 carmi-

515 2608 674 2653 num
721 2585 918 2652 efficio
937 2634 954 2664 ,
1005 2585 1321 2672 plerisque
1360 2607 1540 2652 veros
1579 2607 1823 2652 amores
1864 2594 1928 2651 et
1965 2606 2261 2672 personas
2301 2589 2554 2653 subesse
2592 2594 2779 2673 putat
2804 2585 2879 2669 1),

513 2714 744 2759 verum
787 2691 1028 2777 aliquid
1067 2694 1223 2757 certi
1263 2691 1338 2756 de
1376 2695 1665 2777 utrisque
1706 2698 1985 2757 statuere
2024 2693 2395 2778 supersedit.
2437 2693 2658 2759 Minus
2698 2696 2881 2759 anxie

512 2800 632 2864 hac
677 2800 746 2863 16
791 2820 858 2863 16
893 2813 1180 2864 versatus
1220 2804 1316 2862 est
1359 2796 1867 2863 Schuetzius
1887 2847 1903 2875 ,
1952 2801 2063 2884 qui
2102 2806 2317 2865 tamen
2353 2803 2686 2865 nominum
2711 2803 2884 2866 simi-

511 2904 776 2971 litudini
840 2904 1080 2989 aliquid
1142 2904 1426 2968 tribuens
1483 2906 1566 2968 iis
1613 2903 2091 2970 difficultatibus
2138 2926 2273 2969 sese
2320 2904 2643 2991 implicuit
2660 2955 2677 2983 ,
2727 2926 2881 2992 quas

513 3012 822 3077 indicavit
870 3008 1246 3075 Muellerus.

605 3116 922 3203 Equidem
981 3118 1140 3182 facio
1204 3138 1353 3181 cum
1415 3118 1515 3181 his
1580 3120 1963 3203 nuperrimis
2026 3118 2377 3183 editoribus
2392 3167 2408 3195 ,
2460 3123 2651 3204 atque
2699 3118 2880 3185 credo

515 3245 642 3289 non
709 3230 962 3288 tantum
1025 3244 1176 3288 vera
1239 3226 1535 3289 cecinisse
1594 3224 1975 3302 Horatium,
2040 3224 2149 3289 sed
2206 3246 2281 3289 ex
2344 3224 2579 3310 Epodis
2623 3233 2688 3290 et
2735 3224 2885 3289 Odis

518 3334 715 3396 etiam
762 3329 1087 3415 aliquanta
1131 3329 1574 3415 probabilitate
1620 3333 1758 3395 erui
1803 3351 1987 3415 posse
2034 3330 2367 3395 historiam
2408 3351 2701 3396 amorum
2743 3351 2886 3418 poe-

517 3442 657 3512 tae,
701 3456 857 3520 quos
899 3437 1136 3519 prim0,
1177 3457 1325 3499 cum
1365 3439 1424 3500 ei
1464 3457 1649 3522 spes
1691 3442 1855 3501 esset
1894 3438 2153 3501 animi
2192 3435 2538 3501 credula
2572 3439 2881 3515 mutui,

518 3544 713 3607 serios
773 3547 838 3605 et
898 3540 1220 3627 longiores
1283 3545 1597 3625 exercuit,
1661 3562 1814 3607 mox
1860 3562 1933 3607 ea
1980 3564 2091 3627 spe
2140 3542 2419 3608 deiectus
2441 3592 2456 3619 ‚
2501 3542 2771 3608 leviores
2820 3550 2884 3609 et

519 3648 837 3712 breviores
855 3694 872 3723 ,
937 3668 1164 3732 meque
1227 3650 1317 3712 ita
1364 3670 1500 3713 rem
1547 3653 1842 3713 acturum
1890 3647 2130 3712 confido
2150 3696 2167 3725 ,
2215 3656 2289 3713 ut
2336 3670 2521 3714 66160
2565 3649 2711 3714 16(16
2757 3648 2884 3713 Ho-

517 3756 760 3818 ratium
803 3774 1031 3817 verum
1075 3752 1384 3839 Priapum
1426 3754 1619 3819 fuisse
1658 3776 1807 3819 cum
1845 3752 2160 3819 Muellero
2200 3760 2287 3839 (p.
2336 3754 2489 3835 124)
2530 3755 2881 3821 concludat.

609 3856 734 3924 Sed
795 3864 1135 3943 antequam
1195 3860 1312 3925 hoc
1375 3860 1573 3925 facere
1638 3862 1907 3925 instituo
1929 3910 1944 3937 ,
2011 3860 2219 3925 brevis
2282 3861 2743 3946 praemittenda
2788 3868 2883 3927 est

517 3966 862 4049 disputatio
911 3964 987 4030 de
1037 3986 1414 4031 sermone
1463 3966 1961 4032 Horatiano·

609 4068 966 4135 Verissime.
1019 4068 1373 4137 Muellerus
1434 4095 1495 4159 p.
1550 4072 1679 4138 132
1739 4074 1993 4138 monuit
2052 4072 2249 4137 solere
2314 4078 2570 4158 poetam
2629 4072 2883 4160 singula

518 4175 712 4240 verba
782 4175 1098 4253 „aurificis
1167 4176 1344 4243 lance
1411 4178 1791 4263 pensitare''‚
1858 4178 2027 4263 quod
2087 4200 2213 4243 non
2276 4184 2530 4243 tantum
2590 4179 2761 4244 valet
2806 4179 2882 4244 de

591 4412 640 4477 1)
675 4412 877 4473 Eximit,
925 4412 972 4461 61
1009 4411 1164 4473 fallor,
1203 4410 1222 4459 1
1265 4412 1340 4462 11.
1364 4412 1443 4463 28.
1479 4412 1562 4463 111
1593 4412 1639 4467 7.
1664 4412 1741 4463 11.
1762 4413 1839 4463 12.
1859 4412 1940 4466 27.
1972 4409 2043 4464 IV
2084 4413 2227 4472 1.10,
2274 4416 2323 4462 et
2356 4412 2553 4463 tortasse
2590 4428 2734 4479 1161166
2768 4412 2877 4465 alia.
