3192 5009
1174 384 1257 433 nn
1302 387 1451 435 nm
1496 386 1779 435 noman.
2531 368 2658 434 195

654 600 846 617 .....
896 551 1229 615 Aristonem
1275 552 1640 616 existima-see
1686 552 1915 638 refert,
1964 575 2091 616 eum
2139 551 2237 615 cui
2269 551 2524 635 piqnori
2569 574 2663 617 ree

560 661 705 723 daca
750 658 833 721 sit
874 659 1101 723 incerti
1148 658 1516 722 condictione
1561 664 1830 721 acturum
1849 706 1863 734 ,
1909 656 1966 721 εἰ
2014 681 2085 722 ea
2129 659 2408 741 subrepta
2450 658 2552 723 sit.

378 765 654 831 Inseruit
691 764 1111 830 Tribonianus
1150 764 1367 829 incerti
1386 813 1402 842 ‚
1443 770 1519 830 ut
1560 770 1890 851 appareret
1927 765 2242 830 Aristonis
2282 766 2666 831 sententiam

287 877 608 957 receptam
655 892 789 936 esse
810 918 825 945 ,
888 873 1183 955 quamvis
1229 871 1295 933 in
1340 894 1405 934 re
1433 869 1696 956 furtiva
1737 870 1856 934 soli
1903 869 2135 935 domino
2183 871 2476 937 condictio
2524 895 2668 937 come-

278 984 542 1065 pet(ere)
591 977 838 1043 dicatur
881 976 925 1041 l.
981 976 1013 1041 1
1067 976 1200 1041 eod.
1252 974 1394 1060 Ipse
1441 977 1657 1042 Aristo
1677 1026 1693 1054 ,
1741 979 1808 1041 ni
1848 974 2050 1055 fallor,
2097 977 2455 1063 simplicem
2494 978 2669 1043 dedit

292 1085 773 1151 condictionem.
824 1081 949 1148 Ter
991 1082 1207 1146 incerti
1254 1081 1526 1147 condicit
1572 1082 1966 1168 Pomponius
2005 1081 2072 1163 (1.
2122 1082 2203 1149 16
2245 1084 2348 1169 §2
2388 1084 2468 1149 D.
2497 1085 2559 1149 4.
2587 1083 2629 1149 4
2649 1105 2665 1163 ;

290 1189 335 1255 1.
387 1189 472 1254 22
522 1190 621 1275 §1
672 1188 751 1253 D.
804 1188 907 1253 12.
938 1187 1011 1265 6;
1062 1187 1107 1251 1.
1160 1187 1199 1252 5
1247 1187 1346 1273 §1
1397 1187 1477 1252 D.
1531 1187 1752 1267 19.1).
1825 1188 2073 1275 Ubique
2121 1190 2254 1255 sine
2303 1188 2439 1254 uilo
2484 1189 2674 1255 detri-

292 1300 509 1361 mento
556 1297 901 1361 sententiae
947 1295 1065 1358 hac
1111 1315 1265 1359 voce
1312 1314 1519 1359 carere
1565 1314 1928 1380 possumus.
1981 1292 2072 1358 Ut
2117 1300 2308 1381 puta:

472 1402 517 1468 1.
572 1400 653 1467 16
704 1400 805 1487 §2
853 1400 932 1466 D.
983 1398 1116 1465 4.4
1166 1398 1511 1485 (Ulpiani):

652 1508 767 1571 Sed
811 1514 869 1570 et
912 1506 1077 1569 ilbud
1120 1506 1481 1589 Pomponius
1526 1506 1774 1584 adiicit,
1826 1508 1986 1593 quod
2017 1507 2228 1590 potuit
2273 1510 2500 1575 incerti
2541 1532 2672 1575 cone

565 1614 691 1681 dici
734 1615 877 1677 haec
924 1612 1121 1676 cautio
1174 1659 1373 1677 .....

474 1719 519 1785 1.
569 1718 656 1784 22
709 1718 806 1803 §1
858 1717 936 1782 D.
994 1717 1199 1795 12,6:

570 1873 764 1889 .....
812 1828 1040 1889 incerti
1086 1823 1389 1887 condicam
1408 1874 1424 1903 ,
1472 1832 1540 1888 ut
1582 1824 1703 1888 iter
1745 1823 1894 1888 mihi
1937 1826 2310 1891 concedatur.

475 1930 521 1996 1.
573 1930 612 1996 5
662 1930 760 2016 §1
811 1930 889 1995 D.
945 1930 1112 1996 19.1
1167 1930 1444 2008 (Pamin

659 2036 1019 2119 Pomponius
1076 2036 1255 2099 etiam
1300 2038 1527 2101 incerti
1572 2037 1878 2101 condicere
1926 2059 2053 2100 eum
2088 2060 2268 2120 posse
2315 2039 2433 2117 ait,
2483 2047 2552 2103 ut
2599 2040 2674 2103 bs·-

572 2144 823 2207 ber-etur.

390 2249 578 2335 Apud
626 2248 907 2313 Paulum
951 2252 1200 2334 praeter
1244 2248 1413 2313 hunc
1460 2270 1539 2313 ex
1583 2248 1939 2334 Pomponio
1985 2248 2201 2315 locum
2247 2251 2447 2317 semel
2495 2258 2672 2318 extat

299 2354 517 2419 incerti
564 2355 892 2418 condictio:
937 2354 984 2419 1.
1040 2353 1122 2419 12
1170 2353 1249 2418 D.
1299 2354 1406 2419 46.
1435 2353 1497 2432 2,
1546 2354 1624 2420 de
1670 2358 1851 2421 cuius
1895 2358 2298 2423 restitutione
2349 2379 2541 2444 supra
2581 2362 2678 2424 vi-

300 2460 537 2526 dimus.
612 2460 803 2547 Apud
862 2458 1213 2545 Ulpianum
1274 2482 1397 2525 non
1459 2468 1668 2526 exstat
1727 2463 1853 2526 nisi
1901 2461 2146 2526 duobus
2191 2484 2269 2527 ex
2318 2463 2673 2551 Pomponio

299 2570 573 2653 partim,
639 2568 878 2652 partim
940 2587 1018 2631 ex
1078 2565 1335 2632 Neratio
1380 2564 1571 2645 locis,
1623 2567 1698 2632 de
1747 2568 1978 2652 quibus
2027 2568 2308 2635 vidimus
2329 2618 2346 2648 ‚
2395 2575 2463 2636 et
2508 2592 2682 2657 prae-

300 2678 474 2739 terea
517 2673 563 2739 1.
619 2671 657 2737 5
706 2673 805 2757 §1
857 2671 933 2737 D.
989 2669 1155 2738 ¹25:

570 2778 625 2843 si
660 2778 957 2861 pecuniae
992 2778 1075 2841 sit
1112 2778 1496 2863 ususfructus
1536 2777 1786 2859 tequam,
1827 2779 1925 2843 vel
1959 2778 2221 2843 aliarum
2257 2804 2454 2845 rerum
2473 2831 2489 2859 ,
2529 2804 2680 2868 quae

570 2886 639 2947 in
699 2885 883 2947 abusu
943 2883 1305 2961 consistunt,
1368 2908 1472 2947 nec
1518 2884 1716 2947 cautio
1762 2884 2124 2950 interveniat
2145 2936 2161 2965 ,
2210 2886 2528 2951 videndum
2546 2937 2564 2966 ‚
2597 2891 2684 2973 fi·

572 2992 699 3055 nito
746 2991 1070 3075 mufruetu
1088 3040 1104 3067 ,
1152 3014 1233 3053 an
1267 2990 1533 3073 pecunia
1577 3014 1728 3076 quae
1775 2992 1922 3054 data
1970 2992 2054 3055 sit
2071 3041 2088 3070 ‚
2135 2992 2236 3057 vel
2276 3002 2502 3059 ceterae
2548 3018 2643 3059 res
2661 3045 2678 3075 ,

574 3120 725 3183 quae
771 3098 837 3159 in
884 3096 1285 3179 absumptione
1331 3104 1471 3159 eunt
1486 3144 1503 3173 ,
1552 3096 1788 3159 condicti
1822 3098 2117 3179 possint?

667 3202 817 3285 [Sed
878 3204 931 3267 si
993 3202 1249 3287 quidem
1312 3203 1515 3267 adhuc
1561 3208 1887 3269 constante
1934 3204 2268 3271 usufructu
2318 3210 2681 3274 cautionem

576 3312 718 3395 quis
788 3307 945 3374 velit
1015 3309 1337 3374 condicere
1358 3358 1373 3386 ,
1449 3308 1571 3375 dici
1641 3316 1884 3395 potest,
1953 3314 2257 3377 omissam
2317 3316 2676 3380 cautionem

577 3434 757 3502 posse
821 3414 1063 3480 condici
1109 3417 1335 3480 incerti
1384 3415 1804 3481 condictione:
1855 3416 1964 3481 sed
2012 3419 2066 3481 si
2110 3417 2290 3484 finito
2337 3421 2680 3487 usufructu

576 3524 781 3607 ipsam
831 3522 1282 3605 quantitatem]
1302 3569 1318 3598 ,

630 3626 921 3690 -Sabinus
972 3632 1155 3709 putat
1205 3649 1382 3709 posse
1441 3628 1708 3691 condicti:
1757 3650 1930 3713 quam
1971 3629 2324 3694 sententiam
2371 3640 2428 3695 et
2481 3633 2683 3697 Celeus

581 3734 730 3797 libro
781 3731 993 3797 XVIII
1052 3732 1429 3813 Diyestorum
1475 3735 1716 3814 probat.
1788 3734 1952 3815 Quae
2013 3735 2162 3800 mihi
2225 3760 2343 3801 non
2396 3738 2683 3820 incr-quta

586 3840 843 3905 videtur.

400 3945 601 4013 Medii
648 3946 774 4011 loci
816 3944 1373 4031 interpolationem
1421 3943 1821 4012 Gradenwitz
1853 3946 1900 4027 ¹)
1948 3947 2226 4026 detexit,
2269 3950 2486 4016 solidis
2527 3974 2684 4017 usus

306 4054 742 4119 firmamentis.
832 4051 1075 4132 Quibus
1144 4074 1347 4116 unum
1416 4051 1681 4129 addam,
1749 4052 2072 4119 insulsum
2143 4054 2307 4120 illud
2379 4058 2684 4121 condicere

306 4159 705 4235 condictione,
770 4157 938 4243 quod
997 4160 1265 4222 recurrit
1330 4160 1396 4221 in
1462 4155 1920 4243 Compilatorio
1982 4159 2342 4246 frag-mento
2405 4162 2480 4227 de
2530 4165 2687 4228 certi

310 4265 732 4331 condictione.

387 4517 443 4582 1)
481 4514 885 4579 Interpolatiom
919 4530 967 4579 p.
1002 4513 1065 4566 27
1087 4530 1159 4579 sq.
