3192 5009
1298 346 1712 394 nmnmfflam.
2565 321 2686 387 151

321 532 450 589 ρους
512 510 649 593 [τήν
711 534 781 575 τε
843 510 1209 591 ’ΛΦροδΙτην
1271 510 1376 576 καὶ
1437 510 1541 576 τὸν
1595 514 1786 594 Ἄρη]
1847 508 2306 588 σαγηνεύοντα,
2355 510 2468 574 ubi
2515 510 2690 575 ocius

325 614 611 682 deleatur
652 618 1070 684 manifestum
1116 616 1451 684 emblema.

406 721 573 788 Sunt
619 722 771 789 haec
817 724 946 790 fere
978 746 1139 810 quae
1176 723 1660 791 Sommerbrodt
1677 773 1693 803 ,
1736 726 1878 789 viro
1918 722 2281 789 doctissimo
2322 724 2688 808 optimeque

315 828 391 895 de
435 829 714 896 Luciano
758 833 987 896 merito
1005 880 1021 910 ,
1070 831 1517 897 consideranda
1562 830 1709 897 dare
1758 829 2071 897 volebam.
2121 828 2246 909 Qui
2293 850 2442 894 cum
2480 828 2689 895 multa

313 935 579 1002 Luciani
622 939 855 1023 scripta
899 940 1067 1002 notis
1114 936 1527 1024 lepidissimis
1574 936 2068 1025 utilissimisque
2128 935 2485 1001 illustravit
2547 940 2689 1000 tum

310 1065 474 1110 nova
540 1044 816 1110 editione
885 1048 1102 1110 critica
1119 1094 1136 1123 ‚
1209 1048 1392 1111 cuius
1447 1052 1700 1131 partem
1745 1047 1879 1109 iam
1927 1044 2125 1109 edidit
2143 1092 2160 1121 ,
2209 1045 2506 1109 criticum
2553 1048 2690 1107 tam

310 1157 574 1216 acutum
633 1172 705 1217 ac
752 1172 1047 1238 sagacem
1090 1173 1155 1217 se
1203 1153 1497 1238 praebuit
1544 1149 1954 1218 emendandis
2002 1150 2249 1216 mendis
2293 1148 2688 1235 maculisque

308 1255 606 1322 tollendis
651 1258 880 1343 quibus
918 1264 1137 1323 auctor
1172 1260 1543 1343 inquinatus
1585 1264 1650 1323 et
1690 1256 1983 1344 oppletus
2031 1263 2167 1322 erat
2184 1304 2200 1334 ,
2249 1262 2324 1321 ut
2371 1276 2686 1343 magnum

309 1369 719 1449 percepturus
764 1366 889 1429 sim
946 1364 1261 1451 gaudium
1320 1367 1375 1429 si
1439 1384 1594 1451 quas
1660 1386 1738 1430 ex
1809 1366 1970 1429 meis
2042 1362 2557 1429 adnotationibus
2627 1365 2687 1427 ei

308 1470 573 1556 probare
620 1472 883 1557 possim.

397 1577 616 1643 Etiam
676 1577 794 1644 hoc
854 1599 1006 1643 eum
1068 1599 1293 1665 rogare
1339 1577 1537 1643 velim
1585 1598 1789 1643 annon
1835 1580 1904 1642 in
1951 1574 2021 1643 G.
2074 1574 2160 1643 '70
2207 1578 2270 1640 τί
2317 1572 2478 1640 ἄλλο
2525 1576 2559 1649 ἢ
2608 1574 2679 1640 τὸ

305 1688 411 1749 τοῦ
475 1685 928 1763 Ἀριστοτέλους
992 1684 1390 1763 ἐπαληθεύει,
1457 1686 1525 1749 τὸ
1592 1684 1822 1753 καλλος
1889 1684 2271 1752 ἐπαινοῦντος
2335 1680 2439 1745 καὶ
2501 1679 2680 1761 μέρος

301 1792 501 1867 τρίτον
566 1789 901 1867 ἡγουμένου
965 1792 1245 1867 τάγαθοῦ
1311 1790 1415 1856 καὶ
1481 1796 1661 1856 τοῦτο
1723 1788 1879 1855 εἶναι
1899 1812 1915 1869 ;
1969 1789 2328 1856 emendatio
2376 1809 2569 1874 quam
2616 1790 2686 1853 in

301 1918 491 1963 suam
538 1896 881 1963 editionem
924 1900 1231 1983 receperit
1268 1896 1450 1973 μέρος
1496 1920 1555 1960 τι
1603 1897 1941 1975 ἡγουμένου
1981 1896 2298 1961 refutetur
2317 1893 2684 1961 Aristotelis

302 2003 515 2070 verbis
583 2003 735 2069 Eth.
794 2002 1044 2069 Nicom.
1106 2002 1157 2068 I.
1222 2002 1265 2069 8
1328 2001 1740 2079 νενεμημένων
1806 2003 1875 2076 δὴ
1939 2008 2052 2067 τῶν
2116 2001 2364 2079 ἀγαθῶν
2435 2006 2681 2081 τριχῆ

305 2134 365 2175 ιι.
391 2133 451 2174 τ.
480 2123 541 2175 λ.

395 2213 683 2300 Denique
730 2215 849 2281 hoc
895 2236 1102 2280 annon
1145 2217 1213 2279 in
1264 2214 1352 2281 80
1400 2222 1786 2295 παρωρχεῖτο
1833 2214 1937 2279 καὶ
1986 2214 2100 2284 τὰς
2157 2212 2430 2279 Θυέστου
2470 2216 2683 2299 potius

307 2321 581 2388 verbum
628 2326 711 2401 (e.
736 2342 802 2408 g.
853 2324 1137 2402 ὠρχεῖτο)
1185 2328 1328 2408 post
1366 2321 1469 2385 καὶ
1510 2322 1820 2388 excidisse
1861 2341 2054 2406 quam
2094 2320 2196 2385 καὶ
2223 2319 2677 2406 interpolatum

304 2448 441 2495 esse
487 2430 546 2493 ei
594 2427 910 2518 videatur.

440 2608 587 2673 Lngd.
626 2609 752 2667 nat..
785 2623 849 2657 m.
886 2610 1007 2672 Aug.
1048 2608 1191 2657 1891.

1265 3177 1351 3223 An
1396 3154 1732 3238 Romanum.

392 3354 741 3451 Famosum
786 3338 883 3421 est
944 3356 1124 3421 verbi
1168 3355 1457 3437 χανδῶνω
1509 3356 1805 3421 futurum
1851 3356 2137 3437 χείσεται
2185 3360 2253 3421 in
2298 3356 2507 3422 Ulixis
2544 3378 2680 3423 ver-

307 3480 409 3545 bis
448 3503 483 3541 σ
515 3476 631 3544 17:
673 3478 837 3549 οὐδὸς
880 3478 931 3542 δ’
973 3479 1353 3559 ἀμφοτέρους
1397 3476 1495 3544 ὅδε
1536 3483 1855 3559 zelata-aes
1883 3501 1997 3565 pro
2039 3500 2164 3566 quo
2204 3485 2370 3545 recte
2403 3483 2678 3562 χήσεται

300 3599 638 3665 substituit
694 3600 939 3666 Nauck.
1004 3600 1079 3665 In
1142 3600 1377 3667 scholio
1442 3606 1661 3666 autem
1705 3601 1785 3666 ad
1832 3602 2000 3666 hunc
2044 3623 2305 3668 versum
2350 3601 2680 3670 Demetrio

300 3722 611 3787 tribuitur
654 3722 809 3787 haee
859 3722 1250 3788 observatio:
1302 3722 1674 3804 υοἶν-ϊικίζων
1723 3725 1750 3788 ὁ
1799 3726 2048 3797 ποιητὴς
2100 3724 2235 3789 ἀντὶ
2285 3731 2392 3789 τοῦ
2434 3725 2676 3803 δέξεται

302 3842 591 3925 χείσεται
654 3837 889 3921 εἷπεν”,
954 3865 1114 3929 quae
1179 3846 1372 3911 verba
1434 3853 1585 3911 sunt
1648 3848 1783 3911 sine
1844 3868 2051 3913 sensu.
2117 3848 2252 3912 Aut
2314 3848 2500 3915 fallor
2567 3856 2679 3915 aut

301 3963 668 4030 Demetrius
738 3967 1086 4031 coniecerat
1154 3972 1411 4052 poetam
1474 3966 1718 4032 dedisse
1783 3966 2060 4047 δέξεται,
2125 3968 2234 4034 sed
2297 3991 2502 4035 errore
2564 3977 2677 4035 τῶν

303 4086 1063 4164 μεταχαρακτηρισοὶντων
1123 4087 1370 4152 litteras
1432 4089 1679 4153 Atticas
1727 4096 2400 4155 ΗΟΔΕΔΕΧΣΕΤΑΙ
2451 4092 2676 4158 abiisse

296 4209 366 4271 in
413 4215 1061 4288 ΗΟΔΕΧΕΣΕΤΛΙ,
1109 4209 1177 4273 id
1226 4217 1321 4275 est
1368 4213 1438 4274 in
1484 4210 1841 4297 vulgatam.

2053 4333 2112 4399 J.
2163 4353 2224 4399 v,
2273 4334 2346 4401 L.
2394 4334 2452 4400 J.
2480 4355 2536 4401 r.

1312 4490 1700 4499 -——-————.-—-
