3192 5009
1225 288 1695 337 Aronnononns.
2515 263 2642 330 199

361 452 605 521 Ibidem
645 453 741 519 IX
783 453 822 519 3
860 462 1010 520 nota
1044 454 1382 521 insolitum
1421 456 1712 536 (fortasse
1753 454 2207 540 Byzantinum)
2240 472 2433 515 usum
2464 450 2644 516 verbi

266 558 637 641 ἀπελπίζειν
680 564 751 625 in
797 562 929 627 his:
980 565 1057 633 ὥς
1107 563 1169 627 δὲ
1220 564 1648 637 ἀπήλπισε
1696 561 1802 635 τὴν
1848 558 2064 637 δίωξιν,
2103 562 2147 623 i.
2177 581 2230 623 e.
2271 580 2420 623 cum
2459 558 2644 623 Paris

267 665 515 731 nullam
581 666 859 752 amplius
929 675 1244 735 metueret
1313 671 1840 756 persecutionem.
1909 668 2128 751 Aeque
2195 663 2450 730 insolito
2521 684 2646 729 usu

270 770 457 835 XVII
505 771 544 835 5
591 771 832 858 legitur
878 776 984 847 τὴν
1030 777 1385 839 πανοπλίαν
1430 796 1543 861 pro
1592 778 1803 838 πᾶσαν
1851 775 1961 846 τὴν
2006 772 2324 850 στρατιάν.

365 876 536 942 Vitio
600 885 813 944 carent
830 928 846 956 ,
910 880 1019 945 sed
1081 902 1412 967 perperam
1474 901 1511 945 a
1558 880 1874 966 Wagnero
1918 876 2243 943 intellecta
2286 882 2438 941 sunt
2485 896 2646 961 quae

267 1003 416 1069 pag.
483 981 567 1048 63
632 987 722 1049 sic
782 983 1125 1072 leguntur:
1202 986 1717 1065 ὑποστρεψάντων
1787 981 1885 1051 οὖν
1950 992 2064 1047 τῶν
2131 984 2439 1055 Ἐλλήνων
2503 980 2646 1047 τότε

268 1089 532 1164 λέγεται
595 1089 697 1152 τὸν
746 1091 1016 1167 πόλεμον
1063 1093 1385 1163 εἰκοσαετῆ
1433 1090 1857 1169 γενέσθαι,
1907 1090 2018 1154 ubi
2066 1088 2272 1155 editor
2318 1090 2648 1153 annotavit

271 1197 601 1271 ,.yeu'oom
650 1196 1071 1281 Apollodorus
1117 1220 1232 1263 suo
1280 1220 1455 1264 more
1502 1199 1759 1284 scripsit
1803 1219 1916 1283 pro
1963 1195 2395 1273 γενήσεσθαι”.
2459 1196 2546 1259 At
2593 1196 2650 1260 si

266 1301 632 1377 γενήσεσθαι
692 1305 1045 1388 scripsisset
1064 1352 1082 1381 ‚
1145 1303 1363 1369 locum
1428 1326 1555 1370 non
1618 1304 1897 1389 amplius
1939 1302 2403 1389 intellegerem.
2474 1301 2649 1367 Dicit

267 1410 441 1472 enim
488 1410 757 1494 scriptor
801 1430 935 1475 esse
984 1414 1094 1496 qui
1144 1410 1386 1476 bellum
1433 1410 1783 1476 Troianum
1829 1431 1952 1475 non
2003 1409 2220 1475 decem
2267 1407 2377 1474 sed
2410 1410 2648 1495 vigint-i

268 1533 463 1578 annos
526 1514 853 1580 duravisse
916 1514 1228 1592 dicerent,
1294 1517 1650 1581 rationibus
1701 1515 1946 1581 scilicet
1987 1513 2382 1580 includentes
2430 1514 2647 1579 decem

268 1641 465 1685 annos
508 1620 963 1708 praeterlapsos
1008 1626 1177 1688 inter
1221 1622 1504 1690 Helenae
1552 1628 1809 1708 raptum
1858 1629 1921 1687 et
1969 1624 2308 1687 stationem
2353 1619 2647 1685 navalem

267 1726 350 1791 ad
409 1726 745 1805 Aulidem,
804 1730 873 1792 in
920 1728 1090 1814 quod
1138 1732 1441 1815 temporis
1490 1732 1778 1814 spatium
1822 1728 2097 1793 incidere
2144 1729 2421 1812 priorem
2467 1747 2645 1811 expe·

267 1832 579 1897 ditionem
638 1840 884 1912 (contra
942 1833 1193 1921 Mysios
1242 1833 1377 1900 scil.
1427 1840 1492 1900 et
1538 1834 1944 1921 Telephum),
1996 1853 2189 1919 quem
2238 1832 2429 1897 modo
2478 1853 2650 1898 enar-

266 1941 525 2004 raverit.
576 1937 673 2006 Cf.
722 1960 1089 2027 praegressa
1134 1946 1199 2006 et
1245 1944 1593 2027 sequentia.

360 2142 518 2232 Pag.
570 2143 677 2222 65,
727 2143 945 2209 XVIII
1000 2144 1489 2226 προκαλουμένου
1538 2146 1602 2211 δὲ
1643 2142 1929 2225 Ἕκτορος
1978 2146 2080 2208 τὸν
2127 2140 2369 2220 ἄριστον
2417 2143 2500 2213 εἷς
2544 2166 2651 2217 μο-

275 2251 609 2330 νομαχίαν,
677 2258 917 2315 πολλῶν
979 2252 1265 2318 ἐλθόντων
1328 2250 1485 2324 Αἴας
1553 2252 2016 2329 κληρωσάμενος
2068 2250 2480 2314 rum-eden.
2553 2247 2649 2313 De

272 2357 391 2421 hoc
436 2358 648 2422 Aiacis
694 2356 993 2444 pugilatu
1035 2357 1198 2423 nihil
1236 2362 1419 2424 novit
1456 2358 1779 2424 Homerus
1797 2406 1813 2435 ‚
1854 2358 2020 2423 unde
2058 2358 2211 2423 haec
2249 2358 2451 2442 petita·
2475 2360 2645 2419 sunt.

270 2459 394 2526 Vix
443 2462 616 2528 aliud
662 2466 916 2549 scripsit
963 2464 1389 2550 Apollodorus
1437 2487 1634 2551 quam
1680 2464 2040 2529 πΡΩτεύει.

365 2681 522 2769 Pag.
573 2681 679 2764 68,
728 2682 889 2746 XXI
940 2683 1043 2749 10.
1109 2682 1425 2771 Compara
1482 2686 1638 2752 haec
1699 2706 1847 2750 cum
1909 2686 1983 2749 fr.
2061 2682 2208 2749 Sab.
2273 2705 2336 2770 p.
2389 2678 2517 2747 1¹72
2586 2688 2651 2747 et

273 2788 520 2854 videbis
582 2788 721 2853 falli
764 2787 1158 2876 Wagnerum
1197 2813 1345 2878 pag.
1389 2788 1541 2857 227.
1609 2790 1681 2855 In
1729 2794 1763 2877 ᾖ
1795 2789 1876 2855 13
1927 2792 2162 2856 rectius
2208 2787 2650 2875 Papadopulos

273 2894 603 2982 virgulam
649 2898 863 2980 posuit
906 2901 1052 2981 post
1098 2904 1207 2971 τῆς
1251 2898 1483 2969 νυκτός.
1534 2895 1631 2964 Cf.
1682 2894 1827 2982 §17
1866 2898 1942 2967 ὥς
1985 2896 2047 2961 δὲ
2089 2894 2330 2973 ἐγένετο
2375 2893 2484 2972 νὺξ
2507 2909 2646 2958 κτλ.

365 3113 523 3199 Pag.
573 3112 680 3189 69,
728 3110 889 3176 XXI
940 3110 1043 3177 19.
1097 3114 1341 3186 Λῖνείας
1391 3114 1454 3180 δὲ
1502 3114 1820 3194 ’Λγχίσην
1867 3115 1968 3181 τὸν
2015 3111 2254 3193 πατέρα
2304 3113 2650 3191 βαστάσας

274 3222 499 3298 ἔφυγε.
551 3218 942 3305 Wagnerum
989 3240 1135 3306 pag.
1162 3218 1296 3285 238
1321 3243 1413 3306 sq.
1463 3222 1539 3287 de
1585 3222 1702 3287 hac
1746 3220 1963 3286 fabula
2006 3228 2304 3307 agentem
2342 3222 2653 3305 per-miror

272 3330 718 3391 immemorem
763 3325 959 3390 fuisse
1008 3329 1326 3391 notissimi
1370 3326 1497 3392 loci
1535 3325 1875 3413 Sophoclei
1913 3349 1946 3393 e
1987 3326 2375 3410 Laocoonte,
2419 3327 2650 3413 fragm.

277 3431 407 3499 344
474 3432 641 3519 apud
700 3432 1070 3497 Nauekium
1102 3432 1219 3498 .ed.
1272 3433 1354 3499 Π.
1421 3472 1505 3482 -
1568 3434 1814 3499 Ibidem
1878 3433 2025 3520 §24
2073 3437 2204 3499 iam
2252 3430 2348 3498 cl(
2379 3434 2455 3497 fr.
2506 3432 2650 3498 aab.

272 3562 337 3626 p.
393 3537 519 3605 173
566 3536 899 3625 intelleges
946 3541 1377 3639 οξποπλοοῦσιν
1426 3544 1495 3606 in
1543 3541 1915 3605 εὐπλοοῦσιν
1964 3540 2403 3627 refingendum
2450 3560 2604 3605 esse.

370 3757 532 3843 Pag.
580 3752 686 3833 ¹71,
733 3754 926 3819 XXII
974 3754 1013 3819 5
1076 3746 1142 3829 ἣν
1203 3757 1306 3821 καὶ
1373 3758 1578 3821 οὶνεῒλε
1644 3760 1877 3827 Λεῦκος
1942 3750 2084 3829 ἅμα
2153 3752 2514 3837 Κλεισιθύρᾳ
2575 3760 2650 3831 τῇ

277 3862 535 3939 θυγατρὶ
598 3862 832 3935 ταύτης
891 3862 952 3924 ἐν
1016 3864 1113 3943 τῷ
1182 3865 1302 3943 ναῷ
1365 3865 1825 3941 προσφυγούσῃ.
1890 3860 2178 3926 Fortasse
2228 3859 2654 3945 Apollodorus

276 3967 603 4035 addiderat
646 3969 711 4031 in
759 3970 942 4033 cuius
990 3966 1093 4033 dei
1138 3967 1377 4055 templo
1425 3968 1541 4033 hoc
1583 3967 1915 4045 acciderit,
1955 3970 2054 4031 sin
2093 3970 2308 4031 minus
2327 4016 2344 4042 ‚
2385 3968 2655 4030 vitiosus

278 4082 375 4141 est
441 4072 747 4139 articulus
764 4122 782 4151 ‚
854 4076 989 4139 sive
1051 4072 1352 4140 delendus
1414 4080 1511 4140 est
1575 4076 1710 4139 sive
1774 4073 2120 4138 mutandus
2181 4075 2250 4136 in
2310 4092 2656 4157 pronomen

275 4180 698 4247 indefinitum.

366 4285 608 4351 Fabula
676 4286 752 4351 de
821 4292 1029 4351 morte
1100 4284 1460 4353 Calchantis
1533 4309 1570 4352 a
1643 4286 1873 4372 Mopso
1937 4288 2004 4350 in
2068 4290 2201 4349 arte
2269 4284 2655 4349 vaticinandi

278 4395 560 4481 superati
604 4391 811 4458 multo
856 4391 1108 4480 plenius
1154 4400 1218 4458 et
1264 4396 1500 4481 partim
1547 4396 1784 4460 rectius
1830 4399 2125 4456 narratur
2169 4394 2237 4456 in
2276 4390 2657 4481 fragmentis
