3192 5009
1313 268 1623 317 memus.
2566 248 2652 318 27

267 432 500 497 nivalis
541 432 555 519 Ι
593 438 1064 519 perpetuaeque
1121 440 1422 520 premunt
1481 434 1762 512 hiemes;
1827 456 1952 499 non
2000 434 2207 501 sidera
2253 434 2423 500 caelo
2466 436 2475 521 Ι
2517 434 2653 499 ulla

265 539 476 617 videt,
521 540 728 605 sterili
763 561 890 605 non
930 544 1272 626 quicquam
1310 541 1549 628 frigore
1585 544 1823 627 gignit.
1868 542 1879 625 Ι
1923 541 1959 567 ”
2009 541 2149 607 Hac
2183 546 2652 628 comparatione

266 646 568 712 tenebrae
636 646 905 712 describi
971 647 1202 713 debent
1217 696 1234 725 ,
1307 646 1416 712 sed
1483 668 1702 732 reapse
1772 647 2150 713 describitur
2208 648 2361 712 cibus
2423 649 2653 731 (iacet).

267 752 473 818 Porro
536 774 598 817 v.
653 751 780 817 109
843 752 1008 831 „Sed
1068 752 1274 839 glacie
1333 751 1578 819 medios
1639 756 1975 840 signorum
2035 760 2351 838 temperat
2410 755 2652 842 ignis.'’

265 858 495 945 Itaque
543 858 750 924 sidera
787 859 1116 941 (siynorum
1151 859 1345 941 iqnee)
1385 864 1535 925 sunt
1571 859 1785 924 media
1820 863 1987 926 inter
2009 859 2331 948 glaciem?
2370 860 2655 926 Haskins

269 972 491 1029 tamen
551 972 847 1030 annotat:
895 965 1142 1031 medios
1179 969 1206 1048 ]
1251 968 1296 1029 i.
1322 987 1376 1030 e.
1423 968 1480 1029 it
1523 965 1879 1030 moderates
1928 967 2038 1032 the
2084 967 2441 1052 equatorial
2484 968 2654 1033 heat.

265 1070 398 1137 Sed
443 1072 770 1156 quomodo
816 1071 938 1135 ima
971 1094 1128 1155 pars
1172 1070 1306 1137 sola
1347 1074 1393 1135 i.
1419 1094 1473 1137 e.
1513 1076 1857 1138 antarctica
1894 1094 1943 1140 s.
1984 1074 2421 1139 meridionalis
2457 1076 2659 1159 possit

271 1178 526 1243 ambire
586 1184 652 1243 et
717 1177 1039 1243 includere
1108 1178 1362 1242 medium
1428 1175 1880 1263 aequatorem?
1939 1178 2075 1264 poli
2140 1180 2264 1245 duo
2312 1186 2544 1261 (arctos
2591 1185 2659 1245 et

267 1290 624 1366 antarctos)
663 1290 931 1371 possunt
967 1290 1319 1370 temperare
1343 1283 1583 1350 calores
1604 1285 1870 1362 medios,
1895 1285 2371 1370 aequatoriales.
2414 1286 2658 1353 Locum

267 1395 360 1457 sic
407 1391 651 1456 scribo:

645 1501 734 1563 sic
779 1498 1006 1563 mundi
1054 1520 1199 1583 pars
1243 1500 1410 1576 ima,
1457 1501 1624 1563 iacet
1670 1518 1795 1583 qua
1841 1519 1996 1563 zona
2034 1498 2265 1564 nivalis

641 1610 1108 1691 perpetuaeque
1152 1608 1456 1690 premunt
1499 1606 1743 1671 hiemes
1761 1653 1778 1681 ,
1827 1626 1955 1670 non
2000 1606 2207 1671 sidera
2250 1604 2423 1671 caelo

645 1711 784 1776 ulla
825 1711 1028 1785 videt,
1075 1710 1282 1776 sterili
1325 1732 1452 1776 non
1499 1714 1847 1797 quicquam
1889 1712 2130 1798 frigore
2169 1714 2389 1799 gignit
2406 1762 2421 1789 ,

647 1818 759 1883 sed
800 1817 1004 1905 glacie
1049 1838 1265 1881 mersos
1309 1820 1645 1904 signorum
1690 1822 2004 1903 temperat
2046 1820 2243 1905 ignis.

271 1926 529 1991 scilieet
590 1923 795 2012 glacie
855 1926 1072 1989 omnia
1117 1930 1270 1989 sunt
1317 1926 1659 1989 constricta
1702 1930 1769 1989 et
1812 1924 2019 1989 radios
2064 1925 2347 1989 siderum
2390 1924 2506 1989 illa
2550 1927 2663 1989 vix

271 2034 690 2099 transmittit.
739 2029 1148 2116 Comparatio
1195 2036 1416 2096 autem
1459 2032 1590 2095 iam
1640 2035 1771 2096 est:
1822 2033 1913 2095 sic
1956 2051 2101 2115 pars
2148 2034 2493 2097 antarctica
2536 2053 2664 2097 non

269 2139 489 2205 sidera
521 2138 722 2203 videt.
761 2139 927 2202 Ante
953 2144 1237 2219 premvmt
1274 2139 1675 2202 accusativus
1713 2138 2105 2222 pronominis
2144 2136 2400 2202 relativi
2446 2142 2665 2203 mente

271 2244 676 2333 supplendus
694 2292 710 2321 ,
757 2245 1222 2309 constructione
1269 2245 1685 2329 potissimum
1731 2239 1991 2309 Graeca.

375 2450 532 2515 186.
579 2448 862 2536 Egregie
900 2451 976 2514 A.
1019 2448 1349 2514 confirmat
1385 2448 1728 2513 lectionem
1764 2446 2065 2535 Hugonis
2088 2445 2337 2514 Grotii:
2368 2446 2669 2524 „classica

275 2558 381 2621 det
444 2556 602 2619 bello
617 2605 633 2632 ,
699 2576 918 2620 saevos
977 2561 1052 2619 tu
1098 2552 1368 2641 neglege
1415 2560 1641 2619 cantus
1658 2602 1675 2632 ‚
1718 2554 1729 2638 Ι
1770 2556 1956 2641 signa
1984 2555 2171 2639 ferat
2188 2601 2203 2631 ,
2255 2574 2461 2619 cessa:
2510 2556 2671 2619 iam-

277 2668 416 2729 iam
462 2660 674 2727 civilis
717 2661 954 2748 Erinys
995 2660 1006 2747 Ι
1046 2660 1333 2726 concidet
1349 2710 1364 2738 ‚
1414 2666 1479 2725 et
1525 2658 1760 2726 Caesar
1802 2680 2115 2746 generum
2160 2662 2451 2745 privatus
2500 2679 2671 2725 ama-

279 2769 449 2836 bit.''
497 2768 766 2855 Egregii
809 2789 1033 2833 versus
1049 2817 1066 2846 ,
1117 2771 1206 2833 sic
1253 2770 1494 2853 scripti.
1542 2766 1694 2831 Sine
1732 2768 1948 2844 vobis,
1989 2769 2200 2851 inquit
2217 2815 2233 2843 ,
2276 2766 2441 2831 nihil
2462 2771 2673 2851 potest

283 2874 542 2944 Caesar.
601 2874 741 2940 Iam
800 2877 924 2939 etsi
983 2894 1095 2959 per
1155 2894 1220 2938 se
1282 2872 1440 2937 alibi
1500 2875 1913 2959 aptissimum
1972 2874 2058 2937 sit
2075 2921 2090 2949 ,
2152 2870 2413 2937 classica
2476 2872 2673 2949 „dent

283 2981 603 3058 bellum'’‚
660 2980 831 3066 quod
887 2982 1083 3045 etiam
1143 2982 1278 3043 sine
1338 2976 1664 3045 Gronovio
1712 2981 2019 3043 sciremus
2038 3027 2054 3056 ‚
2103 2978 2223 3043 hoc
2269 2982 2487 3042 tamen
2530 2975 2672 3042 loco

287 3087 525 3157 Caesar
582 3088 929 3153 necessario
989 3086 1350 3151 subiectum
1410 3104 1545 3151 esse
1607 3084 1793 3150 debet
1809 3105 1826 3162 3
1888 3083 1999 3149 ille
2062 3083 2226 3147 nihil
2269 3090 2515 3168 potest,
2563 3081 2675 3147 ille

291 3197 534 3261 frustra
595 3192 844 3259 bellum
904 3214 1125 3259 canere
1184 3192 1434 3257 iubebit
1451 3240 1468 3269 ,
1518 3192 1703 3256 vobis
1749 3190 2217 3277 refragantibus
2236 3239 2253 3268 ,
2303 3189 2540 3254 frustra
2582 3192 2679 3254 iu-

292 3302 474 3367 bebit
519 3303 704 3388 signa
748 3300 928 3365 ferre.
978 3298 1393 3385 Farraginem
1440 3296 1732 3363 codicum
1748 3346 1764 3374 ,
1812 3301 1889 3361 ut
1934 3316 2204 3382 semper,
2245 3299 2573 3362 mittimus
2612 3300 2679 3361 et

295 3407 870 3475 animadvertimus
919 3411 1176 3469 tantum
1222 3425 1300 3469 ex
1345 3404 1528 3469 bonis
1575 3402 1658 3483 (V
1682 3402 1742 3466 U
1764 3401 1839 3466 M
1862 3401 1922 3467 R
1944 3401 2023 3484 Τ)
2065 3404 2165 3466 det
2202 3402 2353 3466 bello
2377 3404 2565 3488 ferat
2599 3399 2675 3466 V.

295 3520 559 3580 tantum
615 3534 731 3598 pro
791 3510 992 3577 altera
1048 3509 1320 3576 lectione
1383 3510 1615 3575 habere
1631 3558 1649 3588 ,
1712 3507 1886 3575 solus
1930 3510 2009 3573 A.
2058 3508 2399 3575 lectionem
2415 3557 2431 3588 ‚
2484 3528 2676 3593 quam

293 3624 462 3687 ratio
508 3640 734 3685 veram
777 3639 914 3684 esse
959 3620 1217 3703 probat,
1267 3638 1304 3682 a
1353 3616 1422 3681 1⁸
1466 3638 1557 3681 m.
1604 3616 1814 3682 habet.

389 3836 528 3905 230
575 3858 826 3923 quoque
872 3858 1020 3902 cum
1069 3834 1293 3903 Grotio
1341 3838 1656 3901 consentit
1700 3835 1791 3899 A:
1829 3835 2188 3917 puqnabitie
2223 3832 2528 3919 praebens
2565 3854 2679 3919 pro

287 3946 710 4031 puqnantibus
726 3992 742 4020 ‚
791 3964 952 4028 quae
988 3944 1263 4007 varietas
1301 3944 1544 4007 ratione
1582 3939 2111 4028 palaeographica
2148 3939 2496 4005 admodum
2518 3939 2683 4005 lenis

299 4058 432 4130 est,
481 4051 594 4117 sed
639 4057 858 4115 tamen
905 4048 1162 4114 nullum
1205 4069 1399 4113 usum
1417 4098 1434 4125 ,
1473 4070 1579 4113 me
1619 4049 1827 4113 iudice
1846 4096 1863 4125 ,
1903 4048 2113 4113 habet.
2163 4045 2370 4111 Locus
2406 4048 2511 4112 hic
2552 4053 2681 4111 est:

297 4160 514 4225 hostes
575 4177 810 4243 nempe
871 4176 1048 4221 meos
1112 4156 1332 4236 (verba
1391 4160 1542 4221 sunt
1597 4155 1839 4220 Petreii
1897 4154 2273 4240 Pompeiani
2319 4153 2400 4218 ad
2441 4153 2685 4218 milites

299 4273 478 4347 suos)
525 4262 754 4331 sceleri
797 4265 1008 4327 iurata
1055 4261 1322 4327 nefando
1364 4261 1375 4348 Ι
1416 4267 1810 4326 sacramenta
1856 4266 2108 4326 tenent:
2158 4264 2225 4325 at
2269 4260 2453 4325 vobis
2496 4258 2688 4325 vilior

301 4374 424 4441 hoc
483 4378 584 4438 est
639 4370 654 4456 Ι
711 4374 923 4434 vestra
983 4366 1140 4434 fides
1156 4417 1173 4446 ,
1237 4368 1406 4454 quod
1450 4387 1564 4453 pro
1613 4386 1801 4432 causa
1846 4367 2283 4453 pugnantibus
2330 4386 2531 4451 aequa
2570 4366 2581 4451 Ι
2622 4370 2687 4430 et
