3192 5009
553 214 683 282 122
1423 237 2070 286 οΒεΒΒνΑΤΙυΝοσΜΕ

543 405 704 468 item
753 403 831 468 ad
880 403 1139 489 Ulpiani
1186 406 1635 469 testimonium
1681 404 1748 485 (1.
1808 403 1841 468 1
1891 425 1986 490 pr.
2036 404 2114 469 D.
2167 403 2405 485 39.1):

819 510 1198 592 remitt(itur)
1264 559 1277 574 .
1303 559 1316 574 .
1349 560 1361 575 .
1394 560 1407 574 .
1472 512 1787 589 hactenus,
1851 519 2140 596 quatenus
2179 511 2536 592 prohibendi
2581 511 2678 574 ius
2723 511 2780 574 ie
2823 509 2942 595 qui

817 616 1151 680 nuntiasset
1194 639 1313 680 non
1356 618 1614 682 haberet.

638 725 856 789 Licere
918 725 1124 810 igitur
1186 725 1538 788 nuntiator-i
1599 726 1971 788 remissione
2028 724 2192 788 facta
2209 773 2225 801 ,
2275 724 2598 789 intendere
2645 726 2943 787 adversus

546 830 801 894 edietum
847 830 1207 910 (Praetoris)
1255 835 1455 911 (opus)
1480 830 1732 914 factum
1779 835 1950 910 (esee)
2001 829 2107 909 (cf.
2157 829 2203 893 l.
2247 828 2286 892 5
2327 830 2452 914 §4,
2493 830 2538 895 1.
2588 829 2691 906 16,
2730 827 2775 894 1.
2823 827 2938 904 18,

541 936 587 1001 1.
638 935 725 1000 23
774 934 851 999 D.
897 934 1003 1000 39.
1036 934 1134 1015 1);
1178 954 1505 1020 superesse
1544 938 1898 1000 etiamtunc
1940 935 2364 1000 exsecutionem
2405 936 2602 1018 operis
2636 934 2776 998 novi
2799 984 2813 1008 ,
2861 933 2942 998 id

542 1049 641 1107 est
685 1044 1000 1106 actionem
1045 1041 1452 1105 honorariam
1497 1041 1603 1120 (cf.
1652 1041 1697 1105 1.
1751 1039 1788 1105 5
1837 1063 1955 1126 pr„
2003 1039 2047 1105 1.
2101 1039 2138 1106 Ι7
2187 1064 2306 1127 pr„
2343 1041 2387 1106 1.
2437 1040 2519 1106 19
2559 1040 2638 1104 D.
2681 1040 2788 1106 39.
2825 1041 2896 1121 1)
2921 1060 2938 1118 ;

542 1150 610 1214 id
658 1153 915 1212 tantum
958 1149 1405 1211 remissionem
1452 1147 1696 1212 efficere
1717 1196 1732 1224 ‚
1779 1154 1856 1212 ut
1905 1147 2130 1212 exinde
2177 1147 2472 1228 inter-(eit)
2517 1148 2652 1210 iure
2678 1148 2938 1233 factuam

542 1256 625 1322 sit
663 1258 893 1334 (neone)
933 1253 1039 1333 (cf.
1079 1251 1125 1316 1.
1152 1252 1241 1317 20
1266 1255 1301 1338 ᾗ
1329 1251 1369 1317 3
1394 1252 1472 1318 D.
1504 1252 1611 1318 39.
1644 1253 1742 1330 1);
1785 1276 1988 1339 quum
2026 1255 2324 1338 quidquid
2358 1261 2499 1317 ante
2537 1253 2942 1317 remissionem

540 1363 657 1442 fiat
685 1409 698 1423 .
730 1409 744 1424 .
774 1408 789 1422 .
820 1409 833 1422 .
848 1381 968 1441 pro
1008 1381 1072 1422 eo
1109 1361 1438 1422 habendum
1476 1361 1612 1441 (eit)
1655 1369 1832 1446 atque
1869 1361 1926 1424 si
1963 1361 2132 1424 nullo
2163 1361 2552 1446 inrefaotum
2574 1367 2720 1424 esset
2741 1359 2814 1440 (1.
2843 1359 2942 1424 20

546 1469 583 1550 ᾖ
610 1465 649 1528 4
681 1464 759 1529 D.
790 1464 897 1528 39.
930 1465 1013 1544 1).
1064 1463 1135 1528 Si
1160 1469 1443 1549 quaeris,
1486 1487 1613 1551 qua
1650 1469 1899 1531 actione
1938 1471 2082 1552 post
2119 1469 2559 1532 remissionem
2583 1468 2944 1530 nuntiatori

548 1575 635 1636 sit
672 1570 988 1654 utendum
1008 1617 1023 1647 ,
1069 1572 1137 1634 in
1176 1574 1383 1634 varias
1420 1577 1634 1657 partes
1671 1575 1824 1636 itur.
1866 1571 2212 1637 Interdicto
2234 1574 2632 1637 restitutorio
2657 1571 2832 1656 quod
2855 1593 2943 1635 ex

547 1677 593 1740 1.
636 1675 723 1740 20
762 1697 857 1762 pr.
897 1675 975 1739 D.
1022 1674 1127 1740 39.
1163 1677 1194 1740 1
1247 1698 1439 1763 supra
1478 1681 1785 1765 exscripsi
1822 1679 2039 1743 locum
2078 1697 2212 1742 esse
2253 1678 2460 1756 Baron
2487 1677 2539 1759 1)
2579 1681 2940 1755 existimat,

550 1784 989 1848 remissionem
1028 1785 1202 1848 enim
1243 1806 1356 1869 pro
1396 1805 1521 1848 non
1568 1784 1739 1866 facta
1784 1806 1920 1849 esse
1939 1834 1954 1862 ‚
2001 1791 2294 1869 qnatenus
2327 1783 2694 1866 prohibendi
2737 1784 2840 1847 ins
2885 1784 2946 1846 ie

550 1889 655 1974 qui
700 1889 1033 1952 nuntiasset
1083 1936 1096 1951 .
1129 1937 1144 1952 .
1175 1937 1188 1952 .
1221 1937 1234 1952 .
1283 1890 1540 1968 haberet.
1582 1889 1757 1955 Huic
1796 1891 2092 1976 proxima
2127 1897 2224 1955 est
2263 1889 2520 1956 Ottonis
2557 1890 2860 1956 Karlowa
2885 1887 2942 1970 ⁸)

550 1999 863 2062 sententia
923 1999 1262 2080 proprium
1322 1997 1741 2062 interdictum
1760 2047 1776 2074 ,
1827 2000 2303 2062 restitutorium
2349 2005 2564 2063 tamen
2583 2047 2600 2076 ‚
2647 2003 2799 2083 post
2845 2017 2945 2061 re-

549 2105 925 2168 missionem
994 2106 1424 2188 proponentis.
1496 2102 1766 2189 Hugoni
1837 2103 2212 2168 Burckhard
2241 2101 2290 2182 3)
2361 2103 2571 2190 placet
2639 2125 2717 2168 ex
2795 2106 2943 2189 ipsa

548 2210 923 2275 remissione
986 2209 1308 2294 agendum
1368 2230 1503 2274 esse
1560 2213 1742 2294 quasi
1790 2211 2082 2274 remissio
2129 2213 2214 2274 sit
2261 2210 2678 2275 interdictum
2723 2209 2943 2294 prohi-

547 2317 855 2382 bitorium
881 2316 955 2394 ⁸),
994 2314 1261 2380 Praetor
1299 2319 1473 2380 enim
1514 2337 1718 2400 quum
1757 2315 1927 2380 dicat
1964 2315 2385 2379 nuntiatio
2427 2320 2730 2393 teneat,
2759 2315 2942 2380 idem

549 2443 684 2489 esse
731 2425 861 2487 acsi
907 2421 1201 2498 dixisset;
1256 2422 1603 2498 „adversus
1643 2424 2119 2486 nuntiationem
2161 2421 2300 2486 fieri
2340 2421 2690 2507 quidquam
2715 2421 2938 2486 veto”.

552 2528 649 2593 De
710 2529 811 2592 his
871 2533 1089 2592 autem
1153 2547 1469 2613 quaerere
1498 2548 1971 2613 supervacuum
2019 2533 2116 2591 est
2133 2576 2148 2603 ,
2200 2528 2394 2592 donec
2439 2535 2717 2605 constet,
2765 2528 2944 2614 quod

551 2655 738 2721 nego,
780 2633 1064 2718 aliquam
1103 2639 1248 2718 post
1272 2637 1714 2698 remissionem
1738 2635 2144 2698 honorariam
2171 2636 2224 2712 ⁵)
2249 2637 2564 2698 actionem
2587 2655 2939 2721 superesse.

643 2740 731 2804 At
776 2744 1070 2804 veterum
1115 2742 1502 2805 testimoniis
1550 2761 1736 2804 suam
1784 2743 2168 2804 sententiam
2207 2744 2472 2804 tuentur
2511 2739 2739 2817 Baron‚
2781 2741 2945 2805 Kar-

551 2846 712 2912 lowa
731 2895 747 2924 ,
798 2844 1175 2910 Burckhard
1190 2866 1205 2922 ;
1250 2846 1570 2910 Praetoris
1599 2866 1754 2911 voce
1773 2892 1788 2922 ,
1830 2845 2092 2930 Ulpiani
2129 2847 2508 2910 auctoritate
2546 2865 2612 2909 se
2651 2831 2940 2910 tuentur.

552 2951 849 3020 Genuina
892 2973 1020 3016 non
1066 2957 1217 3016 sunt
1266 2971 1341 3016 ea
1384 2955 1774 3016 testimonia.
1826 2950 2008 3031 Quod
2055 2958 2131 3015 ut
2177 2951 2432 3035 probari
2479 2953 2718 3036 possit,
2767 2955 2944 3038 cog-i·

552 3063 677 3124 tari
724 3066 977 3144 oportet
1023 3057 1363 3123 Iustiniani
1410 3080 1565 3123 aevo
1584 3107 1600 3135 ,
1649 3057 2038 3122 iudiciorum
2083 3057 2302 3122 ordine
2349 3057 2601 3122 sublato
2620 3106 2636 3134 ,
2685 3057 2946 3124 Praeto-

551 3170 640 3230 ris
702 3171 917 3250 partes
981 3175 1369 3250 quantopere
1434 3164 1673 3228 fuerint
1735 3171 1958 3228 auctae
2007 3163 2085 3227 ad
2130 3165 2333 3247 ipsius
2380 3163 2662 3228 officium
2709 3163 2944 3230 iudicis

556 3271 887 3337 accedente
963 3270 1188 3334 officio.
1254 3269 1720 3335 Remissionem
1785 3269 2168 3335 desideranti
2227 3272 2488 3354 vigente
2547 3270 2943 3335 iudiciorum

556 3377 774 3442 ordine
821 3375 1237 3439 interdictum
1284 3375 1551 3440 Praetor
1595 3399 1686 3437 ne
1734 3377 1811 3437 vi
1827 3398 1856 3438 e
1901 3375 2093 3460 siat
2155 3375 2669 3460 aedificanti
2717 3398 2938 3462 propo-

557 3483 781 3557 nebat;
845 3483 985 3545 iure
1046 3479 1470 3557 Iustinianeo,
1523 3502 1727 3566 quum
1763 3481 2025 3562 perinde
2073 3529 2088 3542 .
2119 3529 2133 3544 .
2167 3529 2180 3543 .
2212 3529 2226 3544 .
2274 3481 2627 3561 indie-(etur)
2675 3483 2806 3546 eine
2853 3484 2946 3546 in-

560 3587 831 3651 terdictis
848 3635 864 3662 ,
917 3586 1043 3648 acsi
1088 3586 1264 3648 utilis
1311 3587 1466 3649 actio
1509 3610 1581 3649 ea·
1619 3610 1800 3650 causa
1838 3587 2150 3650 interdicti
2189 3587 2434 3650 reddita
2454 3587 2696 3672 fuisset
2731 3589 2943 3673 (§u1t.

561 3693 714 3758 Inst.
767 3691 874 3756 IV.
932 3691 1063 3772 15),
1125 3695 1262 3777 ipse
1323 3694 1746 3778 magistratus
1793 3716 2028 3756 causam
2073 3693 2394 3772 dirimat),
2431 3695 2530 3756 uti
2575 3699 2798 3758 auctor
2847 3701 2946 3760 est

560 3799 919 3885 Imperator
978 3819 1032 3861 c.
1088 3797 1170 3861 14
1235 3799 1336 3883 §2
1401 3797 1469 3864 G.
1522 3798 1720 3864 8.10.
1784 3799 2010 3864 Vetere
2073 3801 2212 3864 iure
2273 3805 2427 3864 tunc
2489 3799 2944 3865 remittebatur

560 3927 765 3991 quum
835 3902 1035 3968 nollet
1105 3908 1438 3970 nuntiator
1500 3913 1708 3970 cetera
1769 3927 1846 3970 ex
1906 3904 2243 3970 interdicto
2304 3905 2539 3982 facere3
2590 3927 2755 3971 novo
2799 3909 2942 3974 iure

630 4111 676 4170 1)
712 4109 784 4157 Cf.
824 4107 1109 4156 Burckhard
1143 4123 1189 4171 p.
1227 4105 1342 4157 294.
1886 4107 1938 4166 2)
1974 4106 2046 4154 cf.
2087 4104 2366 4153 Burckhard
2402 4122 2448 4170 p.
2489 4107 2601 4156 295.

627 4192 676 4252 3)
710 4191 765 4239 Ρ.
805 4193 850 4248 5,
888 4191 982 4238 305
1001 4205 1120 4252 sqq..
1155 4190 1252 4237 382
1270 4202 1370 4252 sqq.

620 4274 681 4336 4)
718 4273 953 4328 Interest,
989 4271 1114 4334 quod
1150 4286 1205 4318 ex
1238 4269 1493 4318 interdicto
1530 4269 1847 4334 prohibitorio
1881 4285 2068 4332 semper
2100 4285 2206 4318 cum
2241 4286 2394 4335 poena
2427 4271 2604 4339 agitur.

629 4358 679 4416 ὅ)
712 4353 971 4423 Legitimos
1004 4353 1133 4400 enim
1167 4365 1409 4415 superesse
1443 4355 1630 4400 constat
1663 4351 1715 4415 (l.
1753 4351 1816 4399 19
1853 4352 1910 4399 D.
1948 4352 2040 4409 39.,
2054 4352 2121 4420 1).
