3192 5009
1304 297 1626 346 nonnus.
1823 313 1829 320 ·
2531 277 2664 344 295

422 455 486 524 V.
531 462 679 530 Setis
725 464 929 530 facilis
975 469 1072 529 est
1122 463 1485 529 emendatio
1536 472 1588 526 A
1621 459 1789 528 272:

490 571 578 633 καὶ
619 567 928 651 μαχόμην
976 576 1119 635 κατ’
1167 568 1270 648 ἔμ’
1319 568 1506 634 αὐτὸν
1554 569 1712 647 ἐγώ·
1761 572 2002 634 κείνοισι
2049 567 2114 634 δέ
2161 571 2218 632 κ’
2266 566 2337 633 οὔ
2381 593 2473 641 τις

483 683 583 740 τῶν
627 668 683 741 οἳ
728 681 829 740 νῦν
876 674 1087 757 βροτοί
1132 677 1281 741 εἶσιν
1330 672 1794 754 ἐπιχθόνιοι
1843 673 2282 761 μαχέοιτο.

318 772 491 845 Recte
541 784 913 869 improbatis
978 783 1286 862 μαχέοιτο
1305 830 1322 860 ,
1386 779 1612 846 deinde
1675 778 1910 845 additis
1957 783 2136 845 varia
2179 802 2365 866 posse
2410 783 2666 847 tentari.

308 877 455 948 Post
494 888 749 955 fortasse
796 909 920 954 non
957 889 1375 954 tentabuntur
1414 885 1540 951 alia
1556 935 1573 964 ‚
1615 888 1670 950 si
1709 907 1968 951 mecum
2006 889 2482 974 rescripseritis:
2535 887 2667 951 ἐπὶ

302 987 515 1062 χθονὶ
582 991 715 1074 ἶφι
787 994 1173 1076 μάχοιτο.
1244 992 1339 1058 De
1409 991 1780 1057 confusione
1853 991 2193 1057 literarum
2256 1003 2309 1057 O
2359 999 2426 1057 et
2471 1001 2522 1057 Φ
2586 992 2667 1058 cf.

304 1087 533 1165 Mnem.
584 1099 759 1168 1876
806 1125 871 1188 p.
922 1099 1075 1167 342.

396 1312 494 1381 VI.
550 1320 938 1408 Scripseram
999 1321 1300 1408 equidem
1364 1333 1415 1386 Α
1446 1319 1600 1398 555,
1661 1325 1738 1384 ut
1761 1378 1776 1392 ,
1798 1325 2023 1406 poetae
2087 1319 2416 1407 digamma
2477 1341 2672 1387 suum

322 1417 613 1492 redderem
656 1427 979 1514 simulque
1022 1430 1503 1493 coniunctivum
1551 1426 1987 1493 eliminarem:

564 1539 659 1597 νῦν
706 1533 767 1597 σ’
818 1535 995 1605 αἰνῶς
1045 1534 1304 1599 δείδοικα
1354 1532 1526 1598 κατὰ
1573 1530 1770 1614 φρένα
1818 1534 1908 1610 μη
1954 1534 2397 1614 παρέειπε,

340 1628 431 1694 Sed
472 1633 581 1703 Vos
624 1639 917 1706 dubitare
962 1640 1273 1706 videmini
1321 1643 1485 1705 sitne
1531 1638 1843 1725 prolepsis
1889 1641 2044 1704 satis
2090 1661 2170 1704 ex
2214 1638 2487 1706 Homeri
2533 1661 2673 1706 con—

351 1743 647 1904 suleltudine.
682 1745 857 1814 Hinc
895 1768 1021 1811 non
1058 1745 1341 1812 alienum
1377 1748 1617 1832 poterit
1654 1745 1875 1811 haberi
1893 1794 1909 1823 ,
1952 1748 2008 1810 si
2044 1745 2357 1831 quaedam
2380 1747 2674 1834 exempla

354 1853 407 1898 00
449 1864 641 1931 egero:

421 1953 457 2006 Β
495 1953 607 2022 409
653 1957 792 2041 ᾔδεε
840 1958 967 2040 γὰρ
1018 1958 1186 2022 κατὰ
1235 1958 1417 2034 θυμὸν
1468 1957 1776 2032 ἀδελφεὸν
1823 1958 1900 2028 ὦς
1951 1957 2240 2022 ἐπονεῖτο.

428 2056 452 2109 Ῑ
495 2055 603 2128 191
653 2065 945 2144 δέγμενος
1001 2063 1297 2138 Αἰακίδην
1346 2064 1530 2128 ὄπότε
1578 2062 1820 2140 λήξειεν
1867 2065 2101 2129 οέείδων.

404 2154 457 2214 Π
534 2163 609 2235 1¹7
653 2173 717 2245 ἠὲ
765 2171 913 2248 σύγ’
959 2171 1255 2250 Ἀργείων
1304 2157 1634 2251 ὅλοφύρεαι
1682 2171 1757 2242 ὦς
1809 2168 2142 2235 ὀλέκονται.

394 2254 445 2307 Τ
480 2260 605 2340 311
652 2275 861 2352 νόησον
906 2315 993 2326 —
1044 2278 1290 2341 Αἰνείαν
1333 2276 1367 2350 ἤ
1418 2275 1521 2341 κέν
1567 2276 1595 2340 έ
1645 2275 1925 2356 ἐρύσσεαι
1973 2277 2008 2351 ἥ
2056 2301 2158 2341 κεν
2206 2275 2414 2358 ἐάσῃς.

378 2349 429 2412 Χ
472 2361 607 2447 321
656 2381 923 2462 εἰσορόων
967 2383 1128 2463 χρόα
1180 2385 1371 2449 καλὸν
1417 2379 1762 2464 ὅπῃέἵξειε
1807 2381 2078 2458 μάλιςα.
2193 2449 2206 2460 ,
2293 2447 2303 2458 ,

388 2477 440 2551 X
488 2479 617 2554 382
660 2487 827 2570 ὄφρα
875 2487 943 2552 ιιέ
990 2510 1051 2552 τι
1096 2490 1342 2567 γνῶμεν
1386 2484 1601 2568 Τρώων
1650 2487 1794 2566 νόον,
1844 2481 2020 2552 ὅντιν’
2069 2485 2304 2568 ἔχουσι.

401 2613 467 2672 n.
492 2593 615 2661 629
661 2594 792 2670 ἤτοι
842 2592 1221 2672 Δαρδανίδης
1264 2593 1542 2674 Πρίαμος
1591 2589 1868 2672 θαύμαζ’
1914 2595 2196 2673 Ἀχιλῆα

654 2694 831 2773 ὅσσος
878 2695 978 2774 ἔην
1022 2693 1136 2770 οἷός
1184 2724 1275 2765 τε.

406 2831 445 2885 y
489 2803 610 2871 193
658 2803 977 2885 Ἀτρεΐδην
1000 2803 1063 2870 δὲ
1087 2805 1191 2870 καὶ
1218 2806 1394 2872 αὐτοὶ
1419 2804 1677 2870 ἀκούετε
1702 2804 1916 2885 νόσφιν
1943 2801 2138 2878 ἐόντες
2169 2841 2255 2852 -
2281 2801 2356 2877 ὥς
2380 2806 2438 2870 τ’
2461 2799 2625 2879 ἦλθε.

418 2937 452 2976 τ
494 2911 619 2978 219
666 2907 801 2977 εἶπέ
849 2935 951 2988 μοι
998 2911 1210 2978 ὅποι-οῖ’
1256 2909 1426 2976 ἄσσα
1475 2912 1609 2992 περὶ
1655 2907 1804 2992 χροῒ
1845 2906 2083 2987 εἵματα
2129 2906 2264 2990 ἕςο,

656 3015 844 3090 αύτός
896 3019 947 3082 θ’
994 3011 1111 3090 οἶος
1160 3017 1279 3097 ἔην,
1329 3017 1434 3083 κα)
1486 3018 1756 3095 ἑταίρους
1805 3013 1868 3082 οἵ
1906 3017 1957 3082 οί
2004 3015 2240 3082 ἕποντο.

407 3149 443 3190 ω
488 3124 609 3191 124
1559 3123 1862 3204 ἀτρεκέως
1910 3123 2242 3200 καταλέξω

654 3229 952 3311 ἧμετέρου
998 3229 1275 3296 θανάτοιο
1324 3233 1513 3298 κακὸν
1558 3229 1738 3304 τέλος
1785 3225 1901 3296 οἷον
1951 3229 2204 3313 ἐτύχθη.

342 3332 451 3400 Iam
491 3335 721 3402 affatim
766 3335 1211 3423 exemplorum
1228 3387 1243 3416 ,
1292 3359 1407 3404 nec
1453 3343 1669 3402 tamen
1716 3340 1933 3402 minus
1972 3336 2145 3402 ultro
2194 3337 2464 3404 concedo
2483 3388 2500 3417 ,
2545 3338 2678 3404 lau-

343 3438 487 3508 datos
524 3441 691 3509 locos
738 3445 994 3509 etiamsi
1041 3443 1285 3510 similes
1332 3447 1494 3521 sint,
1542 3465 1669 3508 non
1715 3463 1852 3508 esse
1899 3441 2289 3508 simillimos.

412 3643 532 3712 VII.
597 3647 945 3736 Displicuit
1003 3647 1197 3715 Vobis
1246 3647 1637 3714 adjectivum
1685 3647 2133 3725 ἀγκυλομήτης
2182 3667 2334 3712 cum
2378 3653 2678 3735 genetivo

342 3750 753 3830 ἀγκυλομήτεω
814 3744 1033 3841 itaque
1096 3776 1247 3820 cum
1292 3752 1581 3820 Nauckio
1603 3801 1618 3830 ,
1666 3755 1872 3819 secuti
1916 3773 2058 3818 eam
2106 3751 2470 3840 analogiam
2517 3775 2678 3841 quae

344 3861 583 3924 cernitur
634 3863 705 3925 in
769 3860 1099 3926 adiectivis
1145 3860 1469 3938 δολόμητις
1492 3909 1507 3935 ,
1558 3859 1906 3935 πολύμητις
1926 3906 1943 3936 ,
1992 3859 2422 3935 ποικιλόμητις
2473 3870 2516 3924 Β
2544 3859 2676 3927 205

344 3959 467 4027 alibi
538 3968 877 4051 scripsistis
950 3963 1165 4043 Κρόνου
1235 3963 1385 4036 παις
1455 3963 1890 4043 ὦγιιυλόμητις
1916 4013 1932 4042 ,
2004 3985 2132 4029 non
2201 3963 2676 4040 ἀγκυλομήτεω.

346 4063 571 4134 Factum
627 4093 757 4136 non
818 4072 1145 4156 improbo,
1212 4070 1323 4136 sed
1383 4078 1600 4136 manet
1659 4077 1878 4135 tamen
1938 4068 2252 4156 quaedam
2299 4070 2640 4138 difficultas
2661 4123 2677 4152 ,

345 4193 505 4257 quam
539 4175 660 4242 Vos
699 4174 1035 4263 aliquando
1074 4161 1355 4242 solvetis.
1404 4177 1668 4242 Etenim
1706 4182 1852 4242 tum
1891 4177 2062 4262 apud
2099 4175 2461 4243 Hesiodum
2476 4228 2493 4258 ,
2537 4184 2679 4245 tum

348 4289 393 4342 Δ
414 4278 486 4345 59
527 4282 955 4361 ἀγκυλόμητις
1019 4284 1349 4370 epitheton
1396 4288 1495 4348 est
1540 4305 1672 4350 non
1715 4283 1886 4349 Iovis
1903 4332 1922 4361 ,
1972 4283 2082 4348 sed
2125 4281 2406 4349 Saturni.
2467 4283 2682 4352 Habet

340 4382 629 4474 praeterea
670 4392 1009 4476 genetivus
1054 4411 1181 4475 quo
1220 4411 1285 4456 se
1325 4387 1757 4468 commendet,
1799 4410 1952 4455 nam
1992 4391 2250 4456 etiamsi
2289 4411 2486 4476 aeque
2523 4391 2679 4460 bene
