3192 5009
1190 315 1276 375 1111
1321 328 1592 376 'rnmrms
1638 317 1935 376 nomme.
2618 295 2747 375 371

368 493 622 559 tutione
665 492 896 578 templi
938 496 1286 571 terrestris,
1335 495 1617 560 dubitari
1666 500 1873 581 potest
1920 493 2073 580 quid
2112 496 2198 558 sit
2254 493 2511 570 „locum
2550 497 2754 580 regio-

367 602 562 665 nibus
618 600 1080 666 determinare”
1103 649 1119 679 ‚
1181 607 1405 667 utrum
1455 601 1711 679 „locum
1757 601 1943 666 lineis
1989 603 2213 676 rectis,
2262 603 2304 664 1.
2334 622 2387 666 6.
2437 600 2755 665 distantiis

367 705 665 790 palorum
711 713 822 771 aut
868 713 1190 770 metarum
1229 727 1390 791 quae
1427 709 1493 771 in
1534 706 1791 794 angulis
1830 710 2037 793 posita
2074 711 2223 770 sunt
2264 709 2357 784 (in
2398 707 2522 770 loco
2560 705 2751 768 muri:

363 812 690 877 distantiis
736 815 1186 892 terminorum)
1235 813 1816 890 circumscribere”‚
1866 833 1944 877 an
2004 812 2201 890 „fines
2242 811 2364 878 loci
2402 813 2754 878 secundum

365 917 533 984 caeli
607 924 820 1005 partes
894 918 1194 984 definire”
1229 923 1295 999 ⁸).
1374 918 1564 1006 Optio
1642 941 1715 986 eo
1778 919 2093 986 difficilior
2154 925 2285 995 est,
2352 941 2476 1004 quo
2544 921 2757 1005 magis

366 1032 620 1091 constat
679 1028 744 1089 in
813 1024 928 1090 illa
994 1025 1306 1103 formula,
1377 1030 1432 1091 si
1502 1034 1670 1092 recte
1740 1048 1882 1092 eam
1952 1029 2448 1111 interpretemur
2466 1075 2481 1103 ,
2553 1028 2755 1090 inesse

367 1140 681 1216 utramque
729 1135 1071 1197 notionem.
1119 1132 1288 1198 Nam
1334 1154 1483 1198 eum
1527 1131 1735 1198 lineae
1775 1133 2090 1198 ducantur
2109 1181 2124 1209 ,
2166 1133 2397 1216 quibus
2437 1130 2756 1216 templum

368 1239 928 1303 circumscribatur
947 1287 963 1316 ,
1024 1238 1438 1303 manifestum
1501 1246 1599 1303 est
1658 1239 1773 1303 has
1832 1239 2031 1304 lineas
2099 1241 2381 1322 potuisse
2442 1237 2759 1303 defininiri

369 1343 726 1410 secundum
787 1346 1078 1431 reg-iones
1141 1343 1333 1422 caeli,
1394 1344 1673 1430 exempli
1718 1348 1929 1432 gratia
1976 1347 2031 1409 si
2075 1348 2145 1408 in
2193 1343 2433 1430 templo
2481 1343 2756 1429 quodam

371 1451 684 1536 quadrato
744 1450 949 1516 lineae
1009 1453 1425 1516 terminantes
1492 1451 1715 1516 dextra
1774 1457 1840 1517 et
1902 1453 2159 1517 s1nistra
2219 1450 2445 1516 'ductae
2510 1456 2659 1514 sunt
2720 1470 2757 1514 a

371 1556 648 1622 Meridie
712 1554 1099 1622 Occidentali
1159 1556 1238 1622 ad
1299 1556 1811 1642 Septentrionem
1873 1554 2265 1622 Orientalem
2287 1605 2301 1634 ,
2366 1555 2570 1621 lineae
2637 1563 2757 1620 ter-

373 1666 694 1729 minantes
759 1665 968 1729 antica
1028 1670 1094 1728 et
1155 1667 1398 1749 postica
1445 1665 1524 1729 ab
1572 1663 1831 1730 Oriente
1877 1662 2288 1728 Meridionali
2338 1663 2417 1727 ad
2465 1662 2757 1728 Occiden-

373 1774 513 1834 tem
549 1768 1124 1855 Septentrionalem
1143 1819 1158 1847 ,
1201 1771 1320 1834 hoc
1359 1769 1683 1856 templum
1721 1793 1849 1835 non
1888 1769 2101 1834 solum
2140 1769 2509 1856 regionibus
2532 1772 2719 1834 rectis
2740 1817 2755 1845 ,

372 1876 488 1941 sed
555 1879 751 1941 etiam
815 1877 1185 1963 regionibus
1247 1876 1406 1942 caeli
1467 1878 1965 1943 determinatum
2032 1897 2165 1942 esse
2230 1875 2567 1941 dicendum
2614 1879 2755 1942 erit.

377 1979 646 2047 Constat
664 2030 679 2059 ,
745 1981 902 2047 fines
967 1982 1358 2068 templorum
1421 1983 1743 2048 interdum
1809 1983 2099 2048 definitos
2164 1982 2361 2046 fuisse
2409 1981 2757 2047 secundum

374 2089 672 2173 regiones
733 2086 913 2153 caeli.
981 2086 1372 2174 Exemplum
1434 2088 1629 2153 huius
1691 2091 1785 2152 rei
1853 2087 2269 2152 memorabile
2340 2094 2515 2153 extat
2589 2087 2758 2172 apud

372 2193 803 2282 Dionysium,
852 2195 966 2258 ubi
1010 2200 1304 2259 narratur
1349 2194 1667 2279 quomodo
1715 2193 1950 2260 Olenus
1996 2194 2314 2280 haruspex
2380 2193 2757 2258 determina-

371 2303 548 2366 verit
609 2303 962 2388 imaginem
1024 2299 1130 2366 vel
1191 2301 1465 2366 formam
1527 2299 1789 2386 templi,
1856 2321 2048 2385 quam
2108 2301 2175 2363 in
2238 2297 2372 2365 solo
2421 2300 2755 2365 adumbra-

373 2414 577 2474 verat.
643 2406 898 2472 Scilicet
961 2428 1110 2472 cum
1172 2407 1586 2471 fundamenta
1650 2406 1879 2493 templi
1936 2404 2283 2491 Capitolini
2330 2426 2368 2470 a
2412 2405 2757 2490 Tarquinio

373 2518 762 2600 ponerentur
778 2562 795 2591 ‚
842 2520 906 2578 et
953 2519 1146 2599 caput
1192 2514 1556 2580 humanum
1604 2516 1944 2578 inventum
1990 2518 2183 2590 esset,
2225 2512 2428 2599 legati
2464 2516 2533 2578 in
2570 2511 2758 2578 Etru·

373 2622 540 2684 riam
585 2622 768 2684 missi
816 2639 951 2684 esse
999 2618 1340 2683 traduntur
1384 2622 1495 2703 qui
1541 2618 1619 2684 de
1666 2639 1739 2684 eo
1781 2624 2068 2704 portento
2104 2617 2502 2684 consulerent
2541 2619 2758 2684 harus-

375 2727 565 2812 pices.
630 2723 798 2788 'Pum
862 2723 1098 2790 Olenus
1166 2722 1441 2791 Calenus
1489 2725 1806 2811 haruspex
1826 2774 1842 2803 ‚
1892 2725 2101 2790 fatum
2145 2727 2213 2788 in
2262 2745 2447 2789 suam
2494 2731 2757 2810 gentem

376 2829 712 2894 transferre
771 2832 1030 2915 cupiens
1047 2879 1064 2908 ‚
1114 2829 1319 2895 fertur
1365 2836 1629 2896 conatus
1676 2852 1811 2896 esse
1858 2829 2107 2916 legatos
2149 2830 2595 2916 interrogando
2642 2834 2759 2895 cir-

377 2935 754 3000 cumducere
812 2941 887 2999 ut
946 2935 1157 3000 verbis
1203 2935 1587 3001 affirmarent
1634 2941 1827 3021 eaput
1870 2933 2037 3000 illud
2083 2958 2207 3001 non
2252 2935 2491 3001 Romae
2533 2936 2643 3001 sed
2688 2939 2757 3002 in

375 3041 634 3105 Etruria
696 3061 828 3105 esse
872 3044 1232 3106 inventum.
1282 3040 1506 3127 Itaque
1555 3045 1837 3128 scipione
1882 3042 2293 3107 adumbravit
2338 3045 2409 3107 in
2456 3041 2592 3107 solo
2639 3043 2759 3108 for-

376 3167 552 3211 mam
621 3145 851 3230 templi
867 3195 882 3223 ,
945 3151 1011 3212 et
1069 3149 1162 3211 ita
1222 3146 1472 3232 legatos
1530 3149 1992 3233 interrogavit:
2066 3147 2226 3224 „hoc
2291 3167 2443 3234 ergo
2506 3148 2717 3214 dicitis
2737 3198 2753 3226 ‚

375 3252 678 3328 Romani,
742 3252 846 3316 hic
908 3251 1226 3337 templum
1269 3252 1440 3318 Iovis
1488 3252 1559 3318 Ο.
1611 3253 1705 3317 Μ.
1758 3253 2054 3317 futurum
2100 3259 2197 3317 est
2214 3301 2231 3330 ‚
2280 3253 2384 3318 hic
2431 3261 2621 3338 caput
2667 3258 2757 3319 in-

375 3356 762 3425 venimusffl?
833 3357 958 3424 Sed
1015 3357 1217 3444 legati
1280 3379 1318 3423 a
1378 3359 1508 3425 filio
1572 3359 1927 3444 haruspicis
1992 3361 2375 3444 praemoniti
2433 3362 2756 3425 evitarunt

376 3465 602 3532 dolum
661 3471 725 3531 et
783 3465 1272 3551 responderunt:
1341 3486 1506 3544 „non
1565 3465 1753 3551 plane
1813 3466 1919 3530 hic
1979 3465 2088 3530 sed
2134 3464 2373 3531 Romae
2418 3468 2754 3532 inventum

375 3709 524 3760 vertit
575 3711 671 3759 ,τὰ
705 3707 902 3758 eramala
935 3706 1265 3771 διαγράφειν”
1302 3709 1559 3774 perductus
1594 3707 1909 3772 ambiguitate
1944 3708 2184 3758 vocabuli.
2228 3709 2465 3758 Mnemos.
2503 3710 2648 3759 1890.
2692 3711 2754 3760 18

374 3807 483 3858 pag.
519 3791 632 3860 2682
680 3819 744 3829 —
791 3793 969 3840 Partes
1003 3791 1144 3840 caeli:
1195 3791 1299 3840 Liv.
1339 3792 1384 3840 1.
1409 3791 1488 3840 18.
1509 3791 1572 3842 7:
1616 3805 1797 3854 ‚augur
1833 3790 2049 3854 regiones
2082 3790 2207 3840 lituo
2239 3789 2298 3839 ab
2333 3791 2535 3840 Oriente
2568 3793 2626 3841 ed
2664 3793 2757 3842 06-

371 3889 536 3923 66611111
570 3871 954 3931 determinavit&
993 3873 1228 3923 Mnemon.
1272 3873 1412 3922 1889.
1456 3871 1513 3923 1‘1
1551 3888 1655 3938 pag.
1694 3873 1807 3920 284.
1842 3900 1907 3909 —
1945 3872 1997 3936 l)
2033 3872 2206 3920 Eadem
2244 3872 2422 3922 locutio
2450 3873 2595 3922 etiem
2628 3877 2758 3923 utro-

373 3971 469 4020 que
517 3970 656 4004 6611611
706 3955 764 4002 ad
817 3953 934 4003 61166
986 3969 1061 4002 ree
1105 3953 1374 4004 adhibetur.
1428 3953 1526 4004 016.
1577 3953 1723 4002 Arch.
1762 3954 1837 4003 11.
1857 3952 1943 4002 29:
2002 3953 2096 4011 nsi,
2132 3952 2303 4017 quibus
2336 3953 2597 4017 reqt‘muibus
2630 3955 2757 4004 vitae

375 4035 584 4102 spatium
635 4037 1047 4101 circumscriptum
1099 4041 1170 4086 eet
1188 4074 1202 4095 ‚
1255 4037 1430 4086 eisdem
1481 4051 1645 4086 61111166
1688 4035 1999 4099 cogitationen
2043 4035 2323 4085 terminaret
2365 4051 2475 4084 61166
2508 4036 2756 4100 (6111111116),

375 4135 474 4170 non
521 4119 672 4168 tenti·
720 4134 768 4167 66
819 4117 1057 4171 laboribus
1091 4116 1389 4182 frangeret”;
1427 4118 1518 4167 1166
1558 4117 1663 4168 1666
1701 4117 1962 4182 reqiom'bue
1998 4117 2253 4166 terminare
2284 4121 2355 4166 eet
2387 4118 2568 4183 finibus
2600 4118 2758 4183 (quusi

376 4201 534 4261 uncie)
579 4201 964 4250 circumscribere.
1012 4200 1168 4250 Aliter
1203 4200 1301 4250 016.
1337 4200 1442 4250 002.
1481 4199 1741 4250 8.11.26:
1786 4199 2072 4254 mummius
2102 4201 2219 4248 111166
2255 4199 2401 4248 vestri
2435 4198 2627 4264 imperii
2661 4215 2755 4250 11611

374 4287 534 4333 terrae
566 4283 646 4332 sed
677 4283 799 4332 caeli
831 4282 1092 4346 reqionibuo
1126 4280 1454 4340 terminavit'',
1489 4285 1538 4330 et
1573 4281 1717 4330 Catil.
1754 4283 1801 4330 4.
1823 4281 1901 4329 10.
1923 4281 2009 4330 812
2046 4279 2326 4344 Pompeius,
2356 4280 2583 4330 66166166
2600 4286 2756 4346 gestae

375 4370 520 4430 atque
569 4366 773 4414 virtutes
823 4365 998 4414 eisdem
1047 4363 1218 4428 quibu·
1269 4364 1383 4414 66116
1429 4379 1594 4413 eureus
1640 4362 1902 4426 regionibus
1936 4379 1991 4411 66
2025 4362 2245 4412 terminis
2279 4362 2643 4422 eontinentur'';
2683 4364 2757 4414 1116

377 4448 497 4500 louis
531 4448 746 4513 regione·
778 4450 891 4498 nunt
923 4450 1082 4512 parte·
1115 4446 1258 4505 66611,
1297 4445 1471 4496 Oriens
1505 4449 1554 4494 et
1586 4445 1834 4494 Occidens.
