3192 5009
1152 284 1566 341 somoms.
2467 270 2549 338 15

590 458 676 527 95
723 461 1076 539 Γεθσεμανῆ
1123 456 1373 536 τέμενος
1425 455 1714 538 λαμπρὸν
1759 455 1941 522 ἀείδω
1961 504 1980 537 ,

723 567 864 634 ἔνθα
907 566 1166 633 τέτυκτο
1213 564 1416 646 τάφος
1464 561 1651 644 μητρὶ
1703 565 1874 630 θεοῖο.

817 662 1294 768 Ῠνχοτερπέως
1337 680 1642 766 τρυφῴην.

901 798 1147 879 τέμενος
1197 804 1265 877 y·
1313 798 1472 863 ἐπὰν
1518 796 1799 877 παρέλθω

902 906 973 972 τὸ
1021 904 1387 985 δεδεγμένον
1432 903 1503 972 τὸ
1549 910 1733 983 σῶμα

543 1012 678 1080 100
901 1014 1147 1095 ΜαρΙης
1196 1012 1323 1079 θεὸν
1368 1011 1684 1090 τεκούσης.

787 1128 932 1221 ΨΩ
979 1150 1185 1231 γλυκὺ
1231 1158 1468 1221 πλεῒςα
1515 1149 1726 1224 πέλεις
1744 1200 1761 1230 ,
1810 1146 2023 1231 ἔξοχον
2067 1146 2228 1234 οὖρος
2246 1200 2267 1229 ,

809 1266 1024 1348 Χριςδς
1072 1260 1201 1331 ὅθεν
1244 1262 1475 1344 μεδέων
1523 1261 1767 1343 οὐρανὸν
1815 1256 1965 1329 ἷκεν.

297 1431 652 1493 insomni,
687 1432 735 1483 d.
767 1430 832 1483 27
865 1446 931 1482 m.
966 1429 1241 1482 ombri-
1277 1428 1426 1491 187⁶,

357 1514 623 1565 mat-vi
655 1514 703 1565 d.
738 1514 802 1565 18
835 1527 902 1565 m.
934 1514 1140 1579 Augusti
1177 1514 1322 1565 18⁹0.

1267 1872 1494 1923 mmo.

285 2036 667 2128 Euthydem.
727 2060 790 2127 p.
841 2036 974 2105 303
999 2061 1030 2103 e
1085 2037 1374 2105 Socrates
1420 2036 1821 2105 dialecticam
1864 2037 2265 2125 Euthydemi
2312 2043 2377 2105 et
2420 2034 2567 2104 Dio-

223 2146 478 2232 nysodori
523 2147 960 2234 sophistarum
995 2150 1201 2211 artem
1240 2148 1330 2211 sic
1365 2148 1601 2211 ironice
1640 2144 1898 2211 laudat:
1940 2148 2008 2211 τὸ
2049 2144 2111 2210 δὲ
2150 2146 2223 2223 δη
2248 2147 2564 2230 μέγιστον,

223 2248 288 2317 ὅτι
326 2259 536 2320 ταῦτα
585 2250 770 2327 οὕτως
820 2250 954 2333 ἔχει
1002 2252 1146 2330 ὑμῖν
1193 2252 1297 2318 καὶ
1347 2258 1641 2335 τεχνικῶς
1689 2251 2051 2333 ἐξηύρηται,
2097 2250 2244 2318 ὥστ’
2286 2252 2347 2317 ἐν
2404 2251 2568 2318 πάνυ

221 2358 374 2441 ὅλίγιρ
434 2358 643 2443 χρόνῳ
705 2357 960 2425 ὁντινοῦν
1024 2357 1100 2423 ἂν
1161 2357 1380 2437 μαθεῖν
1442 2357 1782 2445 ἀνθρώπων,
1832 2356 2022 2437 ἔγνων
2067 2356 2271 2439 ἔγωγε
2320 2358 2425 2425 καὶ
2473 2360 2561 2439 τῷ

224 2467 538 2548 Κτησίππῳ
585 2466 692 2532 τὸν
737 2470 866 2531 νοῦν
910 2465 1249 2548 προσέχων.

286 2571 540 2660 Optime
630 2579 959 2638 senserunt
1042 2570 1386 2638 Schanzius
1469 2577 1536 2637 et
1624 2571 1988 2639 Badhamus
2056 2575 2297 2640 vitium
2363 2575 2569 2639 inesse

217 2680 370 2745 verbo
424 2680 574 2761 ἔχει
592 2728 608 2758 ,
671 2685 1054 2766 quapropter
1112 2672 1182 2743 εὖ
1243 2676 1375 2759 ἔχει
1437 2682 1771 2764 proposuit
1832 2680 2120 2746 Badham
2134 2702 2152 2759 3
2219 2686 2287 2746 at
2352 2683 2570 2767 ipsum

215 2786 446 2853 verbum
513 2786 669 2852 ferri
713 2806 839 2851 non
885 2806 1068 2872 posse
1115 2787 1496 2872 perspiciens
1541 2784 1887 2851 Schanzius
1933 2786 2146 2852 solum
2195 2783 2262 2853 εὖ
2307 2790 2571 2873 rescrip-

216 2893 276 2956 sit
316 2930 398 2942 —
442 2894 615 2959 bene
675 2892 844 2978 quod
903 2892 984 2957 ad
1045 2912 1304 2958 sensum
1321 2940 1338 2969 ‚
1394 2891 1505 2957 sed
1550 2914 1679 2957 non
1725 2894 1879 2958 satis
1928 2892 2339 2978 probabiliter
2354 2915 2371 2973 ;
2420 2915 2571 2959 nam

215 3002 252 3061 εἰ
297 3002 386 3065 ita
441 2998 763 3085 refingere
823 2996 1044 3064 licebit
1105 3018 1266 3084 quae
1329 3002 1480 3063 sunt
1535 2998 1771 3063 tradita
1787 3047 1803 3077 ‚
1850 3001 1921 3063 in
1968 3003 2153 3064 textu
2196 3004 2572 3086 praesertim

215 3108 424 3189 optime
489 3110 750 3171 servato
814 3103 1020 3191 qualis
1078 3109 1176 3169 est
1236 3103 1606 3170 Platonicus
1624 3155 1640 3184 ,
1704 3104 1859 3191 quid
1903 3107 2038 3169 iam
2083 3108 2207 3170 erit
2250 3104 2575 3172 vetitum?

218 3212 404 3293 quidni
469 3217 682 3284 καλῶς
749 3212 1203 3277 substituimus
1263 3210 1372 3277 vel
1421 3208 1681 3284 ὥπλῶςῖ
1744 3212 1879 3277 Aut
1925 3215 2185 3299 egregie
2232 3212 2417 3280 fallor
2462 3220 2575 3280 aut

212 3314 366 3385 Plato
415 3318 720 3385 dederat:
759 3314 947 3391 οὕτως
991 3317 1280 3399 ὑπέρευ
1322 3319 1466 3396 ὑμῖν
1503 3318 1609 3382 καὶ
1649 3324 1945 3400 τεχνικῶς
1987 3316 2333 3400 ἐξηύρηται,
2359 3342 2576 3407 quem-

211 3422 542 3491 admodum
588 3423 845 3491 Theaet.
898 3424 1026 3490 185
1051 3426 1097 3489 d
1138 3425 1414 3511 legitur:
1486 3424 1783 3505 ,,ὖπέρευ,
1849 3420 1892 3488 ὦ
1943 3425 2286 3513 Θεαίτητε,
2328 3429 2579 3493 ἀκολου-

210 3532 372 3603 Ιεῒς”.
443 3532 702 3619 Nempe
745 3532 1035 3599 fraudem
1081 3532 1230 3597 fecit
1271 3530 1548 3597 librariis
1593 3537 1746 3597 nota
1788 3529 1981 3618 paulo
2026 3534 2227 3597 rarior
2266 3538 2582 3621 praeposi-

211 3638 378 3704 tionis
425 3638 607 3719 ὑπὲρ,
658 3636 908 3705 litterae
955 3662 1008 3719 χ
1057 3642 1161 3705 cui
1196 3640 1266 3703 in
1305 3638 1510 3704 fronte
1549 3638 1887 3704 adhaereat
1923 3664 1952 3704 ε
1993 3637 2102 3705 vel
2138 3663 2183 3703 α
2224 3640 2573 3723 simillima,

211 3765 384 3829 quam
457 3748 670 3833 signis
739 3746 1224 3833 typographicis
1285 3746 1441 3811 satis
1501 3750 1649 3832 apte
1712 3748 2067 3832 exprimere
2131 3745 2385 3813 difficile
2402 3795 2419 3826 ‚
2468 3748 2579 3815 sed

209 3859 486 3920 accurate
561 3851 944 3919 delineatam
1011 3856 1328 3940 reperient
1398 3851 1665 3919 lectores
1734 3853 1906 3939 apud
1973 3852 2265 3919 Bastium
2326 3854 2575 3922 Comm.

211 3956 551 4047 Epigraph.
599 3960 729 4025 tab.
779 3958 918 4040 VII,
969 3959 1053 4025 14
1101 3966 1274 4048 (pag.
1325 3958 1457 4025 846
1481 3967 1625 4046 sq.),
1690 3957 2136 4027 Gardthausen
2204 3960 2581 4051 Palaeogra-

211 4066 342 4150 phie
386 4092 454 4155 p.
505 4066 661 4146 260,
725 4065 798 4131 Τ.
844 4064 945 4133 W.
992 4066 1181 4133 Allen
1240 4066 1731 4133 Abbreviations
1777 4068 1847 4131 in
1892 4064 2105 4133 Greek
2147 4064 2582 4156 Manuscripts

213 4169 374 4239 1889
424 4197 494 4262 p.
544 4172 632 4241 25
683 4172 880 4260 (plats
921 4172 1038 4253 IX,
1086 4174 1219 4241 vid.
1269 4176 1467 4240 etiam
1512 4173 1597 4254 X,
1651 4174 1739 4255 1).

1957 4294 2018 4362 J.
2066 4314 2129 4363 v.
2176 4294 2252 4363 L.
2298 4296 2359 4365 J.
2383 4315 2441 4365 r.

1213 4447 1590 4459 ————--———-
