3192 5009
587 329 720 400 274
1528 353 2023 402 memoramus.

681 517 979 586 Ceterum
1023 521 1215 586 huius
1259 523 1434 585 initii
1479 526 1764 586 tenorem
1809 521 1953 586 aliis
1998 521 2210 586 verbis
2256 521 2589 604 prrianus
2640 522 2707 584 in
2742 517 2959 584 libello

589 624 665 690 de
712 627 920 690 habitu
967 627 1265 708 viminum
1308 629 1603 692 imitatus
1663 635 1793 692 est:
1856 627 2210 710 Discipbina
2267 633 2458 690 custos
2515 627 2645 708 spei
2662 675 2679 703 ,
2742 625 2965 688 retina-

586 733 780 795 cubum
832 733 996 816 fidei
1012 782 1029 810 ,
1100 735 1224 796 dua·
1284 734 1524 797 itineris
1583 734 1877 797 sabataris
1893 782 1908 810 ,
1956 734 2164 819 fomes
2190 740 2268 796 et
2313 732 2735 796 nutrimentum
2780 732 2967 794 bonae

583 837 810 901 indobis
827 887 844 915 ,
895 839 1184 920 mayistra
1227 839 1472 904 virtutis
1486 892 1504 922 ,
1537 841 1718 926 facit
1762 840 1831 903 in
1884 840 2115 903 Christo
2160 861 2397 903 manere
2439 861 2667 921 semper
2704 861 2775 901 ac
2806 839 2970 918 ἐαρί-

583 951 674 1008 ter
716 945 844 1009 Deo
892 946 1089 1009 vivere
1106 994 1122 1023 ‚
1173 947 1256 1009 ad
1287 947 1586 1028 promissa
1634 946 1915 1010 caelestia
1962 953 2020 1010 et
2066 945 2278 1009 divina
2314 945 2595 1028 praemia
2620 943 2966 1028 pervenire.

585 1050 684 1116 Ad
751 1052 1022 1117 verbum
1091 1053 1219 1118 fere
1278 1053 1472 1118 verba
1535 1051 1916 1118 Tertulliani
1980 1055 2291 1138 expressit
2354 1059 2578 1117 auctor
2638 1049 2839 1115 libelli
2892 1051 2971 1112 de

582 1158 727 1222 bono
754 1158 1100 1240 pudicitiae
1125 1158 1196 1239 ¹),
1239 1161 1349 1244 qui
1389 1159 1601 1224 editur
1622 1163 1685 1224 in
1717 1159 2013 1245 operibus
2037 1161 2271 1245 spuriis
2290 1207 2307 1234 ,
2334 1179 2495 1244 quae
2520 1159 2639 1222 sub
2671 1157 2971 1242 Cypriani

582 1267 838 1329 nomine
894 1266 1203 1344 feruntur,
1262 1288 1313 1331 c.
1366 1265 1407 1332 3
1451 1266 1759 1349 pudicitia
1804 1275 1891 1331 est
1935 1268 2120 1330 honor
2166 1288 2471 1348 corporum
2490 1314 2507 1343 ‚
2556 1270 2969 1328 ornamentum

585 1393 804 1434 morum
821 1421 837 1449 ‚
899 1371 1190 1436 sanctitas
1246 1395 1486 1436 sexuum
1503 1423 1519 1450 ,
1568 1373 1869 1436 vinculum
1916 1373 2421 1437 matrimoniorum
2438 1421 2455 1448 ‚
2489 1373 2657 1454 fides
2686 1370 2934 1451 yemis
2956 1419 2973 1447 ,

575 1479 1092 1561 propuynacubum
1119 1479 1398 1561 pudoris,
1424 1481 1586 1565 fons
1625 1479 1943 1556 castitatis,
1973 1502 2107 1562 pax
2144 1479 2364 1556 domm,
2391 1477 2739 1542 concordiae
2760 1483 2969 1558 capnt.

679 1704 742 1767 p.
793 1680 946 1746 219.
980 1680 1083 1747 15.
1137 1684 1246 1747 sed
1285 1683 1509 1747 viderit
1552 1684 1779 1747 saeculi
1810 1683 2126 1766 pudicitia
2171 1707 2299 1746 cum
2342 1682 2577 1746 sacculo
2622 1681 2752 1764 ipso
2772 1727 2789 1755 ‚
2834 1703 2976 1742 cum

584 1811 689 1852 suo
743 1789 988 1869 ⁴inqem‘o
1049 1789 1106 1852 si
1151 1790 1518 1867 nascebatur,
1567 1813 1695 1854 cum
1737 1812 1843 1852 suo
1888 1791 2087 1852 studio
2133 1790 2189 1852 si
2234 1789 2637 1865 erudiebatur,
2686 1809 2813 1850 cum
2854 1807 2977 1848 sno

584 1896 828 1959 servitio
888 1896 944 1958 si
1003 1898 1313 1977 coqebatur
1362 1935 1446 1946 —
1493 1897 1619 1959 nisi
1662 1899 1821 1981 quod
1863 1896 2183 1981 infebicior
2228 1896 2407 1959 etiam
2422 1943 2438 1972 ‚
2482 1896 2539 1958 si
2583 1893 2841 1956 stetisset
2892 1899 2971 1954 ut

587 2003 972 2088 infructuosa
989 2051 1004 2079 ‚
1076 2025 1226 2088 quae
1293 2025 1410 2066 non
1475 2004 1643 2085 apud
1702 2006 1871 2066 deum
1934 2003 2163 2084 eqisset.
2228 2002 2433 2064 malim
2476 2000 2711 2063 nullum
2755 2000 2973 2062 bonnm

589 2131 762 2192 quam
817 2131 1052 2172 vanum.
1115 2109 1266 2194 quid
1297 2111 1548 2192 prodest
1596 2132 1753 2186 esse,
1800 2111 1958 2194 quod
2000 2131 2120 2172 non
2152 2105 2445 2190 prodest?
2499 2145 2585 2156 —-
2630 2113 2973 2170 nostrornm.

587 2215 860 2278 bonorum
908 2223 1102 2279 status
1147 2216 1267 2278 iam
1314 2217 1617 2296 merqitur,
1666 2215 2043 2279 Christianae
2066 2215 2411 2298 pudicitiae
2449 2213 2607 2276 ratio
2631 2210 2979 2276 concutitur

586 2327 694 2384 cet.
747 2321 1152 2386 Parenthesis
1192 2341 1384 2407 quam
1423 2321 1701 2386 indicavi
1724 2324 2185 2387 sententiarum
2210 2328 2494 2386 tenorem
2518 2317 2975 2383 dilucidiorem

595 2425 834 2490 reddet.
883 2427 1028 2492 Non
1072 2431 1292 2513 agitur
1336 2449 1504 2492 nunc
1549 2427 1626 2492 de
1670 2427 1982 2512 pudicitia
2028 2427 2333 2492 saeculari
2350 2448 2367 2505 3
2420 2425 2783 2492 Christiana
2828 2426 2973 2487 iam

583 2535 792 2597 virtus
829 2535 898 2596 in
938 2533 1218 2618 periculo
1257 2540 1582 2599 versatur:
1632 2535 1866 2599 viderit
1918 2533 2155 2600 saeculi
2201 2533 2545 2619 pudicitia:
2592 2537 2971 2596 nostrorum

583 2637 897 2703 bonorum
956 2645 1161 2705 status
1223 2643 1355 2704 iam
1416 2643 1754 2726 mergitur.
1821 2639 2053 2706 Vereor
2098 2661 2177 2705 ne
2223 2661 2297 2704 ea
2314 2689 2331 2716 ,
2381 2659 2543 2724 quae
2587 2659 2702 2722 per
2748 2656 2975 2721 paren-

585 2745 795 2809 thesin
839 2751 990 2810 sunt
1036 2749 1272 2811 inserta
1290 2795 1305 2824 ,
1353 2749 1584 2813 misere
1632 2750 1761 2812 sint
1806 2751 2136 2832 corrupta,
2186 2767 2389 2831 neque
2438 2751 2655 2808 tamen
2694 2741 2972 2807 sanandi

583 2854 896 2916 rationem
959 2855 1236 2916 invenio.
1303 2851 1583 2917 Tantum
1644 2855 1950 2937 suspicari
2010 2851 2162 2916 licet
2224 2873 2302 2916 ex
2347 2849 2683 2916 vocubulis
2728 2848 2973 2934 iqfelis

585 2962 648 3022 et
707 2956 1089 3042 infructuosa
1135 2956 1607 3023 Tertullianum
1654 2958 2029 3044 pudicitiam
2076 2957 2315 3022 saeculi
2360 2979 2511 3022 cum
2558 2957 2776 3022 arbore
2826 2976 2977 3020 con-

584 3062 846 3140 tulisse,
909 3085 1070 3150 quae
1131 3086 1258 3129 non
1319 3065 1578 3150 quidem
1638 3085 1897 3148 prorsus
1961 3063 2197 3128 sterilis
2260 3063 2453 3128 fuerit
2472 3110 2489 3140 ,
2554 3083 2679 3126 non
2742 3067 2973 3125 tamen

583 3170 830 3236 fructus
891 3191 1094 3255 neque
1155 3177 1291 3235 tam
1352 3174 1667 3256 copios05,
1734 3191 1938 3254 neque
2002 3177 2135 3234 tam
2194 3169 2395 3234 laetos
2438 3167 2716 3260 tulerit,
2766 3188 2973 3252 quam

586 3276 870 3354 tulisset,
935 3279 992 3340 si
1049 3298 1126 3340 ex
1174 3276 1288 3341 deo
1336 3279 1654 3364 originem
1700 3275 2004 3340 duxisset.
2054 3275 2190 3340 Hos
2238 3283 2455 3340 autem
2502 3275 2748 3338 fructus
2796 3294 2977 3358 spre-

583 3385 750 3447 visse
797 3381 1054 3447 videtur
1097 3381 1532 3447 Tertullianus
1579 3387 1645 3446 et
1682 3381 2056 3466 praetulisse
2098 3381 2385 3446 arborem
2424 3379 2756 3445 fructuum
2794 3399 2979 3464 pror-

585 3510 693 3554 sus
753 3495 1082 3573 expertem
1145 3488 1464 3554 fertilitati
1517 3511 1582 3553 u.
1608 3491 1653 3552 i.
1681 3488 1740 3553 d.
1802 3489 2121 3552 saeculari.
2185 3487 2366 3567 Quod
2428 3490 2483 3551 si
2527 3507 2757 3553 verum
2804 3488 2935 3550 erit
2954 3535 2973 3562 ‚

587 3595 848 3661 fortasse
892 3592 1273 3680 legendum:
1339 3595 1460 3656 nisi
1505 3595 1665 3679 quod
1710 3593 2026 3680 infelicior
2071 3594 2249 3657 etiam
2267 3644 2283 3671 ,
2332 3598 2625 3678 (quam)
2674 3592 2729 3654 si
2772 3592 2977 3655 stetis-

584 3709 672 3766 set
709 3708 777 3764 ut
816 3698 946 3780 (vel
963 3698 1015 3780 Y)
1043 3698 1094 3780 ²)
1131 3700 1535 3785 infructuosa,
1585 3723 1737 3784 quae
1782 3723 1899 3763 non
1944 3703 2111 3782 apud
2154 3702 2325 3764 deum
2364 3701 2701 3778 (radices)
2720 3698 2970 3780 effi-sset.

655 3911 706 3972 l)
759 3911 929 3960 Obiter
979 3911 1234 3961 observabo
1283 3912 1500 3961 einsdnm
1545 3911 1699 3960 libelli
1743 3929 1783 3961 c.
1821 3913 1853 3960 8
1900 3912 1997 3975 (ed.
2034 3911 2227 3961 Rei-tel.
2262 3928 2307 3976 p.
2349 3910 2427 3959 20.
2452 3911 2507 3972 ⁹)
2550 3909 2629 3970 ubi
2664 3910 2720 3958 de
2756 3909 2971 3975 Iosepho

581 3993 816 4043 castitatis
851 3993 1066 4059 exemplo
1100 3994 1279 4058 agitur.
1309 4009 1424 4058 pro=
1459 3994 1544 4058 qui
1575 3993 1628 4042 in
1658 3995 1791 4042 dono
1823 3995 1975 4043 minor
2008 4010 2111 4043 cun
2138 3994 2345 4057 periculo
2373 3995 2574 4058 fter-at,
2608 3993 2767 4056 regiae
2798 3993 2973 4042 domas

581 4078 684 4126 sine
710 4077 918 4139 periculo
949 4075 1162 4125 dominus
1193 4077 1392 4140 effectus
1425 4079 1522 4134 est,
1557 4073 1853 4124 scribendum
1890 4076 2065 4125 videri:
2102 4077 2187 4140 qui
2220 4077 2271 4124 iu
2304 4078 2437 4124 domo
2476 4075 2775 4132 <minoi-is>
2808 4075 2976 4124 nitor

579 4159 700 4222 (τοὶς
741 4157 951 4207 ministri
985 4157 1222 4222 minister)
1257 4173 1361 4206 cum
1393 4157 1613 4220 periculo.
1648 4156 1824 4206 Liboni
1856 4158 2077 4216 initium,
2108 4158 2149 4207 ei
2179 4158 2294 4207 licet
2320 4157 2541 4208 insistere
2570 4157 2771 4221 vestigia
2784 4158 2971 4208 codicis

577 4240 789 4290 Parisini
831 4239 898 4288 sic
942 4241 1041 4288 fere
1085 4239 1442 4288 constituerim:
1489 4241 1554 4288 Ec
1597 4240 1688 4302 ipsi
1730 4255 1805 4288 vos
1848 4239 1983 4289 scitis
2020 4241 2242 4297 <fratres
2276 4239 2581 4299 carissimi>‚
2627 4245 2742 4288 tunc
2772 4242 2971 4304 quando

577 4325 707 4387 apud
737 4338 814 4372 voe
835 4338 1054 4385 praesens
1079 4337 1218 4371 essm
1246 4321 1516 4388 <qnanto>
1544 4327 1671 4370 metu
1698 4323 1934 4386 <ess-em>
1963 4322 2089 4387 (velz
2120 4321 2445 4386 <quantum>
2478 4325 2743 4378 muron,
2776 4320 2965 4381 (Lim-i:

578 4405 731 4468 netz)
766 4406 954 4470 aliquas
988 4405 1245 4472 officiorum
1278 4419 1478 4454 meorum
1508 4407 1672 4466 partes
1700 4405 1997 4467 praeter-isne.

648 4491 706 4556 2)
753 4491 825 4540 vel
866 4487 1128 4538 infructosa
1173 4486 1205 4536 i.
1223 4501 1263 4536 e.
1311 4486 1350 4534 si
1385 4485 1577 4550 quidem
1612 4501 1737 4536 veros
1770 4485 1954 4536 fruetus
1990 4487 2115 4536 ferre
2147 4502 2241 4536 nou
2274 4489 2448 4552 posset.
2493 4487 2601 4547 701,
2638 4489 2693 4536 ut
2727 4485 2969 4536 hodierno
