3192 5009
1104 286 1398 336 omnum
1442 287 1798 336 smnnmn.
2514 268 2646 338 363

628 456 861 529 Συήνην
900 451 957 518 δ’
986 452 1214 518 ὀλέσειε
1235 502 1252 531 ,
1295 454 1516 532 μέγα
1554 459 1719 534 φῶς
1759 459 1837 534 (a.
1875 453 2114 534 Φάος)
2157 453 2513 528 Αἰθιοπήων.

274 560 367 625 Ad
428 560 807 646 productam
863 559 1124 625 brevem
1172 557 1489 645 syllabam
1535 562 1606 624 in
1652 559 1830 637 μέγα
1877 559 1956 625 cf.
2009 558 2158 625 140.
2187 559 2340 624 356.
2381 558 2463 625 al.
2513 565 2643 631 Φῶς

274 673 363 731 est
404 669 475 730 in
520 666 731 731 codice
776 664 852 730 P.

354 769 411 835 V
448 771 582 836 214
629 771 811 854 μύρεο
858 771 963 836 καὶ
1010 771 1110 849 σύ,
1160 771 1431 850 Κόρινθε,
1480 772 1585 836 τὸν
1629 773 1706 835 ἐν
1751 771 1874 837 σοὶ
1924 771 2150 852 λυγρὸν
2195 771 2448 853 ὄλεθρον.

276 877 529 942 Frustra
574 877 783 943 Rzach
828 883 1105 964 temptat
1149 877 1253 942 σὸν
1300 876 1519 957 ὄψεαι,
1568 898 1721 944 nam
1768 885 1834 943 et
1878 877 2149 958 μύρομαι
2190 899 2342 943 cum
2380 879 2648 944 Accusa-

270 987 398 1049 tivo
458 990 630 1050 recte
687 985 880 1049 habet
941 989 1007 1050 et
1069 984 1129 1047 ἐν
1188 983 1277 1048 σο)
1300 1031 1317 1061 ,
1372 987 1415 1048 i.
1444 1005 1498 1049 e.
1546 984 1616 1047 in
1665 985 1787 1047 tude
1831 985 2146 1048 moenibus.
2197 981 2292 1051 Gf.
2338 983 2505 1049 infra
2547 1004 2643 1048 vs.

274 1087 647 1156 390—393.

348 1195 404 1260 V
444 1195 579 1262 269
628 1196 698 1260 ἐκ
744 1202 1036 1276 μικρῆς
1084 1195 1445 1272 στενότητος
1494 1192 1618 1260 ὅσοι
1666 1195 1990 1275 καμάτους
2041 1189 2396 1274 ὑπέμειναν,

620 1303 877 1368 πλείονα
928 1302 1033 1367 καὶ
1079 1304 1387 1383 χαρίεντα
1434 1301 1688 1367 καλὸν
1737 1301 2071 1381 ἄρξουσι
2119 1301 2358 1367 δίκαιοι.

268 1408 577 1475 Friedlieb
623 1407 774 1474 κάλ’
826 1407 1117 1486 ἀνάξουσι
1158 1411 1429 1475 coniecit
1468 1407 1829 1487 infeliciter,
1870 1407 2105 1474 melius
2143 1409 2316 1474 καλά
2355 1407 2645 1487 πρήξουσι

266 1515 615 1581 Alexandro
634 1565 650 1593 ‚
700 1516 907 1585 καλῶς
944 1513 1141 1591 ἕξουσι
1183 1515 1407 1592 editor,
1450 1514 1622 1600 quod
1660 1514 2005 1581 Alexandri
2043 1517 2439 1580 coniecturae
2477 1521 2649 1600 post-

268 1622 482 1687 habeo.
533 1620 659 1688 Sed
704 1624 819 1687 vix
862 1641 1093 1687 sanum
1137 1625 1207 1686 in
1251 1643 1348 1687 vs.
1398 1641 1770 1709 praegresso
1816 1629 2030 1702 μικρῆς
2053 1669 2070 1699 ,
2111 1643 2226 1708 pro
2265 1642 2392 1708 quo
2430 1623 2646 1707 potius

266 1737 549 1805 πικρῆς
598 1733 991 1814 expectatur.

348 1833 401 1898 V
440 1832 576 1899 293
624 1834 977 1914 Ἀρτέμιδος
1026 1833 1208 1908 σηκὸς
1255 1834 1529 1915 Ἐφέσου
1578 1833 1965 1910 πηγνύμενος
2021 1883 2034 1897 .
2066 1881 2080 1898 .
2114 1881 2129 1897 .
2159 1879 2172 1897 .

622 1939 922 2021 χάσμασι
976 1941 1081 2004 καὶ
1130 1939 1438 2017 σεισμοῒσί
1486 1941 1618 2004 ποθ’
1663 1936 1862 2017 ἵξεται
1913 1940 1998 2011 εἷς
2046 1935 2178 2005 ἅλα
2229 1938 2438 2013 δεινήν.

272 2045 425 2125 Quia
496 2045 736 2112 Dianae
805 2046 1129 2132 templum
1190 2068 1315 2112 non
1375 2049 1443 2111 in
1506 2047 1665 2112 urbe
1726 2046 1837 2111 sed
1898 2051 2078 2111 extra
2136 2047 2388 2110 moenia
2447 2045 2644 2111 fuisse

268 2157 541 2230 constat,
587 2152 761 2218 haud
805 2153 976 2218 male
1020 2152 1319 2218 lacunam
1362 2152 1619 2238 expleas
1664 2173 1820 2218 voce
1867 2153 2059 2232 ἀγρῷ.

346 2257 401 2321 V
440 2257 577 2324 308
623 2257 804 2334 Κύμη
859 2258 911 2323 3·
958 2259 993 2333 ἧ
1039 2260 1249 2339 μωρῆ
1298 2258 1409 2323 σὺν
1456 2259 1730 2334 νάμασιν
1777 2253 1860 2329 οἷς
1912 2256 2325 2326 θεοπνεύστοις
2375 2257 2504 2321 κτὲ.

267 2363 523 2431 Temere
584 2364 790 2430 editor
849 2367 1193 2450 temptavit
1245 2365 1303 2428 δ’
1353 2364 1686 2443 αἱνόμορος.
1736 2363 2092 2430 Notissima
2137 2370 2235 2430 est
2280 2369 2346 2429 et
2389 2382 2646 2449 prover·

268 2469 441 2535 bialis
490 2470 662 2556 apud
710 2473 1032 2556 sequiores
1080 2468 1514 2557 Cymaeorum
1562 2469 1900 2535 stoliditas.

346 2575 567 2663 Magis
612 2583 986 2663 suspectum
1033 2581 1131 2642 est
1176 2579 1461 2656 προδώσει
1509 2598 1605 2642 vs.
1658 2575 1825 2642 310:

622 2683 822 2747 οὐκέτι
870 2684 1084 2747 τόσσον
1135 2681 1195 2755 ἐς
1241 2683 1451 2762 αἰθέρα
1500 2685 1668 2762 ῥῆμα
1716 2680 2142 2762 προδώσει,

266 2787 367 2852 ubi
410 2794 704 2874 expectes
752 2790 1105 2868 προησει.

343 2892 447 2958 Vs.
520 2893 651 2959 312
714 2893 821 2958 καὶ
885 2894 1017 2958 τότ’
1080 2891 1475 2968 άναιάξουσιν
1538 2894 1689 2970 ὁμοῦ
1753 2893 2187 2967 κακότητα
2249 2892 2638 2969 μένοντες

264 3019 378 3063 non
436 3005 605 3065 recte
663 2999 875 3065 Rzach
920 3002 1189 3085 requirit
1236 2998 1544 3080 φυγόντες
1564 3047 1581 3077 ,
1634 3001 1746 3084 qui
1792 3001 2090 3064 Aoristus
2136 3019 2214 3063 ne
2266 3005 2454 3084 aptus
2503 3002 2642 3084 qui-

265 3102 399 3168 dem
416 3153 431 3183 ‚
484 3108 636 3191 quia
683 3108 793 3191 qui
838 3107 971 3180 iam
1018 3105 1379 3192 effugerunt
1418 3104 1589 3171 mala
1627 3125 1752 3170 non
1789 3104 2069 3189 amplius
2104 3103 2368 3168 eiulant.
2419 3104 2642 3169 Μένον-

266 3233 355 3281 τες
416 3211 591 3278 valet
656 3212 1094 3290 ὑπομένοντες,
1160 3219 1237 3277 ut
1297 3233 1491 3297 supra
1552 3209 1638 3278 '75
1702 3211 1876 3277 α’λλὰ
1941 3215 2397 3290 ταλαιπωροῦσι
2460 3210 2636 3276 κακοὶ

267 3317 683 3391 κακότητα
732 3317 1144 3393 μένοντες.

344 3420 396 3486 V
443 3422 577 3488 316
627 3420 825 3487 παῦεο
871 3424 1095 3500 κώμου.
1146 3422 1245 3487 Ad
1294 3425 1458 3509 sing.
1510 3443 1689 3486 num.
1741 3422 1817 3486 cf.
1864 3420 1995 3486 394
2045 3428 2243 3499 κῶμον
2289 3421 2546 3502 ἔχουσα.

344 3527 397 3592 V
437 3527 570 3594 325
618 3529 901 3604 Μίλητον
948 3530 1249 3608 τρυφερην
1294 3531 1526 3593 α’πολεῒ
1569 3527 1842 3607 πρηστιὶρ
1890 3530 2029 3592 ποτ’
2077 3527 2320 3606 ἄνωθεν,

615 3635 746 3699 ἄνθ’
796 3630 871 3698 ὦν
918 3631 1117 3700 εἵλετο
1165 3635 1275 3710 τῆν
1320 3634 1547 3711 Φοίβου
1595 3633 1926 3699 δολόεσσαν
1975 3633 2176 3709 άοιδην

611 3741 724 3815 τήν
774 3765 844 3804 τε
892 3743 1088 3820 σοφὴν
1136 3740 1359 3821 ἀνδρῶν
1407 3739 1676 3816 μελέτην
1725 3740 1830 3805 καὶ
1879 3737 2246 3821 σώφρονα
2294 3739 2546 3816 βουλήν.

274 3845 460 3926 Σοφός
530 3866 714 3932 saepe
762 3847 899 3912 vidi
946 3867 1133 3912 sensu
1184 3849 1401 3912 minus
1447 3845 1757 3913 laudabili
1800 3845 2168 3912 calliditatis
2215 3852 2604 3933 usurpatum
2619 3895 2636 3926 ,

273 3953 535 4031 σώφρονα
586 3973 960 4039 numquam.
1011 3952 1190 4019 Num
1234 3953 1400 4018 forte
1448 3952 1760 4034 δύσφρονα
1807 3952 2054 4019 dixerat
2099 3949 2330 4040 poeta?

348 4055 400 4121 V
450 4057 582 4122 353
631 4057 726 4125 Cf.
776 4057 934 4124 Pars
979 4061 1441 4146 grammatica,
1490 4079 1640 4146 pag.
1692 4056 1843 4123 350.

351 4163 401 4228 V
446 4163 577 4228 354
620 4166 806 4243 άρνῶν
854 4165 943 4240 ἥδ’
990 4165 1122 4229 δίων
1168 4163 1425 4245 μόσχων
1472 4167 1530 4229 τ’
1574 4163 1900 4242 άγέλας
1951 4164 2245 4242 ἐριμύκων

616 4268 1079 4350 ε’κθυσιάζοντας
1129 4270 1460 4352 μόσχων
1505 4269 1900 4348 μεγάλων
1949 4269 2345 4353 κεροχρύσων.

282 4371 369 4440 Sic
422 4375 569 4442 libri
590 4425 605 4455 ‚
671 4379 794 4443 nisi
858 4377 1026 4463 quod
1086 4380 1275 4442 tertia
1337 4377 1553 4443 classis
1600 4376 1868 4455 μεγάλω
1915 4375 2192 4443 exhibet.
2255 4377 2383 4443 Pro
2429 4378 2640 4444 verbis
