3192 5009
585 257 718 327 232
1379 276 1463 326 1111
1508 276 1659 326 mm:
1708 274 2161 326 onnuwrunm.

582 453 646 511 et
694 445 980 509 tribunos
1000 492 1015 520 ,
1064 450 1365 530 cogerent
1410 444 1742 509 hominem
1793 447 1903 530 qui
1951 446 2084 509 suis
2132 444 2317 508 factis
2367 442 2658 529 exlegem
2711 460 2780 506 se
2828 442 2957 525 ipse

582 552 851 617 fecisset.
898 548 1123 635 Itaque
1170 550 1289 615 hac
1335 552 1579 616 ratione
1627 556 1886 617 senatus
1905 600 1920 629 ,
1971 554 2027 615 si
2073 570 2330 616 summa
2367 548 2540 615 salus
2576 545 2958 635 reipublicae

580 661 639 724 ei
711 657 1041 743 deposcere
1104 658 1445 722 videbatur
1465 652 1581 721 'ut
1645 657 1722 723 de
1785 657 2000 743 aliqua
2066 679 2134 723 re
2183 658 2264 723 ad
2305 655 2618 743 populum
2665 655 2956 728 ferretur,

579 768 778 830 etiam
839 765 1051 829 conari
1110 769 1361 849 poterat
1424 764 1666 829 efficere
1730 774 1808 829 'ne
1872 767 2015 850 quis
2064 785 2207 829 eam
2251 766 2652 851 rogationem
2700 763 2961 826 interce-

580 871 782 936 dendo
846 876 960 935 aut
1020 870 1097 935 de
1145 870 1317 935 caelo
1370 871 1677 935 servando
1725 871 2087 957 impediret.
2136 870 2440 937 Formula
2483 869 2676 935 huius
2727 868 2960 933 decreti

575 976 947 1042 huiusmodi
1014 980 1183 1041 erat:
1264 981 1602 1054 „senatum
1671 981 2043 1043 existimare
2111 981 2438 1043 neminem
2509 996 2738 1043 eorum
2758 1025 2776 1052 ,
2853 974 2956 1059 qui

574 1089 957 1170 potestatem
996 1083 1233 1149 habent
1270 1084 1739 1162 intercedendi,
1781 1085 2208 1170 impediendi,
2251 1105 2501 1151 moram
2541 1084 2762 1149 afferre
2787 1102 2959 1166 opor-

576 1198 744 1268 tere,
811 1192 1154 1276 quominus
1213 1190 1292 1255 de
1354 1211 1427 1256 ea
1486 1212 1554 1256 re
1603 1191 1681 1255 ad
1727 1191 2044 1278 populum
2092 1198 2230 1271 (aut
2277 1191 2560 1277 plebem)
2607 1190 2856 1255 feratur
2898 1193 2956 1251 et

573 1296 678 1362 lex
742 1296 853 1362 fiat
870 1316 886 1373 ;
951 1298 1065 1381 qui
1109 1297 1478 1382 impedierit
1496 1346 1511 1375 ,
1566 1297 2000 1383 prohibuerit,
2051 1320 2202 1364 eum
2251 1306 2549 1364 senatum
2591 1298 2955 1362 existimare

572 1411 788 1469 contra
834 1402 1301 1487 rempublicam
1339 1404 1605 1469 fecisse’'
1637 1406 1706 1484 ¹).
1757 1404 1883 1470 Sed
1920 1408 2131 1471 nescio
2171 1426 2251 1471 an
2289 1404 2546 1469 nullum
2585 1400 2954 1487 exemplum

571 1506 945 1575 huiusmodi
1009 1506 1245 1575 SenCti
1291 1516 1464 1580 extet
1511 1514 1579 1575 in
1627 1532 1753 1597 quo
1801 1512 2024 1575 diserte
2067 1518 2568 1577 commemorata
2613 1510 2815 1574 fuerit
2859 1508 2956 1571 ob-

573 1619 917 1681 nuntiatio.
965 1615 1245 1682 Unicum
1294 1617 1667 1703 exemplum
1686 1667 1702 1696 ,
1752 1618 1830 1683 de
1878 1640 2002 1704 quo
2049 1622 2188 1704 ipso
2234 1620 2648 1685 vehementer
2695 1615 2952 1690 dubito,

574 1725 855 1789 cernitur
899 1724 962 1785 in
1017 1720 1263 1789 SenCto
1315 1724 1485 1809 quod
1530 1724 1775 1789 factum
1824 1731 1921 1789 est
1961 1746 2017 1789 a.
2061 1722 2166 1802 57,
2209 1724 2512 1811 postridie
2552 1742 2750 1809 quam
2791 1740 2956 1785 sena-

576 1835 681 1894 tus
745 1826 1033 1893 consules
1097 1831 1371 1894 iusserat
1414 1828 1630 1917 legem
1678 1832 2103 1896 centuriatam
2149 1830 2354 1896 facere
2403 1830 2480 1895 de
2525 1829 2741 1894 reditu
2789 1824 2956 1894 Cice-

572 1940 776 2014 ronis,
826 1956 987 2021 quae
1032 1934 1139 2001 lex
1184 1934 1399 2021 paullo
1446 1944 1666 2021 postea
1711 1935 1956 2022 perlata
2003 1944 2100 2002 est
2144 1937 2350 2023 pridie
2387 1936 2550 2002 Non.
2592 1934 2771 2001 Sext.
2821 1932 2952 1997 Hoc

572 2037 903 2109 SenCtum
966 2063 1003 2107 a
1049 2039 1349 2108 Cicerone
1395 2043 1605 2107 tribus
1649 2041 1804 2107 locis
1853 2042 2132 2108 relatum
2181 2049 2313 2120 est,
2363 2043 2474 2109 sed
2518 2041 2660 2107 aliis
2708 2060 2953 2125 semper

569 2149 903 2216 vocabulis
951 2156 1329 2215 exornatum
1346 2169 1363 2227 3
1413 2150 1580 2213 mihi
1628 2169 1701 2213 ea
1745 2150 1953 2215 forma
1998 2171 2123 2235 (1116
2167 2150 2238 2213 id
2277 2147 2508 2216 Senot.
2547 2151 2614 2213 in
2653 2148 2949 2213 Orat-ione

569 2263 715 2343 post
776 2256 1057 2321 reditum
1116 2258 1185 2320 in
1232 2260 1457 2320 senatu
1499 2255 1720 2320 habita
1766 2277 2140 2342 expressum
2189 2262 2287 2321 est
2311 2253 2385 2335 ⁸),
2432 2258 2501 2320 in
2547 2274 2672 2340 qua
2721 2255 2951 2320 obnun-

568 2365 852 2429 tiationis
893 2369 959 2427 et
994 2364 1461 2428 intercessionis
1500 2365 1741 2428 mentio
1781 2362 1946 2428 facta
1987 2385 2102 2426 non
2140 2368 2238 2428 est
2258 2411 2272 2438 ,
2309 2364 2518 2428 verior
2541 2384 2675 2427 esse
2702 2361 2952 2425 videtur

569 2492 765 2557 quam
812 2467 1011 2534 altera
1058 2469 1262 2534 forma
1306 2472 1376 2533 in
1422 2490 1547 2555 qua
1586 2466 1805 2536 Cicero
1847 2469 2003 2534 dicit
2040 2472 2241 2535 etiam
2280 2469 2512 2534 diserte
2535 2468 2950 2533 interdictum

568 2577 761 2641 fuisse
805 2596 884 2640 ne
932 2576 1075 2661 quis
1125 2574 1200 2640 de
1247 2574 1419 2641 caelo
1466 2582 1748 2641 servaret
1777 2572 1863 2656 ⁸);
1913 2581 1976 2640 et
2023 2596 2165 2640 eam
2215 2576 2295 2641 ob
2344 2596 2604 2641 causam
2651 2573 2910 2661 quidem
2931 2619 2946 2646 ,

567 2685 721 2770 quia
778 2688 925 2747 ante
988 2702 1230 2746 annum
1289 2681 1395 2746 lex
1459 2680 1682 2748 Clodia
1741 2686 2036 2747 vetuerat
2095 2684 2462 2747 obnuntiari
2523 2688 2588 2747 et
2644 2677 2948 2746 intercedi

566 2812 718 2857 cum
785 2787 961 2875 leges
1030 2789 1382 2867 ferrentur;
1449 2787 1611 2854 hanc
1670 2788 1887 2875 legem
1949 2786 2168 2856 Cicero
2232 2789 2495 2875 quidem
2558 2790 2693 2853 suis
2739 2786 2945 2852 verbis

566 2896 840 2961 libenter
888 2893 1182 2982 neglegit
1228 2894 1365 2974 (cfr.
1415 2915 1587 2980 supr.
1633 2915 1778 2982 pag.
1830 2894 1914 2959 81
1957 2894 2099 2959 adn.
2148 2895 2181 2960 1
2228 2900 2292 2961 61
2333 2916 2482 2981 pag.
2528 2893 2705 2973 100),
2749 2910 2945 2978 neque

567 3025 709 3070 eam
770 3024 1022 3087 semper
1075 3002 1289 3067 verbis
1354 3002 1716 3067 observavit
1777 3010 2034 3067 senatus
2092 3002 2248 3082 (vid.
2298 3002 2476 3082 infr.)
2494 3023 2509 3079 ;
2579 3001 2691 3067 sed
2739 3008 2944 3065 tamen

566 3133 717 3176 cum
784 3112 958 3195 optio
1030 3108 1317 3173 facienda
1385 3109 1566 3174 nobis
1627 3112 1748 3187 sit,
1813 3108 2015 3174 nolim
2079 3112 2215 3174 sine
2275 3130 2466 3174 causa
2511 3107 2764 3174 credere
2811 3126 2946 3172 eam

563 3217 781 3304 legem
837 3217 906 3280 in
959 3212 1208 3280 SenCto
1273 3218 1423 3279 anni
1469 3212 1554 3280 57
1601 3218 1736 3279 iam
1780 3218 1874 3280 ita
1920 3214 2282 3302 neglectam
2329 3236 2465 3280 esse
2512 3220 2588 3278 ut
2634 3214 2867 3278 diserte
2912 3230 2946 3273 a

566 3328 792 3390 senatu
837 3328 1322 3407 praeca-veretur
1368 3323 1535 3408 quod
1578 3324 1648 3386 in
1695 3344 1768 3387 ea
1807 3321 1953 3409 lege
1993 3343 2071 3387 ne
2111 3321 2290 3387 fieret
2326 3322 2728 3407 prohibitum
2765 3323 2942 3386 esset.

659 3428 784 3496 Sed
844 3433 922 3493 111
982 3430 1116 3493 iam
1176 3428 1281 3505 ad
1317 3432 1738 3515 magistratus
1801 3427 2091 3506 redeam,
2154 3448 2403 3494 11606666
2465 3432 2562 3491 661
2607 3433 2684 3491 111
2726 3430 2830 3490 ius
2873 3422 2945 3487 de

568 3535 739 3603 caelo
804 3534 1099 3600 servandi
1144 3536 1651 3620 magistratuum
1696 3536 1846 3614 (nisi
1893 3534 1969 3599 de
2001 3554 2083 3599 ea
2128 3555 2194 3599 re
2240 3533 2481 3620 aliquid
2524 3536 2680 3600 novi
2727 3532 2946 3597 consti-

566 3645 798 3709 tuisset
855 3640 961 3707 lex
1024 3640 1338 3725 specialis)
1385 3648 1645 3707 eatenus
1693 3662 1943 3726 semper
1990 3642 2255 3726 reprimi
2297 3642 2582 3727 potuerit
2629 3662 2667 3705 6
2713 3641 2944 3705 maiore

637 3916 685 3975 1)
734 3914 808 3964 Cf.
856 3912 953 3962 Cic.
1000 3910 1113 3961 fem.
1150 3911 1195 3961 8.
1218 3912 1263 3959 8.
1286 3912 1343 3969 6;
1392 3912 1495 3959 Att.
1531 3910 1722 3969 4.2.4;
1775 3908 1990 3959 Herenu.
2035 3910 2078 3960 1.
2101 3910 2180 3959 12.
2203 3910 2283 3959 21.
2337 3936 2401 3947 —-
2455 3909 2510 3973 Β)
2546 3908 2646 3959 cie.
2680 3926 2728 3976 p.
2764 3909 2860 3959 red.
2895 3908 2941 3957 in

563 4012 663 4047 sen.
702 3996 779 4045 11.
818 3994 905 4047 272
964 3992 1297 4052 decrevistis,
1345 4008 1403 4041 ue
1448 3992 1556 4055 quis
1603 3990 1703 4042 ulla
1746 3993 1933 4041 ratione
1977 4008 2079 4041 rem
2125 3992 2411 4057 impediret:
2444 3991 2528 4056 qni
2565 3991 2614 4040 id
2649 3991 2938 4057 impedisset.

565 4078 781 4143 graviter
814 4092 897 4125 vos
933 4076 1223 4139 molesteque
1257 4072 1465 4133 laturosg
1502 4074 1645 4124 illum
1677 4078 1844 4124 contra
1878 4072 2220 4140 rempublicam
2253 4072 2550 4138 salutemque
2582 4073 2814 4123 bonorum
2841 4088 2942 4122 eon·

565 4160 871 4223 cordiumque
906 4158 1083 4208 civium
1117 4157 1385 4215 facturum,
1422 4158 1471 4206 et
1506 4158 1561 4205 ut
1596 4157 1656 4206 ad
1689 4172 1773 4206 vos
1805 4158 1862 4206 de
1897 4173 1954 4207 eo
1987 4157 2154 4207 statim
2182 4152 2496 4207 referretur.”
2531 4155 2636 4207 err.
2655 4156 2753 4206 Pis.
2775 4156 2940 4206 11165.

566 4271 633 4281 —
668 4243 722 4306 3)
758 4241 855 4290 Cic.
890 4242 1006 4289 Sest.
1047 4241 1128 4290 cl.
1148 4240 1273 4289 129:
1316 4238 1576 4304 -postridie
1612 4240 1856 4289 decretum
1889 4278 1900 4289 .
1923 4278 1935 4289 .
1959 4280 1970 4289 .
2008 4255 2066 4289 ue
2099 4238 2208 4304 quis
2241 4239 2297 4288 de
2329 4236 2460 4289 eaelo
2493 4242 2723 4297 servaret,
2757 4254 2814 4288 ne
2841 4237 2942 4303 quis

564 4340 751 4376 morsm
800 4322 945 4371 allam
992 4323 1212 4382 afferren
1256 4322 1297 4371 si
1340 4322 1448 4387 quis
1483 4321 1628 4371 aliter
1658 4321 1871 4383 fecisset,
1907 4339 2016 4373 eum
2049 4323 2192 4389 plane
2226 4338 2493 4373 eversorem
2528 4320 2813 4386 reipublic-e
2845 4322 2942 4371 fore

562 4410 708 4473 idque
740 4408 959 4456 senatum
992 4403 1270 4469 gravissime
1306 4404 1548 4465 laturum,
1582 4407 1634 4455 et
1669 4409 1724 4456 ut
1757 4406 1924 4457 statim
1957 4407 2015 4455 de
2050 4406 2152 4457 eius
2184 4406 2310 4456 fecto
2343 4403 2656 4456 referretur.”
