3192 5009
617 200 747 268 108
1414 222 1499 268 DE
1543 221 1694 268 mna
1742 221 2194 268 onmmmnm.

616 387 854 451 trativa
892 391 957 453 et
996 384 1276 451 oblativa
1315 408 1450 453 esse
1491 386 1729 466 credit,
1768 408 1919 452 cum
1942 393 2111 452 recte
2135 391 2356 452 caveat
2378 407 2457 452 ne
2479 407 2674 452 usum
2697 388 3040 474 impetra-

610 494 895 559 tivorum
935 493 1249 559 adscribat
1284 495 1560 560 tribunis
1599 494 1804 581 plebis
1839 494 1982 575 (hoc
2018 497 2193 560 enim
2233 493 2404 580 apud
2449 515 2667 560 omnes
2713 498 3036 560 constare

615 600 802 666 debet
819 649 835 678 ,
888 600 1177 664 tribunos
1214 621 1573 685 numquam
1623 603 2002 686 impetrasse
2049 603 2262 687 signa)
2283 650 2300 679 ,
2352 603 2699 666 necessario
2745 621 2822 665 60
2879 621 3038 685 per-

608 709 787 772 venit
848 712 924 772 ut
986 711 1262 784 statuat,
1326 707 1675 773 formulam
1735 707 1853 785 »(16
1902 706 2074 772 66610
2123 707 2416 772 servare'’
2467 729 2592 772 non
2639 705 3034 794 significare

611 814 785 878 idem
855 813 1021 899 quod
1093 813 1213 889 „de
1275 811 1449 878 caelo
1506 813 1888 898 auspicari’',
1952 819 2017 879 et
2063 813 2338 879 fulmina
2386 813 2462 878 de
2509 814 2742 900 quibus
2793 834 3032 878 sermo

610 924 696 986 sit
766 923 833 985 in
900 920 1016 985 illa
1082 920 1360 985 formula
1429 941 1563 986 esse
1633 920 1913 986 oblativa
1930 969 1946 998 ,
2021 926 2086 986 et
2154 921 2489 986 tribunum
2558 920 2766 1006 plebis
2841 941 3020 985 cum

606 1028 775 1093 dicat
846 1026 966 1104 „de
1037 1025 1209 1092 caelo
1280 1026 1586 1092 servabo'’
1662 1026 1976 1092 affirmare
2047 1048 2112 1092 se
2176 1032 2346 1092 certo
2408 1025 2510 1092 die
2579 1022 2800 1091 futuro
2881 1025 3019 1091 fu]-

605 1155 755 1198 men
807 1132 1086 1219 fortuito
1147 1153 1284 1198 6666
1344 1139 1836 1218 conspecturum
1853 1154 1869 1211 3
1939 1139 2005 1198 et
2066 1134 2186 1198 hoc
2245 1154 2394 1198 sane
2445 1138 2542 1198 est
2589 1131 3030 1218 impudenter

605 1241 996 1305 mentientis.
1048 1237 1173 1303 Sed
1220 1245 1294 1304 ut
1341 1241 1473 1304 iam
1522 1261 1716 1326 supra
1762 1243 1988 1304 monui
2041 1244 2214 1326 (pag.
2266 1237 2354 1304 80
2400 1263 2463 1304 11.
2515 1239 2604 1320 2),
2659 1239 2780 1317 »(16
2827 1238 3024 1304 66610

610 1344 903 1412 servare”
972 1344 1136 1409 nihil
1199 1344 1377 1410 aliud
1438 1352 1534 1411 est
1581 1367 1780 1431 quam
1831 1345 1950 1423 „de
1998 1344 2171 1410 caelo
2219 1344 2600 1432 auspicari”,
2652 1351 2716 1411 et
2765 1366 2838 1412 66
2892 1346 3029 1411 for-

610 1451 792 1518 mula
852 1457 1167 1536 quatenus
1230 1472 1267 1516 a
1326 1453 1606 1516 tribunis
1670 1452 2009 1518 adhibetur
2055 1455 2334 1538 pertinet
2383 1452 2462 1518 ad
2509 1452 2751 1516 tertium
2795 1473 3024 1538 genus

609 1557 959 1625 fulminum
982 1606 997 1635 ,
1068 1557 1239 1642 quod
1299 1579 1504 1642 neque
1568 1562 1654 1623 sit
1714 1562 2208 1645 impetrativum
2229 1609 2245 1638 ,
2294 1581 2498 1645 neque
2547 1559 2814 1624 fortuito
2867 1579 3028 1622 con·

612 1668 922 1751 spectum.
994 1661 1257 1729 Servius
1307 1667 1481 1729 enim
1528 1665 1720 1742 dicit,
1771 1668 2335 1752 auguriorum
2384 1685 2518 1731 6666
2567 1665 2692 1729 (1110
2737 1685 3020 1752 genera,

609 1771 1024 1856 impetrativa
1092 1775 1156 1834 et
1215 1768 1527 1848 oblativa,
1594 1777 1661 1836 et
1724 1779 2052 1857 praeterea
2098 1776 2434 1858 tamquam
2481 1773 2750 1837 tertium
2796 1791 3020 1857 genus

612 1877 903 1964 agnoscit
950 1877 1376 1960 auspicia,
1427 1898 1588 1961 quae
1637 1877 1860 1943 sedulo
1910 1878 2254 1965 distinguit
2303 1879 2380 1944 ab
2421 1879 2732 1963 auguriis.
2783 1877 3020 1963 Augu-

610 1986 707 2048 ria
774 1989 1045 2066 utraque
1117 1983 1288 2069 apud
1360 1982 1664 2049 Servium
1726 1987 2046 2070 pertinent
2112 1984 2192 2049 ad
2256 2005 2363 2049 eos
2427 1986 2541 2069 qui
2603 1985 3016 2070 auspicantes

610 2091 797 2174 618116
836 2094 1151 2173 quaerunt
1162 2109 1177 2166 3
1221 2109 1371 2152 cum
1410 2091 1858 2175 impetrativa,
1905 2093 1950 2155 i.
1978 2111 2032 2156 e.
2073 2111 2185 2174 per
2232 2089 2398 2177 legis
2451 2089 2799 2154 dictionem
2843 2111 3016 2154 nun-

610 2200 843 2281 cupata
900 2199 965 2259 et
1024 2197 1091 2259 in
1154 2193 1561 2260 tabernaculo
1629 2197 1963 2262 observata
1983 2245 1997 2272 ,
2049 2217 2210 2282 quae
2256 2199 2483 2282 utique
2531 2195 2806 2261 secunda
2849 2204 3013 2261 sunt

612 2304 669 2366 si
714 2305 1054 2386 apparent,
1105 2300 1340 2384 quibus
1387 2299 1507 2365 soli
1554 2304 1975 2388 magistratus
2023 2304 2276 2387 patricii
2316 2309 2627 2381 utuntur3
2669 2309 2816 2367 tum
2851 2324 3012 2369 vero

612 2410 810 2474 etiam
869 2408 1142 2491 auguria
1204 2405 1489 2471 oblativa
1535 2413 1724 2493 (quae
1774 2429 1812 2472 a
1854 2408 2039 2473 nobis
2090 2408 2261 2473 dicta
2309 2413 2462 2473 sunt
2509 2410 2792 2494 auspicia
2837 2407 3012 2474 obla-

611 2516 747 2579 tiva
784 2515 1117 2598 quaesita),
1155 2514 1198 2575 i.
1228 2532 1281 2576 6.
1325 2515 1461 2578 61116
1504 2512 1672 2599 16816
1723 2514 1998 2578 dictione
2040 2520 2104 2579 et
2143 2516 2278 2579 61116
2319 2513 2723 2580 tabernaculo
2749 2517 3010 2600 conqui-

614 2624 771 2696 sita,
812 2641 976 2706 quae
1014 2622 1211 2684 etiam
1260 2618 1524 2685 adversa
1571 2643 1706 2687 esse
1753 2626 2049 2706 possunt;
2099 2623 2255 2687 11666
2297 2624 2352 2685 61
2393 2621 2470 2687 (16
2509 2619 2683 2687 66610
2721 2627 2900 2687 erant
2937 2629 3009 2688 et

614 2728 1026 2793 comitiorum
1072 2723 1178 2791 vel
1224 2725 1639 2791 conciliorum
1689 2748 1878 2792 causa
1925 2730 2245 2812 quaesita,
2295 2727 2374 2793 ad
2413 2729 2704 2794 tribunos
2741 2726 2828 2813 pl.
2870 2749 3008 2813 per-

610 2836 944 2898 tinuerunt
964 2881 979 2910 ,
1046 2831 1156 2896 sed
1218 2852 1370 2896 cum
1429 2832 1500 2897 hi
1563 2832 1818 2897 nullum
1884 2837 2216 2919 proprium
2281 2835 2384 2898 ius
2445 2832 2754 2900 haberent
2798 2836 3008 2919 auspi—

613 2940 796 3008 candi
814 2990 829 3019 ,
911 2960 1163 3005 necesse
1227 2944 1362 3003 erat
1408 2941 1511 3002 ius
1558 2939 1766 3002 horum
1815 2942 2247 3026 auspiciorum
2295 2941 2370 3002 de
2417 2939 2578 3002 eaelo
2627 2938 3007 3026 quaerendo-

612 3069 795 3124 rum,
864 3045 1033 3131 quod
1094 3046 1391 3111 omnibus
1456 3049 1568 3130 qui
1632 3048 2054 3132 magistratus
2118 3066 2243 3110 non
2292 3052 2502 3110 essent
2548 3044 2695 3133 1686
2745 3045 3004 3131 speciali

615 3154 992 3238 ademptum
1038 3157 1174 3216 erat
1217 3157 1479 3238 propter
1522 3155 1663 3217 vim
1711 3151 2002 3217 fulminis
2042 3151 2455 3230 comitialem,
2499 3155 2591 3218 eis
2628 3151 2773 3239 1686
2812 3157 3002 3239 speci-

616 3261 703 3326 ali
763 3259 1239 3334 attribueretur,
1307 3263 1371 3322 et
1416 3258 1483 3322 id
1527 3260 1746 3343 ipsum
1796 3278 1851 3322 a.
1904 3257 2034 3322 449
2084 3259 2327 3324 factum
2377 3280 2511 3324 esse
2561 3258 2747 3324 claris
2792 3261 3000 3325 verbis

616 3366 889 3431 affirmat
958 3363 1230 3428 Zonaras
1250 3413 1265 3440 ,
1338 3371 1413 3428 ut
1483 3364 1674 3429 modo
1748 3363 2223 3442 demonstravi,
2299 3368 2484 3430 cuius
2555 3367 3000 3431 auctoritatem

616 3474 779 3538 hanc
840 3470 1044 3536 solam
1108 3471 1188 3534 ob
1252 3490 1509 3535 causam
1570 3473 1928 3537 reiecerunt
1985 3473 2111 3535 viri
2157 3471 2360 3549 docti,
2410 3471 2579 3556 quod
2626 3476 2839 3536 totum
2881 3472 2998 3538 1106

615 3599 821 3666 8611116
886 3579 1319 3662 auspiciorum
1380 3579 1747 3642 omiserant.
1799 3578 1897 3642 Ab
1943 3578 2046 3641 his
2091 3573 2282 3663 101186
2330 3577 2581 3643 diversa
2625 3585 2776 3642 sunt
2821 3579 2998 3664 signa

616 3706 776 3771 quae
822 3683 1099 3766 auspicia
1140 3703 1177 3747 a
1214 3681 1437 3748 Servio
1480 3683 1800 3760 dicuntur,
1847 3704 2008 3770 quae
2052 3703 2090 3748 6
2126 3683 2307 3748 1101116
2347 3683 2516 3748 dicta
2557 3689 2708 3749 sunt
2727 3685 2996 3770 fortuito

614 3797 923 3874 conspecta
942 3839 957 3866 ,
1021 3809 1182 3873 quae
1246 3791 1567 3873 pertinent
1613 3789 1693 3855 ad
1740 3811 2017 3877 augures
2066 3796 2130 3854 et
2177 3789 2257 3854 ad
2305 3811 2524 3855 omnes
2573 3793 2687 3875 qui
2731 3811 2854 3854 non
2893 3811 2998 3855 au-

615 3903 945 3984 spicantur
976 3892 1043 3975 ¹).
1117 3893 1340 3980 Itaque
1412 3899 1523 3982 qui
1586 3896 1744 3961 dicit
1810 3917 1919 3973 »66
1986 3896 2064 3960 (16
2125 3895 2298 3961 66610
2345 3903 2755 3961 servaturum
2802 3897 2990 3974 esse”,

614 4004 778 4069 nihil
848 4001 1123 4068 affirmat
1196 4000 1365 4085 quod
1426 4023 1549 4066 non
1616 4005 1814 4088 possit
1878 4005 2017 4089 ipse
2081 4002 2249 4067 facto
2308 4003 2678 4068 confirmare
2740 4024 2884 4068 cum
2919 4025 2993 4069 ex

613 4112 817 4196 ipsius
871 4106 1195 4174 voluntate
1243 4107 1361 4172 hoc
1411 4106 1715 4193 pendeat,
1757 4129 1960 4194 neque
1999 4110 2066 4172 in
2108 4110 2352 4173 ratione
2391 4107 2567 4173 illius
2600 4107 2794 4174 edicti
2831 4111 2998 4196 quid-

694 4370 749 4432 1)
790 4368 893 4418 vid.
934 4369 1170 4418 Mnemon.
1210 4369 1356 4418 xvn
1392 4385 1499 4434 pag.
1533 4367 1816 4417 419-428.
