<?xml version="1.0" encoding="UTF-8"?>
<!DOCTYPE html PUBLIC "-//W3C//DTD XHTML 1.0 Transitional//EN"
    "http://www.w3.org/TR/xhtml1/DTD/xhtml1-transitional.dtd">
<html xmlns="http://www.w3.org/1999/xhtml" xml:lang="en" lang="en">
 <head>
  <title>
</title>
<meta http-equiv="Content-Type" content="text/html;charset=utf-8" />
  <meta name='ocr-system' content='tesseract 3.04.00' />
  <meta name='ocr-capabilities' content='ocr_page ocr_carea ocr_par ocr_line ocrx_word'/>
</head>
<body>
  <div class='ocr_page' id='page_1' title='image "./mnemosyne07servgoog_0764.png"; bbox 0 0 3192 5009; ppageno 0'>
   <div class='ocr_carea' id='block_1_1' title="bbox 549 320 1990 394">
    <p class='ocr_par' dir='ltr' id='par_1_1' title="bbox 549 320 1990 394">
     <span class='ocr_line' id='line_1_1' title="bbox 549 320 1990 394; baseline -0.001 -1"><span class='ocrx_word' id='word_1_1' title='bbox 549 320 682 393; x_wconf 77' lang='lat'><strong>284</strong></span> <span class='ocrx_word' id='word_1_2' title='bbox 1493 342 1990 394; x_wconf 64' lang='lat' dir='ltr'><strong>rna-rums.</strong></span> 
     </span>
    </p>
   </div>
   <div class='ocr_carea' id='block_1_2' title="bbox 548 505 2941 1016">
    <p class='ocr_par' dir='ltr' id='par_1_2' title="bbox 548 505 2941 1016">
     <span class='ocr_line' id='line_1_2' title="bbox 550 505 2927 589; baseline -0 -15"><span class='ocrx_word' id='word_1_3' title='bbox 550 509 611 574; x_wconf 77' lang='grc' dir='ltr'><strong>δὲ</strong></span> <span class='ocrx_word' id='word_1_4' title='bbox 675 509 905 582; x_wconf 74' lang='grc' dir='ltr'><strong><em>πάντες</em></strong></span> <span class='ocrx_word' id='word_1_5' title='bbox 972 510 1074 574; x_wconf 74' lang='grc' dir='ltr'><strong>καὶ</strong></span> <span class='ocrx_word' id='word_1_6' title='bbox 1122 512 1170 575; x_wconf 74' lang='grc' dir='ltr'><strong>οἱ</strong></span> <span class='ocrx_word' id='word_1_7' title='bbox 1219 510 1652 589; x_wconf 73' lang='grc' dir='ltr'><strong>ἐπιδημοῦντες</strong></span> <span class='ocrx_word' id='word_1_8' title='bbox 1700 509 1849 587; x_wconf 74' lang='grc' dir='ltr'><strong><em>ξένοι</em></strong></span> <span class='ocrx_word' id='word_1_9' title='bbox 1896 513 1980 582; x_wconf 78' lang='grc' dir='ltr'><strong>εἰς</strong></span> <span class='ocrx_word' id='word_1_10' title='bbox 2031 510 2197 575; x_wconf 77' lang='grc' dir='ltr'><strong><em>οὐδὲν</em></strong></span> <span class='ocrx_word' id='word_1_11' title='bbox 2244 505 2438 586; x_wconf 79' lang='grc' dir='ltr'><strong><em>ἕτερον</em></strong></span> <span class='ocrx_word' id='word_1_12' title='bbox 2487 509 2817 588; x_wconf 73' lang='grc' dir='ltr'><strong><em>εὐκαίρουν,</em></strong></span> <span class='ocrx_word' id='word_1_13' title='bbox 2882 508 2927 582; x_wconf 72' lang='grc' dir='ltr'><strong><em>ἦ</em></strong></span> 
     </span>
     <span class='ocr_line' id='line_1_3' title="bbox 550 613 2937 697; baseline -0 -18"><span class='ocrx_word' id='word_1_14' title='bbox 550 613 756 694; x_wconf 73' lang='grc' dir='ltr'><strong><em>λέγειν</em></strong></span> <span class='ocrx_word' id='word_1_15' title='bbox 798 641 858 680; x_wconf 79' lang='grc' dir='ltr'><strong>τι</strong></span> <span class='ocrx_word' id='word_1_16' title='bbox 901 618 1004 680; x_wconf 63' lang='grc' dir='ltr'><strong>καὶ</strong></span> <span class='ocrx_word' id='word_1_17' title='bbox 1046 618 1287 681; x_wconf 69' lang='grc' dir='ltr'><strong><em>ἀκούειν</em></strong></span> <span class='ocrx_word' id='word_1_18' title='bbox 1330 619 1684 697; x_wconf 75' lang='grc' dir='ltr'><strong><em>καινότερον.</em></strong></span> <span class='ocrx_word' id='word_1_19' title='bbox 1726 618 1803 684; x_wconf 85' lang='lat' dir='ltr'><strong>cf.</strong></span> <span class='ocrx_word' id='word_1_20' title='bbox 1845 617 1877 682; x_wconf 92' lang='lat' dir='ltr'>I</span> <span class='ocrx_word' id='word_1_21' title='bbox 1918 615 2205 684; x_wconf 77' lang='lat' dir='ltr'><strong>Corinth.</strong></span> <span class='ocrx_word' id='word_1_22' title='bbox 2242 615 2345 679; x_wconf 91' lang='lat'><strong>14.</strong></span> <span class='ocrx_word' id='word_1_23' title='bbox 2380 614 2483 680; x_wconf 88' lang='grc'><strong>10.</strong></span> <span class='ocrx_word' id='word_1_24' title='bbox 2527 620 2824 691; x_wconf 73' lang='grc' dir='ltr'><strong>τοσαῦτα,</strong></span> <span class='ocrx_word' id='word_1_25' title='bbox 2872 615 2937 678; x_wconf 79' lang='grc' dir='ltr'><strong>εἰ</strong></span> 
     </span>
     <span class='ocr_line' id='line_1_4' title="bbox 548 718 2941 803; baseline -0 -18"><span class='ocrx_word' id='word_1_26' title='bbox 548 723 765 802; x_wconf 75' lang='grc' dir='ltr'><strong><em>τύχοι,</em></strong></span> <span class='ocrx_word' id='word_1_27' title='bbox 807 725 955 798; x_wconf 74' lang='grc' dir='ltr'><strong>γένη</strong></span> <span class='ocrx_word' id='word_1_28' title='bbox 999 730 1209 803; x_wconf 83' lang='grc' dir='ltr'><strong><em>Φωνῶν</em></strong></span> <span class='ocrx_word' id='word_1_29' title='bbox 1249 724 1416 788; x_wconf 73' lang='grc' dir='ltr'><strong><em>ἐστὶν</em></strong></span> <span class='ocrx_word' id='word_1_30' title='bbox 1456 725 1516 787; x_wconf 73' lang='grc' dir='ltr'><strong>ἐν</strong></span> <span class='ocrx_word' id='word_1_31' title='bbox 1554 725 1786 802; x_wconf 78' lang='grc' dir='ltr'><strong><em>κόσμῳ,</em></strong></span> <span class='ocrx_word' id='word_1_32' title='bbox 1828 723 1933 787; x_wconf 73' lang='grc' dir='ltr'><strong>καὶ</strong></span> <span class='ocrx_word' id='word_1_33' title='bbox 1973 723 2139 788; x_wconf 79' lang='grc' dir='ltr'><strong><em>οὐδὲν</em></strong></span> <span class='ocrx_word' id='word_1_34' title='bbox 2165 724 2361 786; x_wconf 73' lang='grc' dir='ltr'><strong><em>αὐτῶν</em></strong></span> <span class='ocrx_word' id='word_1_35' title='bbox 2386 719 2648 800; x_wconf 73' lang='grc' dir='ltr'><strong>ἄφωνον.</strong></span> <span class='ocrx_word' id='word_1_36' title='bbox 2702 718 2803 786; x_wconf 88' lang='grc'><strong>18.</strong></span> <span class='ocrx_word' id='word_1_37' title='bbox 2826 723 2941 784; x_wconf 79' lang='grc' dir='ltr'><strong>εὖ·</strong></span> 
     </span>
     <span class='ocr_line' id='line_1_5' title="bbox 550 825 2941 910; baseline -0.001 -19"><span class='ocrx_word' id='word_1_38' title='bbox 550 835 826 906; x_wconf 74' lang='grc' dir='ltr'><strong><em>χαριστῶ</em></strong></span> <span class='ocrx_word' id='word_1_39' title='bbox 867 831 948 908; x_wconf 77' lang='grc' dir='ltr'><strong>τῷ</strong></span> <span class='ocrx_word' id='word_1_40' title='bbox 991 831 1098 910; x_wconf 75' lang='grc' dir='ltr'><strong>θεῷ</strong></span> <span class='ocrx_word' id='word_1_41' title='bbox 1137 853 1278 907; x_wconf 77' lang='grc' dir='ltr'><strong>μου,</strong></span> <span class='ocrx_word' id='word_1_42' title='bbox 1321 831 1562 894; x_wconf 71' lang='grc' dir='ltr'><strong><em>πάντων</em></strong></span> <span class='ocrx_word' id='word_1_43' title='bbox 1608 831 1771 904; x_wconf 80' lang='grc' dir='ltr'><strong><em>ὑμῶν</em></strong></span> <span class='ocrx_word' id='word_1_44' title='bbox 1808 834 2055 905; x_wconf 73' lang='grc' dir='ltr'><strong><em>μᾶλλον</em></strong></span> <span class='ocrx_word' id='word_1_45' title='bbox 2086 829 2404 906; x_wconf 69' lang='grc' dir='ltr'><strong>γλώσσαις</strong></span> <span class='ocrx_word' id='word_1_46' title='bbox 2428 833 2658 891; x_wconf 74' lang='grc' dir='ltr'><strong>λαλῶν.</strong></span> <span class='ocrx_word' id='word_1_47' title='bbox 2685 863 2769 874; x_wconf 95' lang='grc'>-</span> <span class='ocrx_word' id='word_1_48' title='bbox 2794 825 2941 889; x_wconf 73' lang='lat' dir='ltr'><strong>Noe</strong></span> 
     </span>
     <span class='ocr_line' id='line_1_6' title="bbox 549 933 2937 1016; baseline -0.001 -20"><span class='ocrx_word' id='word_1_49' title='bbox 549 939 694 996; x_wconf 75' lang='lat' dir='ltr'><strong>teste</strong></span> <span class='ocrx_word' id='word_1_50' title='bbox 729 935 992 1016; x_wconf 70' lang='lat' dir='ltr'><strong>apostolo</strong></span> <span class='ocrx_word' id='word_1_51' title='bbox 1041 935 1296 1000; x_wconf 78' lang='lat' dir='ltr'><strong>omnium</strong></span> <span class='ocrx_word' id='word_1_52' title='bbox 1341 958 1542 1000; x_wconf 76' lang='lat' dir='ltr'><strong>vocum</strong></span> <span class='ocrx_word' id='word_1_53' title='bbox 1583 938 1801 1013; x_wconf 69' lang='lat' dir='ltr'><strong>modos,</strong></span> <span class='ocrx_word' id='word_1_54' title='bbox 1844 935 2097 1000; x_wconf 76' lang='lat' dir='ltr'><strong>omnium</strong></span> <span class='ocrx_word' id='word_1_55' title='bbox 2127 956 2351 1016; x_wconf 72' lang='lat' dir='ltr'><strong>qenero-</strong></span> <span class='ocrx_word' id='word_1_56' title='bbox 2388 933 2729 1014; x_wconf 73' lang='lat' dir='ltr'><strong>binquarnm</strong></span> <span class='ocrx_word' id='word_1_57' title='bbox 2752 955 2791 994; x_wconf 89' lang='lat' dir='ltr'><strong>a</strong></span> <span class='ocrx_word' id='word_1_58' title='bbox 2812 933 2937 994; x_wconf 81' lang='lat' dir='ltr'><strong>deo</strong></span> 
     </span>
    </p>
   </div>
   <div class='ocr_carea' id='block_1_3' title="bbox 449 1038 2935 1127">
    <p class='ocr_par' dir='ltr' id='par_1_3' title="bbox 449 1038 2935 1127">
     <span class='ocr_line' id='line_1_7' title="bbox 449 1038 2935 1127; baseline 0.001 -28"><span class='ocrx_word' id='word_1_59' title='bbox 449 1077 456 1082; x_wconf 85' lang='lat'>-</span> <span class='ocrx_word' id='word_1_60' title='bbox 547 1038 850 1120; x_wconf 71' lang='lat' dir='ltr'><strong>inspirata</strong></span> <span class='ocrx_word' id='word_1_61' title='bbox 915 1041 1252 1105; x_wconf 73' lang='lat' dir='ltr'><strong>retinemus.</strong></span> <span class='ocrx_word' id='word_1_62' title='bbox 1325 1043 1572 1121; x_wconf 72' lang='lat' dir='ltr'><strong>anoeco</strong></span> <span class='ocrx_word' id='word_1_63' title='bbox 1633 1049 1825 1106; x_wconf 87' lang='lat' dir='ltr'><strong>tamen</strong></span> <span class='ocrx_word' id='word_1_64' title='bbox 1842 1089 1859 1119; x_wconf 90' lang='lat'><em>,</em></span> <span class='ocrx_word' id='word_1_65' title='bbox 1903 1042 2144 1127; x_wconf 83' lang='lat' dir='ltr'><strong>frater,</strong></span> <span class='ocrx_word' id='word_1_66' title='bbox 2192 1040 2247 1103; x_wconf 72' lang='lat' dir='ltr'><strong>si</strong></span> <span class='ocrx_word' id='word_1_67' title='bbox 2291 1039 2443 1124; x_wconf 79' lang='lat' dir='ltr'><strong>quid</strong></span> <span class='ocrx_word' id='word_1_68' title='bbox 2485 1046 2543 1103; x_wconf 87' lang='lat' dir='ltr'><strong>et</strong></span> <span class='ocrx_word' id='word_1_69' title='bbox 2590 1045 2659 1101; x_wconf 80' lang='lat' dir='ltr'><strong>tu</strong></span> <span class='ocrx_word' id='word_1_70' title='bbox 2702 1039 2774 1101; x_wconf 81' lang='lat' dir='ltr'><strong>de</strong></span> <span class='ocrx_word' id='word_1_71' title='bbox 2819 1045 2935 1101; x_wconf 72' lang='lat' dir='ltr'><strong>tuo</strong></span> 
     </span>
    </p>
   </div>
   <div class='ocr_carea' id='block_1_4' title="bbox 545 1143 2939 1768">
    <p class='ocr_par' dir='ltr' id='par_1_4' title="bbox 545 1143 2939 1768">
     <span class='ocr_line' id='line_1_8' title="bbox 547 1143 2933 1231; baseline 0 -24"><span class='ocrx_word' id='word_1_72' title='bbox 547 1151 786 1208; x_wconf 77' lang='lat' dir='ltr'><strong>auctore</strong></span> <span class='ocrx_word' id='word_1_73' title='bbox 834 1147 1173 1229; x_wconf 70' lang='lat' dir='ltr'><em>praesumis</em></span> <span class='ocrx_word' id='word_1_74' title='bbox 1190 1195 1207 1225; x_wconf 92' lang='lat'><strong><em>,</em></strong></span> <span class='ocrx_word' id='word_1_75' title='bbox 1273 1155 1331 1211; x_wconf 90' lang='lat' dir='ltr'><strong>et</strong></span> <span class='ocrx_word' id='word_1_76' title='bbox 1389 1148 1728 1212; x_wconf 77' lang='lat' dir='ltr'><strong>Novatiani</strong></span> <span class='ocrx_word' id='word_1_77' title='bbox 1778 1147 2227 1231; x_wconf 72' lang='lat' dir='ltr'><strong>philosophiam</strong></span> <span class='ocrx_word' id='word_1_78' title='bbox 2242 1195 2259 1225; x_wconf 90' lang='lat'><strong><em>,</em></strong></span> <span class='ocrx_word' id='word_1_79' title='bbox 2312 1169 2432 1229; x_wconf 85' lang='lat' dir='ltr'><strong>per</strong></span> <span class='ocrx_word' id='word_1_80' title='bbox 2476 1169 2653 1230; x_wconf 80' lang='lat' dir='ltr'><em>qnam</em></span> <span class='ocrx_word' id='word_1_81' title='bbox 2696 1144 2807 1208; x_wconf 71' lang='lat' dir='ltr'><strong>ille</strong></span> <span class='ocrx_word' id='word_1_82' title='bbox 2852 1143 2933 1207; x_wconf 76' lang='lat' dir='ltr'><strong>in</strong></span> 
     </span>
     <span class='ocr_line' id='line_1_9' title="bbox 545 1249 2925 1336; baseline 0 -24"><span class='ocrx_word' id='word_1_83' title='bbox 545 1251 940 1336; x_wconf 58' lang='lat' dir='ltr'><strong>nauso-apium</strong></span> <span class='ocrx_word' id='word_1_84' title='bbox 984 1252 1297 1334; x_wconf 71' lang='lat' dir='ltr'><strong>reliqionis</strong></span> <span class='ocrx_word' id='word_1_85' title='bbox 1340 1254 1603 1318; x_wconf 79' lang='lat' dir='ltr'><strong>incurrit</strong></span> <span class='ocrx_word' id='word_1_86' title='bbox 1617 1303 1634 1332; x_wconf 88' lang='lat'><em>,</em></span> <span class='ocrx_word' id='word_1_87' title='bbox 1684 1277 1811 1318; x_wconf 83' lang='lat' dir='ltr'><strong>cwm</strong></span> <span class='ocrx_word' id='word_1_88' title='bbox 1855 1253 2112 1317; x_wconf 73' lang='lat' dir='ltr'><strong>Hesiodi</strong></span> <span class='ocrx_word' id='word_1_89' title='bbox 2180 1252 2541 1316; x_wconf 80' lang='lat' dir='ltr'><strong>auctoritate</strong></span> <span class='ocrx_word' id='word_1_90' title='bbox 2586 1249 2925 1331; x_wconf 67' lang='lat' dir='ltr'><strong>eoninnyis.</strong></span> 
     </span>
     <span class='ocr_line' id='line_1_10' title="bbox 549 1359 2937 1446; baseline 0 -26"><span class='ocrx_word' id='word_1_91' title='bbox 549 1365 940 1422; x_wconf 72' lang='lat' dir='ltr'><strong><em>verumtamen</em></strong></span> <span class='ocrx_word' id='word_1_92' title='bbox 973 1361 1234 1441; x_wconf 76' lang='lat' dir='ltr'><strong>apostoli</strong></span> <span class='ocrx_word' id='word_1_93' title='bbox 1267 1361 1599 1426; x_wconf 73' lang='lat' dir='ltr'><strong>meminisse</strong></span> <span class='ocrx_word' id='word_1_94' title='bbox 1636 1363 1920 1426; x_wconf 71' lang='lat' dir='ltr'><strong>debueras</strong></span> <span class='ocrx_word' id='word_1_95' title='bbox 1936 1410 1952 1439; x_wconf 87' lang='lat'><strong><em>,</em></strong></span> <span class='ocrx_word' id='word_1_96' title='bbox 1993 1362 2098 1446; x_wconf 82' lang='lat' dir='ltr'><strong>qui</strong></span> <span class='ocrx_word' id='word_1_97' title='bbox 2137 1361 2228 1424; x_wconf 79' lang='lat' dir='ltr'><strong>ait</strong></span> <span class='ocrx_word' id='word_1_98' title='bbox 2244 1387 2264 1422; x_wconf 90' lang='lat'><strong>.·</strong></span> <span class='ocrx_word' id='word_1_99' title='bbox 2300 1383 2335 1423; x_wconf 85' lang='lat' dir='ltr'><em>v</em></span> <span class='ocrx_word' id='word_1_100' title='bbox 2350 1360 2375 1423; x_wconf 79' lang='lat' dir='ltr'><strong><em>i</em></strong></span> <span class='ocrx_word' id='word_1_101' title='bbox 2390 1362 2435 1423; x_wconf 91' lang='lat' dir='ltr'><em>d</em></span> <span class='ocrx_word' id='word_1_102' title='bbox 2450 1382 2480 1423; x_wconf 85' lang='lat' dir='ltr'><strong>e</strong></span> <span class='ocrx_word' id='word_1_103' title='bbox 2498 1367 2569 1423; x_wconf 91' lang='lat' dir='ltr'><strong>te</strong></span> <span class='ocrx_word' id='word_1_104' title='bbox 2612 1382 2655 1422; x_wconf 84' lang='lat' dir='ltr'><em>n</em></span> <span class='ocrx_word' id='word_1_105' title='bbox 2672 1381 2702 1440; x_wconf 82' lang='lat' dir='ltr'><strong>e</strong></span> <span class='ocrx_word' id='word_1_106' title='bbox 2746 1381 2785 1442; x_wconf 87' lang='lat' dir='ltr'><em>q</em></span> <span class='ocrx_word' id='word_1_107' title='bbox 2798 1381 2839 1420; x_wconf 77' lang='grc' dir='ltr'><strong>ιι</strong></span> <span class='ocrx_word' id='word_1_108' title='bbox 2856 1359 2887 1420; x_wconf 71' lang='lat' dir='ltr'><strong><em>i</em></strong></span> <span class='ocrx_word' id='word_1_109' title='bbox 2902 1381 2937 1420; x_wconf 73' lang='grc' dir='ltr'><strong><em>ε</em></strong></span> 
     </span>
     <span class='ocr_line' id='line_1_11' title="bbox 546 1463 2933 1549; baseline 0 -23"><span class='ocrx_word' id='word_1_110' title='bbox 546 1485 677 1526; x_wconf 76' lang='lat' dir='ltr'><strong>vos</strong></span> <span class='ocrx_word' id='word_1_111' title='bbox 713 1464 1081 1547; x_wconf 80' lang='lat' dir='ltr'><strong>decipiat</strong></span> <span class='ocrx_word' id='word_1_112' title='bbox 1103 1488 1248 1547; x_wconf 84' lang='lat' dir='ltr'><strong>per</strong></span> <span class='ocrx_word' id='word_1_113' title='bbox 1272 1467 1885 1549; x_wconf 73' lang='lat' dir='ltr'><strong>philosop-biam</strong></span> <span class='ocrx_word' id='word_1_114' title='bbox 1924 1474 1990 1531; x_wconf 84' lang='lat' dir='ltr'><strong>et</strong></span> <span class='ocrx_word' id='word_1_115' title='bbox 2026 1467 2335 1530; x_wconf 78' lang='lat' dir='ltr'><strong>inanem</strong></span> <span class='ocrx_word' id='word_1_116' title='bbox 2371 1463 2933 1529; x_wconf 67' lang='lat' dir='ltr'><strong>seductionem.</strong></span> 
     </span>
     <span class='ocr_line' id='line_1_12' title="bbox 545 1569 2939 1658; baseline 0.001 -26"><span class='ocrx_word' id='word_1_117' title='bbox 545 1569 778 1634; x_wconf 87' lang='lat' dir='ltr'><strong>Fusius</strong></span> <span class='ocrx_word' id='word_1_118' title='bbox 813 1571 967 1636; x_wconf 88' lang='lat' dir='ltr'><strong>haec</strong></span> <span class='ocrx_word' id='word_1_119' title='bbox 1005 1571 1198 1637; x_wconf 90' lang='lat' dir='ltr'><strong>retuli</strong></span> <span class='ocrx_word' id='word_1_120' title='bbox 1213 1621 1231 1648; x_wconf 93' lang='lat'><strong><em>,</em></strong></span> <span class='ocrx_word' id='word_1_121' title='bbox 1274 1576 1423 1658; x_wconf 87' lang='lat' dir='ltr'><strong>quia</strong></span> <span class='ocrx_word' id='word_1_122' title='bbox 1460 1573 1538 1638; x_wconf 86' lang='lat' dir='ltr'><strong>ad</strong></span> <span class='ocrx_word' id='word_1_123' title='bbox 1577 1579 1873 1639; x_wconf 81' lang='lat' dir='ltr'><strong>veterum</strong></span> <span class='ocrx_word' id='word_1_124' title='bbox 1918 1578 2255 1658; x_wconf 87' lang='lat' dir='ltr'><strong>poetarum</strong></span> <span class='ocrx_word' id='word_1_125' title='bbox 2298 1570 2751 1657; x_wconf 78' lang='lat' dir='ltr'><strong>posterioribus</strong></span> <span class='ocrx_word' id='word_1_126' title='bbox 2798 1591 2939 1635; x_wconf 85' lang='lat' dir='ltr'><strong>sae-</strong></span> 
     </span>
     <span class='ocr_line' id='line_1_13' title="bbox 546 1674 2332 1768; baseline 0.001 -28"><span class='ocrx_word' id='word_1_127' title='bbox 546 1674 708 1740; x_wconf 88' lang='lat' dir='ltr'><strong>culis</strong></span> <span class='ocrx_word' id='word_1_128' title='bbox 755 1676 886 1742; x_wconf 85' lang='lat' dir='ltr'><strong>fata</strong></span> <span class='ocrx_word' id='word_1_129' title='bbox 930 1680 1362 1768; x_wconf 84' lang='lat' dir='ltr'><strong>cognoscenda</strong></span> <span class='ocrx_word' id='word_1_130' title='bbox 1409 1679 1650 1766; x_wconf 86' lang='lat' dir='ltr'><strong>aliquid</strong></span> <span class='ocrx_word' id='word_1_131' title='bbox 1696 1681 1999 1747; x_wconf 70' lang='lat' dir='ltr'><strong>utilitatis</strong></span> <span class='ocrx_word' id='word_1_132' title='bbox 2046 1679 2332 1745; x_wconf 85' lang='lat' dir='ltr'><strong>afferunt.</strong></span> 
     </span>
    </p>
   </div>
   <div class='ocr_carea' id='block_1_5' title="bbox 548 1879 2943 2284">
    <p class='ocr_par' dir='ltr' id='par_1_5' title="bbox 548 1879 2943 2284">
     <span class='ocr_line' id='line_1_14' title="bbox 638 1879 2939 1968; baseline 0 -24"><span class='ocrx_word' id='word_1_133' title='bbox 638 1902 690 1945; x_wconf 90' lang='lat' dir='ltr'><strong>c.</strong></span> <span class='ocrx_word' id='word_1_134' title='bbox 723 1880 826 1944; x_wconf 93' lang='grc'><strong>11.</strong></span> <span class='ocrx_word' id='word_1_135' title='bbox 866 1879 938 1945; x_wconf 95' lang='grc' dir='ltr'><strong>Ο.</strong></span> <span class='ocrx_word' id='word_1_136' title='bbox 981 1880 1030 1946; x_wconf 91' lang='grc' dir='ltr'><strong>Ι.</strong></span> <span class='ocrx_word' id='word_1_137' title='bbox 1077 1882 1226 1948; x_wconf 84' lang='grc'><strong>662.</strong></span> <span class='ocrx_word' id='word_1_138' title='bbox 1253 1882 1361 1947; x_wconf 83' lang='grc'><strong>21.</strong></span> <span class='ocrx_word' id='word_1_139' title='bbox 1399 1885 1508 1947; x_wconf 76' lang='lat' dir='ltr'><strong>sed</strong></span> <span class='ocrx_word' id='word_1_140' title='bbox 1541 1884 1695 1946; x_wconf 83' lang='lat' dir='ltr'><strong>enim</strong></span> <span class='ocrx_word' id='word_1_141' title='bbox 1734 1883 1908 1960; x_wconf 74' lang='lat' dir='ltr'><strong>illos,</strong></span> <span class='ocrx_word' id='word_1_142' title='bbox 1951 1883 2057 1968; x_wconf 79' lang='lat' dir='ltr'><strong>qui</strong></span> <span class='ocrx_word' id='word_1_143' title='bbox 2094 1883 2317 1946; x_wconf 75' lang='lat' dir='ltr'><strong>ambitu</strong></span> <span class='ocrx_word' id='word_1_144' title='bbox 2348 1883 2559 1946; x_wconf 79' lang='lat' dir='ltr'><strong>obeunt</strong></span> <span class='ocrx_word' id='word_1_145' title='bbox 2581 1881 2939 1965; x_wconf 69' lang='lat' dir='ltr'><strong>capeeeendi</strong></span> 
     </span>
     <span class='ocr_line' id='line_1_15' title="bbox 548 1986 2943 2076; baseline 0.001 -28"><span class='ocrx_word' id='word_1_146' title='bbox 548 1986 952 2066; x_wconf 72' lang='lat' dir='ltr'><strong>maqistratus.</strong></span> <span class='ocrx_word' id='word_1_147' title='bbox 1019 1987 1230 2076; x_wconf 81' lang='lat' dir='ltr'><strong>Lego:</strong></span> <span class='ocrx_word' id='word_1_148' title='bbox 1294 1989 1401 2076; x_wconf 77' lang='lat' dir='ltr'><strong>qui</strong></span> <span class='ocrx_word' id='word_1_149' title='bbox 1455 1989 1729 2054; x_wconf 68' lang='lat' dir='ltr'><strong>ambitum</strong></span> <span class='ocrx_word' id='word_1_150' title='bbox 1776 1990 2017 2067; x_wconf 84' lang='lat' dir='ltr'><strong>obeunt,</strong></span> <span class='ocrx_word' id='word_1_151' title='bbox 2074 1988 2394 2054; x_wconf 82' lang='lat' dir='ltr'><strong>ambitum</strong></span> <span class='ocrx_word' id='word_1_152' title='bbox 2440 1986 2683 2054; x_wconf 82' lang='lat' dir='ltr'><strong>scilicet</strong></span> <span class='ocrx_word' id='word_1_153' title='bbox 2726 1989 2943 2053; x_wconf 85' lang='lat' dir='ltr'><strong>omni·</strong></span> 
     </span>
     <span class='ocr_line' id='line_1_16' title="bbox 548 2090 2937 2182; baseline 0.001 -28"><span class='ocrx_word' id='word_1_154' title='bbox 548 2090 666 2155; x_wconf 91' lang='lat' dir='ltr'><strong>bus</strong></span> <span class='ocrx_word' id='word_1_155' title='bbox 685 2139 700 2168; x_wconf 86' lang='lat'><strong>,</strong></span> <span class='ocrx_word' id='word_1_156' title='bbox 764 2094 1122 2179; x_wconf 89' lang='lat' dir='ltr'><strong>quicunque</strong></span> <span class='ocrx_word' id='word_1_157' title='bbox 1186 2097 1644 2182; x_wconf 77' lang='lat' dir='ltr'><strong>mag-istratum</strong></span> <span class='ocrx_word' id='word_1_158' title='bbox 1707 2115 2027 2181; x_wconf 78' lang='lat' dir='ltr'><strong>capessere</strong></span> <span class='ocrx_word' id='word_1_159' title='bbox 2074 2093 2399 2161; x_wconf 85' lang='lat' dir='ltr'><strong>voluerint</strong></span> <span class='ocrx_word' id='word_1_160' title='bbox 2414 2143 2431 2172; x_wconf 92' lang='lat'><em>,</em></span> <span class='ocrx_word' id='word_1_161' title='bbox 2479 2097 2937 2159; x_wconf 83' lang='lat' dir='ltr'><strong>necessarium.</strong></span> 
     </span>
     <span class='ocr_line' id='line_1_17' title="bbox 549 2195 2425 2284; baseline 0.002 -23"><span class='ocrx_word' id='word_1_162' title='bbox 549 2196 626 2261; x_wconf 84' lang='lat' dir='ltr'><strong>cf.</strong></span> <span class='ocrx_word' id='word_1_163' title='bbox 678 2195 828 2262; x_wconf 87' lang='lat'>663.</span> <span class='ocrx_word' id='word_1_164' title='bbox 861 2195 897 2265; x_wconf 88' lang='lat'><strong>7</strong></span> <span class='ocrx_word' id='word_1_165' title='bbox 945 2201 1104 2284; x_wconf 81' lang='lat' dir='ltr'><em>quod</em></span> <span class='ocrx_word' id='word_1_166' title='bbox 1145 2201 1434 2265; x_wconf 71' lang='lat' dir='ltr'><strong>securium</strong></span> <span class='ocrx_word' id='word_1_167' title='bbox 1477 2202 1853 2283; x_wconf 72' lang='lat' dir='ltr'><strong>virqarnmve</strong></span> <span class='ocrx_word' id='word_1_168' title='bbox 1883 2201 2109 2284; x_wconf 79' lang='lat' dir='ltr'><strong>petitio</strong></span> <span class='ocrx_word' id='word_1_169' title='bbox 2153 2200 2425 2265; x_wconf 63' lang='lat' dir='ltr'><strong>sustinet.</strong></span> 
     </span>
    </p>
   </div>
   <div class='ocr_carea' id='block_1_6' title="bbox 549 2417 2943 4524">
    <p class='ocr_par' dir='ltr' id='par_1_6' title="bbox 549 2417 2943 3355">
     <span class='ocr_line' id='line_1_18' title="bbox 640 2417 2940 2509; baseline 0 -26"><span class='ocrx_word' id='word_1_170' title='bbox 640 2419 714 2483; x_wconf 93' lang='lat' dir='ltr'><strong>In</strong></span> <span class='ocrx_word' id='word_1_171' title='bbox 774 2420 1004 2484; x_wconf 68' lang='lat' dir='ltr'><strong>Studiis</strong></span> <span class='ocrx_word' id='word_1_172' title='bbox 1063 2422 1478 2486; x_wconf 67' lang='lat' dir='ltr'><strong>ecclesiasticis</strong></span> <span class='ocrx_word' id='word_1_173' title='bbox 1537 2445 1599 2508; x_wconf 89' lang='lat' dir='ltr'><strong>p.</strong></span> <span class='ocrx_word' id='word_1_174' title='bbox 1656 2423 1738 2487; x_wconf 92' lang='grc'><strong>10</strong></span> <span class='ocrx_word' id='word_1_175' title='bbox 1762 2445 1853 2509; x_wconf 90' lang='lat' dir='ltr'><strong>sq.</strong></span> <span class='ocrx_word' id='word_1_176' title='bbox 1920 2425 2324 2500; x_wconf 77' lang='lat' dir='ltr'>enumeravi,</span> <span class='ocrx_word' id='word_1_177' title='bbox 2366 2420 2544 2507; x_wconf 88' lang='lat' dir='ltr'><strong>apud</strong></span> <span class='ocrx_word' id='word_1_178' title='bbox 2591 2417 2940 2486; x_wconf 78' lang='lat' dir='ltr'><strong>Tertullia-</strong></span> 
     </span>
     <span class='ocr_line' id='line_1_19' title="bbox 549 2526 2939 2616; baseline -0 -26"><span class='ocrx_word' id='word_1_179' title='bbox 549 2547 709 2592; x_wconf 88' lang='lat' dir='ltr'><strong>num</strong></span> <span class='ocrx_word' id='word_1_180' title='bbox 746 2548 908 2611; x_wconf 90' lang='lat' dir='ltr'><strong>quae</strong></span> <span class='ocrx_word' id='word_1_181' title='bbox 946 2527 1482 2614; x_wconf 79' lang='lat' dir='ltr'><strong>deprehenderam</strong></span> <span class='ocrx_word' id='word_1_182' title='bbox 1516 2531 1793 2616; x_wconf 80' lang='lat' dir='ltr'><strong>vestig-ia</strong></span> <span class='ocrx_word' id='word_1_183' title='bbox 1829 2528 2118 2594; x_wconf 87' lang='lat' dir='ltr'><strong>lectionis</strong></span> <span class='ocrx_word' id='word_1_184' title='bbox 2157 2535 2509 2614; x_wconf 89' lang='lat' dir='ltr'><strong>poetarum.</strong></span> <span class='ocrx_word' id='word_1_185' title='bbox 2562 2526 2737 2606; x_wconf 83' lang='lat' dir='ltr'><strong>Quae</strong></span> <span class='ocrx_word' id='word_1_186' title='bbox 2775 2545 2939 2590; x_wconf 89' lang='lat' dir='ltr'><strong>cum</strong></span> 
     </span>
     <span class='ocr_line' id='line_1_20' title="bbox 551 2631 2937 2720; baseline -0.001 -22"><span class='ocrx_word' id='word_1_187' title='bbox 551 2636 678 2698; x_wconf 89' lang='lat' dir='ltr'><strong>sint</strong></span> <span class='ocrx_word' id='word_1_188' title='bbox 737 2637 1124 2720; x_wconf 87' lang='lat' dir='ltr'><strong>paucissima</strong></span> <span class='ocrx_word' id='word_1_189' title='bbox 1139 2683 1157 2713; x_wconf 90' lang='lat'>‚</span> <span class='ocrx_word' id='word_1_190' title='bbox 1222 2634 1379 2699; x_wconf 90' lang='lat' dir='ltr'><strong>duos</strong></span> <span class='ocrx_word' id='word_1_191' title='bbox 1428 2641 1636 2700; x_wconf 83' lang='lat' dir='ltr'><strong>tresve</strong></span> <span class='ocrx_word' id='word_1_192' title='bbox 1685 2635 1893 2700; x_wconf 87' lang='lat' dir='ltr'><strong>adhuc</strong></span> <span class='ocrx_word' id='word_1_193' title='bbox 1935 2635 2103 2701; x_wconf 89' lang='lat' dir='ltr'><strong>locos</strong></span> <span class='ocrx_word' id='word_1_194' title='bbox 2120 2684 2137 2713; x_wconf 88' lang='lat'>‚</span> <span class='ocrx_word' id='word_1_195' title='bbox 2188 2656 2345 2720; x_wconf 88' lang='lat' dir='ltr'><strong>quos</strong></span> <span class='ocrx_word' id='word_1_196' title='bbox 2392 2633 2622 2699; x_wconf 85' lang='lat' dir='ltr'><strong>addam</strong></span> <span class='ocrx_word' id='word_1_197' title='bbox 2638 2681 2656 2711; x_wconf 87' lang='lat'><em>,</em></span> <span class='ocrx_word' id='word_1_198' title='bbox 2704 2631 2937 2696; x_wconf 81' lang='lat' dir='ltr'><strong>habeO.</strong></span> 
     </span>
     <span class='ocr_line' id='line_1_21' title="bbox 550 2738 2939 2828; baseline -0.002 -24"><span class='ocrx_word' id='word_1_199' title='bbox 550 2738 743 2805; x_wconf 84' lang='lat' dir='ltr'><strong>Initio</strong></span> <span class='ocrx_word' id='word_1_200' title='bbox 807 2739 957 2804; x_wconf 84' lang='lat' dir='ltr'><strong>libri</strong></span> <span class='ocrx_word' id='word_1_201' title='bbox 1019 2743 1094 2805; x_wconf 86' lang='lat' dir='ltr'><strong>de</strong></span> <span class='ocrx_word' id='word_1_202' title='bbox 1155 2740 1470 2804; x_wconf 71' lang='lat' dir='ltr'><strong><em>Pudicitia</em></strong></span> <span class='ocrx_word' id='word_1_203' title='bbox 1529 2740 1839 2828; x_wconf 84' lang='lat' dir='ltr'><strong>leguntur</strong></span> <span class='ocrx_word' id='word_1_204' title='bbox 1897 2742 2127 2808; x_wconf 80' lang='lat' dir='ltr'><strong>verba:</strong></span> <span class='ocrx_word' id='word_1_205' title='bbox 2185 2740 2499 2823; x_wconf 75' lang='lat' dir='ltr'><strong>pudicitia</strong></span> <span class='ocrx_word' id='word_1_206' title='bbox 2520 2789 2535 2818; x_wconf 87' lang='lat'><em>,</em></span> <span class='ocrx_word' id='word_1_207' title='bbox 2577 2761 2939 2824; x_wconf 75' lang='lat' dir='ltr'><em>quamquam</em></span> 
     </span>
     <span class='ocr_line' id='line_1_22' title="bbox 552 2843 2943 2933; baseline -0 -26"><span class='ocrx_word' id='word_1_208' title='bbox 552 2868 696 2908; x_wconf 87' lang='lat' dir='ltr'><strong>rara</strong></span> <span class='ocrx_word' id='word_1_209' title='bbox 765 2869 870 2909; x_wconf 86' lang='lat' dir='ltr'><strong>nec</strong></span> <span class='ocrx_word' id='word_1_210' title='bbox 922 2846 1135 2932; x_wconf 81' lang='lat' dir='ltr'><strong>facile</strong></span> <span class='ocrx_word' id='word_1_211' title='bbox 1185 2848 1472 2933; x_wconf 69' lang='lat' dir='ltr'><strong>perfecta</strong></span> <span class='ocrx_word' id='word_1_212' title='bbox 1531 2847 1747 2933; x_wconf 76' lang='lat' dir='ltr'><strong>via-que</strong></span> <span class='ocrx_word' id='word_1_213' title='bbox 1795 2855 2097 2931; x_wconf 81' lang='lat' dir='ltr'><strong>perpetua</strong></span> <span class='ocrx_word' id='word_1_214' title='bbox 2114 2896 2130 2925; x_wconf 87' lang='lat'><em>,</em></span> <span class='ocrx_word' id='word_1_215' title='bbox 2196 2854 2391 2910; x_wconf 83' lang='lat' dir='ltr'><strong>tamen</strong></span> <span class='ocrx_word' id='word_1_216' title='bbox 2435 2845 2819 2930; x_wconf 71' lang='lat' dir='ltr'><strong>aliquatenus</strong></span> <span class='ocrx_word' id='word_1_217' title='bbox 2860 2843 2943 2906; x_wconf 72' lang='lat' dir='ltr'><strong>in</strong></span> 
     </span>
     <span class='ocr_line' id='line_1_23' title="bbox 549 2949 2943 3040; baseline -0 -25"><span class='ocrx_word' id='word_1_218' title='bbox 549 2952 782 3016; x_wconf 72' lang='lat' dir='ltr'><strong>saeculo</strong></span> <span class='ocrx_word' id='word_1_219' title='bbox 845 2953 1187 3032; x_wconf 75' lang='lat' dir='ltr'><strong>morabitur,</strong></span> <span class='ocrx_word' id='word_1_220' title='bbox 1248 2956 1318 3018; x_wconf 92' lang='lat' dir='ltr'><strong>in</strong></span> <span class='ocrx_word' id='word_1_221' title='bbox 1379 2953 1612 3040; x_wconf 88' lang='lat' dir='ltr'><strong>quibus</strong></span> <span class='ocrx_word' id='word_1_222' title='bbox 1672 2953 2015 3020; x_wconf 80' lang='lat' dir='ltr'><strong>scribendis</strong></span> <span class='ocrx_word' id='word_1_223' title='bbox 2073 2960 2293 3019; x_wconf 80' lang='lat' dir='ltr'><strong>auctor</strong></span> <span class='ocrx_word' id='word_1_224' title='bbox 2353 2973 2601 3017; x_wconf 91' lang='lat' dir='ltr'><strong>memor</strong></span> <span class='ocrx_word' id='word_1_225' title='bbox 2646 2949 2943 3016; x_wconf 87' lang='lat' dir='ltr'><strong>creditur</strong></span> 
     </span>
     <span class='ocr_line' id='line_1_24' title="bbox 550 3054 2939 3125; baseline -0.001 -3"><span class='ocrx_word' id='word_1_226' title='bbox 550 3059 746 3123; x_wconf 87' lang='lat' dir='ltr'><strong>fuisse</strong></span> <span class='ocrx_word' id='word_1_227' title='bbox 783 3061 957 3123; x_wconf 87' lang='lat' dir='ltr'><strong>initii</strong></span> <span class='ocrx_word' id='word_1_228' title='bbox 994 3064 1207 3125; x_wconf 79' lang='lat' dir='ltr'><strong>sextae</strong></span> <span class='ocrx_word' id='word_1_229' title='bbox 1245 3059 1556 3124; x_wconf 74' lang='lat' dir='ltr'><strong>Iuvenalis</strong></span> <span class='ocrx_word' id='word_1_230' title='bbox 1591 3058 1855 3125; x_wconf 79' lang='lat' dir='ltr'><strong>Satires.</strong></span> <span class='ocrx_word' id='word_1_231' title='bbox 1896 3061 1992 3122; x_wconf 88' lang='lat' dir='ltr'><strong>De</strong></span> <span class='ocrx_word' id='word_1_232' title='bbox 2025 3059 2264 3123; x_wconf 82' lang='lat' dir='ltr'><strong>Paenit.</strong></span> <span class='ocrx_word' id='word_1_233' title='bbox 2300 3080 2351 3123; x_wconf 90' lang='lat' dir='ltr'><strong>c.</strong></span> <span class='ocrx_word' id='word_1_234' title='bbox 2386 3056 2489 3122; x_wconf 84' lang='lat'><strong>12.</strong></span> <span class='ocrx_word' id='word_1_235' title='bbox 2518 3055 2591 3122; x_wconf 95' lang='grc' dir='ltr'><strong>Ο.</strong></span> <span class='ocrx_word' id='word_1_236' title='bbox 2619 3054 2671 3121; x_wconf 93' lang='grc' dir='ltr'><strong>Ι.</strong></span> <span class='ocrx_word' id='word_1_237' title='bbox 2700 3055 2855 3121; x_wconf 87' lang='grc'><strong>664.</strong></span> <span class='ocrx_word' id='word_1_238' title='bbox 2890 3056 2939 3120; x_wconf 84' lang='grc'>6</span> 
     </span>
     <span class='ocr_line' id='line_1_25' title="bbox 551 3162 2938 3252; baseline -0.001 -24"><span class='ocrx_word' id='word_1_239' title='bbox 551 3186 754 3228; x_wconf 70' lang='lat' dir='ltr'><strong>cervus</strong></span> <span class='ocrx_word' id='word_1_240' title='bbox 796 3165 1020 3247; x_wconf 73' lang='lat' dir='ltr'><strong>saqitta</strong></span> <span class='ocrx_word' id='word_1_241' title='bbox 1067 3169 1393 3250; x_wconf 67' lang='lat' dir='ltr'><strong>tram-§fixus</strong></span> <span class='ocrx_word' id='word_1_242' title='bbox 1407 3214 1424 3244; x_wconf 88' lang='lat'>‚</span> <span class='ocrx_word' id='word_1_243' title='bbox 1479 3173 1546 3229; x_wconf 85' lang='lat' dir='ltr'><strong>nt</strong></span> <span class='ocrx_word' id='word_1_244' title='bbox 1574 3167 1828 3252; x_wconf 83' lang='lat' dir='ltr'><strong>serrum</strong></span> <span class='ocrx_word' id='word_1_245' title='bbox 1874 3175 1931 3231; x_wconf 92' lang='lat' dir='ltr'><strong>et</strong></span> <span class='ocrx_word' id='word_1_246' title='bbox 1974 3165 2391 3229; x_wconf 72' lang='lat' dir='ltr'><strong>irrevocabiles</strong></span> <span class='ocrx_word' id='word_1_247' title='bbox 2436 3186 2629 3228; x_wconf 70' lang='lat' dir='ltr'><strong>morae</strong></span> <span class='ocrx_word' id='word_1_248' title='bbox 2677 3162 2808 3226; x_wconf 70' lang='lat' dir='ltr'><strong>eius</strong></span> <span class='ocrx_word' id='word_1_249' title='bbox 2852 3163 2938 3225; x_wconf 81' lang='lat' dir='ltr'><strong>de</strong></span> 
     </span>
     <span class='ocr_line' id='line_1_26' title="bbox 550 3269 2938 3355; baseline -0 -21"><span class='ocrx_word' id='word_1_250' title='bbox 550 3271 794 3335; x_wconf 80' lang='lat' dir='ltr'><strong>vnbnere</strong></span> <span class='ocrx_word' id='word_1_251' title='bbox 855 3273 1118 3355; x_wconf 67' lang='lat' dir='ltr'><strong>expellat</strong></span> <span class='ocrx_word' id='word_1_252' title='bbox 1135 3321 1152 3350; x_wconf 89' lang='lat'>,</span> <span class='ocrx_word' id='word_1_253' title='bbox 1212 3273 1326 3336; x_wconf 70' lang='lat' dir='ltr'><strong>ecit</strong></span> <span class='ocrx_word' id='word_1_254' title='bbox 1367 3273 1484 3336; x_wconf 70' lang='lat' dir='ltr'><strong>sibi</strong></span> <span class='ocrx_word' id='word_1_255' title='bbox 1530 3273 1825 3337; x_wconf 78' lang='lat' dir='ltr'><strong>dictamno</strong></span> <span class='ocrx_word' id='word_1_256' title='bbox 1870 3274 2231 3336; x_wconf 79' lang='lat' dir='ltr'><strong>medendum.</strong></span> <span class='ocrx_word' id='word_1_257' title='bbox 2282 3269 2499 3338; x_wconf 79' lang='lat' dir='ltr'><strong>citant</strong></span> <span class='ocrx_word' id='word_1_258' title='bbox 2544 3273 2938 3355; x_wconf 80' lang='lat' dir='ltr'><strong>interpretes</strong></span> 
     </span>
    </p>

    <p class='ocr_par' dir='ltr' id='par_1_7' title="bbox 911 3378 2310 3460">
     <span class='ocr_line' id='line_1_27' title="bbox 911 3378 2310 3460; baseline -0.001 -18"><span class='ocrx_word' id='word_1_259' title='bbox 911 3379 1010 3442; x_wconf 74' lang='lat' dir='ltr'><strong>hie</strong></span> <span class='ocrx_word' id='word_1_260' title='bbox 1069 3379 1126 3442; x_wconf 83' lang='lat' dir='ltr'><em>V</em></span> <span class='ocrx_word' id='word_1_261' title='bbox 1119 3400 1261 3442; x_wconf 72' lang='lat' dir='ltr'><strong>enus</strong></span> <span class='ocrx_word' id='word_1_262' title='bbox 1306 3379 1555 3460; x_wconf 68' lang='lat' dir='ltr'><strong>indiqno</strong></span> <span class='ocrx_word' id='word_1_263' title='bbox 1602 3379 1736 3443; x_wconf 79' lang='lat' dir='ltr'><em>nati</em></span> <span class='ocrx_word' id='word_1_264' title='bbox 1782 3401 2060 3442; x_wconf 71' lang='lat' dir='ltr'><strong>concussa</strong></span> <span class='ocrx_word' id='word_1_265' title='bbox 2107 3378 2310 3442; x_wconf 78' lang='lat' dir='ltr'><strong>dolore</strong></span> 
     </span>
    </p>

    <p class='ocr_par' dir='ltr' id='par_1_8' title="bbox 913 3484 2450 3567">
     <span class='ocr_line' id='line_1_28' title="bbox 913 3484 2450 3567; baseline -0.001 -19"><span class='ocrx_word' id='word_1_266' title='bbox 913 3485 1271 3548; x_wconf 77' lang='lat' dir='ltr'><strong>dictamnum</strong></span> <span class='ocrx_word' id='word_1_267' title='bbox 1309 3484 1585 3565; x_wconf 73' lang='lat' dir='ltr'><strong>qenetria·</strong></span> <span class='ocrx_word' id='word_1_268' title='bbox 1639 3487 1883 3548; x_wconf 84' lang='lat' dir='ltr'><strong>Cretaea</strong></span> <span class='ocrx_word' id='word_1_269' title='bbox 1926 3484 2127 3567; x_wconf 76' lang='lat' dir='ltr'><strong>carpit</strong></span> <span class='ocrx_word' id='word_1_270' title='bbox 2170 3485 2243 3547; x_wconf 82' lang='lat' dir='ltr'><strong>ab</strong></span> <span class='ocrx_word' id='word_1_271' title='bbox 2291 3484 2412 3546; x_wconf 86' lang='lat' dir='ltr'><strong>Ida</strong></span> <span class='ocrx_word' id='word_1_272' title='bbox 2433 3530 2450 3560; x_wconf 91' lang='lat'><strong><em>,</em></strong></span> 
     </span>
    </p>

    <p class='ocr_par' dir='ltr' id='par_1_9' title="bbox 899 3589 2371 3677">
     <span class='ocr_line' id='line_1_29' title="bbox 899 3589 2371 3677; baseline 0.001 -24"><span class='ocrx_word' id='word_1_273' title='bbox 899 3591 1226 3674; x_wconf 70' lang='lat' dir='ltr'><strong>puberibus</strong></span> <span class='ocrx_word' id='word_1_274' title='bbox 1271 3589 1496 3654; x_wconf 78' lang='lat' dir='ltr'><strong>caulem</strong></span> <span class='ocrx_word' id='word_1_275' title='bbox 1522 3590 1721 3677; x_wconf 71' lang='lat' dir='ltr'><strong>fobiie</strong></span> <span class='ocrx_word' id='word_1_276' title='bbox 1766 3599 1823 3655; x_wconf 90' lang='lat' dir='ltr'><strong>et</strong></span> <span class='ocrx_word' id='word_1_277' title='bbox 1852 3594 2013 3675; x_wconf 86' lang='lat' dir='ltr'><strong>flore</strong></span> <span class='ocrx_word' id='word_1_278' title='bbox 2056 3597 2371 3654; x_wconf 80' lang='lat' dir='ltr'><strong>comantem</strong></span> 
     </span>
    </p>

    <p class='ocr_par' dir='ltr' id='par_1_10' title="bbox 899 3696 2385 3782">
     <span class='ocr_line' id='line_1_30' title="bbox 899 3696 2385 3782; baseline 0 -23"><span class='ocrx_word' id='word_1_279' title='bbox 899 3717 1210 3780; x_wconf 77' lang='lat' dir='ltr'><strong>purpureo</strong></span> <span class='ocrx_word' id='word_1_280' title='bbox 1225 3724 1254 3772; x_wconf 88' lang='lat'><em>;</em></span> <span class='ocrx_word' id='word_1_281' title='bbox 1301 3718 1418 3759; x_wconf 89' lang='lat' dir='ltr'><strong>non</strong></span> <span class='ocrx_word' id='word_1_282' title='bbox 1462 3697 1582 3759; x_wconf 78' lang='lat' dir='ltr'><strong>illa</strong></span> <span class='ocrx_word' id='word_1_283' title='bbox 1610 3698 1787 3782; x_wconf 70' lang='lat' dir='ltr'><strong>feris</strong></span> <span class='ocrx_word' id='word_1_284' title='bbox 1830 3697 2139 3778; x_wconf 73' lang='lat' dir='ltr'><strong>incoynita</strong></span> <span class='ocrx_word' id='word_1_285' title='bbox 2183 3696 2385 3779; x_wconf 72' lang='lat' dir='ltr'><strong>capris</strong></span> 
     </span>
    </p>

    <p class='ocr_par' dir='ltr' id='par_1_11' title="bbox 549 3802 2939 4524">
     <span class='ocr_line' id='line_1_31' title="bbox 907 3802 2517 3884; baseline 0 -20"><span class='ocrx_word' id='word_1_286' title='bbox 907 3802 1186 3882; x_wconf 73' lang='lat' dir='ltr'><strong>qramina</strong></span> <span class='ocrx_word' id='word_1_287' title='bbox 1203 3849 1219 3878; x_wconf 91' lang='lat'><strong><em>,</em></strong></span> <span class='ocrx_word' id='word_1_288' title='bbox 1268 3825 1396 3864; x_wconf 79' lang='lat' dir='ltr'><strong>oum</strong></span> <span class='ocrx_word' id='word_1_289' title='bbox 1441 3809 1603 3884; x_wconf 72' lang='lat' dir='ltr'><strong>terqo</strong></span> <span class='ocrx_word' id='word_1_290' title='bbox 1650 3804 1913 3867; x_wconf 70' lang='lat' dir='ltr'><strong>volueres</strong></span> <span class='ocrx_word' id='word_1_291' title='bbox 1958 3805 2197 3866; x_wconf 74' lang='lat' dir='ltr'><strong>haesere</strong></span> <span class='ocrx_word' id='word_1_292' title='bbox 2240 3803 2517 3884; x_wconf 72' lang='lat' dir='ltr'><strong>saqittae.</strong></span> 
     </span>
     <span class='ocr_line' id='line_1_32' title="bbox 552 3907 2939 3996; baseline -0 -22"><span class='ocrx_word' id='word_1_293' title='bbox 552 3909 768 3996; x_wconf 78' lang='lat' dir='ltr'><strong>Magis</strong></span> <span class='ocrx_word' id='word_1_294' title='bbox 832 3914 928 3973; x_wconf 88' lang='lat' dir='ltr'><strong>est</strong></span> <span class='ocrx_word' id='word_1_295' title='bbox 992 3915 1204 3972; x_wconf 87' lang='lat' dir='ltr'><strong>tamen</strong></span> <span class='ocrx_word' id='word_1_296' title='bbox 1270 3911 1407 3972; x_wconf 82' lang='lat' dir='ltr'><strong>veri</strong></span> <span class='ocrx_word' id='word_1_297' title='bbox 1453 3907 1665 3974; x_wconf 87' lang='lat' dir='ltr'><strong>simile</strong></span> <span class='ocrx_word' id='word_1_298' title='bbox 1712 3907 2183 3975; x_wconf 81' lang='lat' dir='ltr'><strong>Tertullianum</strong></span> <span class='ocrx_word' id='word_1_299' title='bbox 2230 3928 2303 3973; x_wconf 88' lang='lat' dir='ltr'><strong>ea</strong></span> <span class='ocrx_word' id='word_1_300' title='bbox 2322 3957 2337 3986; x_wconf 87' lang='lat'><em>,</em></span> <span class='ocrx_word' id='word_1_301' title='bbox 2389 3928 2549 3993; x_wconf 87' lang='lat' dir='ltr'><strong>quae</strong></span> <span class='ocrx_word' id='word_1_302' title='bbox 2598 3907 2675 3972; x_wconf 88' lang='lat' dir='ltr'><strong>de</strong></span> <span class='ocrx_word' id='word_1_303' title='bbox 2721 3911 2939 3973; x_wconf 84' lang='lat' dir='ltr'><strong>cervis</strong></span> 
     </span>
     <span class='ocr_line' id='line_1_33' title="bbox 552 4012 2938 4100; baseline -0.001 -19"><span class='ocrx_word' id='word_1_304' title='bbox 552 4016 677 4082; x_wconf 89' lang='lat' dir='ltr'><strong>sibi</strong></span> <span class='ocrx_word' id='word_1_305' title='bbox 737 4017 895 4100; x_wconf 88' lang='lat' dir='ltr'><strong>ipsis</strong></span> <span class='ocrx_word' id='word_1_306' title='bbox 953 4013 1354 4078; x_wconf 89' lang='lat' dir='ltr'><strong>medentibus</strong></span> <span class='ocrx_word' id='word_1_307' title='bbox 1413 4014 1650 4092; x_wconf 89' lang='lat' dir='ltr'><strong>tradat,</strong></span> <span class='ocrx_word' id='word_1_308' title='bbox 1712 4015 2139 4100; x_wconf 76' lang='lat' dir='ltr'><strong>desumpsisse</strong></span> <span class='ocrx_word' id='word_1_309' title='bbox 2198 4035 2277 4079; x_wconf 79' lang='lat' dir='ltr'><strong>ex</strong></span> <span class='ocrx_word' id='word_1_310' title='bbox 2320 4012 2533 4079; x_wconf 90' lang='lat' dir='ltr'><strong>Plinio</strong></span> <span class='ocrx_word' id='word_1_311' title='bbox 2553 4062 2570 4091; x_wconf 89' lang='lat'><strong><em>,</em></strong></span> <span class='ocrx_word' id='word_1_312' title='bbox 2619 4035 2697 4078; x_wconf 89' lang='lat' dir='ltr'><strong>ex</strong></span> <span class='ocrx_word' id='word_1_313' title='bbox 2744 4017 2938 4078; x_wconf 85' lang='lat' dir='ltr'><strong>cuius</strong></span> 
     </span>
     <span class='ocr_line' id='line_1_34' title="bbox 553 4106 2936 4204; baseline -0 -17"><span class='ocrx_word' id='word_1_314' title='bbox 553 4123 631 4187; x_wconf 91' lang='lat' dir='ltr'><strong>de</strong></span> <span class='ocrx_word' id='word_1_315' title='bbox 675 4106 762 4185; x_wconf 87' lang='lat' dir='ltr'><strong>H.</strong></span> <span class='ocrx_word' id='word_1_316' title='bbox 787 4121 869 4185; x_wconf 91' lang='lat' dir='ltr'><strong>N.</strong></span> <span class='ocrx_word' id='word_1_317' title='bbox 910 4118 1092 4184; x_wconf 90' lang='lat' dir='ltr'><strong>libris</strong></span> <span class='ocrx_word' id='word_1_318' title='bbox 1131 4121 1347 4184; x_wconf 90' lang='lat' dir='ltr'><strong>omnia</strong></span> <span class='ocrx_word' id='word_1_319' title='bbox 1381 4141 1540 4204; x_wconf 88' lang='lat' dir='ltr'><strong>quae</strong></span> <span class='ocrx_word' id='word_1_320' title='bbox 1579 4120 1659 4184; x_wconf 92' lang='lat' dir='ltr'><strong>ad</strong></span> <span class='ocrx_word' id='word_1_321' title='bbox 1698 4141 1913 4185; x_wconf 90' lang='lat' dir='ltr'><strong>rerum</strong></span> <span class='ocrx_word' id='word_1_322' title='bbox 1954 4128 2253 4186; x_wconf 86' lang='lat' dir='ltr'><strong>naturam</strong></span> <span class='ocrx_word' id='word_1_323' title='bbox 2290 4122 2648 4204; x_wconf 89' lang='lat' dir='ltr'><strong>pertineant</strong></span> <span class='ocrx_word' id='word_1_324' title='bbox 2670 4119 2936 4186; x_wconf 87' lang='lat' dir='ltr'><strong>haurire</strong></span> 
     </span>
     <span class='ocr_line' id='line_1_35' title="bbox 551 4225 2935 4312; baseline -0.002 -18"><span class='ocrx_word' id='word_1_325' title='bbox 551 4227 783 4304; x_wconf 84' lang='lat' dir='ltr'><strong>soleat,</strong></span> <span class='ocrx_word' id='word_1_326' title='bbox 837 4227 1213 4312; x_wconf 88' lang='lat' dir='ltr'><strong>praesertim</strong></span> <span class='ocrx_word' id='word_1_327' title='bbox 1273 4246 1474 4310; x_wconf 92' lang='lat' dir='ltr'><strong>quum</strong></span> <span class='ocrx_word' id='word_1_328' title='bbox 1535 4247 1695 4311; x_wconf 88' lang='lat' dir='ltr'><strong>quae</strong></span> <span class='ocrx_word' id='word_1_329' title='bbox 1757 4248 1907 4291; x_wconf 83' lang='lat' dir='ltr'><strong>mox</strong></span> <span class='ocrx_word' id='word_1_330' title='bbox 1967 4226 2043 4292; x_wconf 91' lang='lat' dir='ltr'><strong>de</strong></span> <span class='ocrx_word' id='word_1_331' title='bbox 2099 4225 2546 4291; x_wconf 85' lang='lat' dir='ltr'><strong>hirundinibus</strong></span> <span class='ocrx_word' id='word_1_332' title='bbox 2594 4225 2776 4290; x_wconf 88' lang='lat' dir='ltr'><strong>docet</strong></span> <span class='ocrx_word' id='word_1_333' title='bbox 2794 4273 2811 4301; x_wconf 87' lang='lat'><strong>,</strong></span> <span class='ocrx_word' id='word_1_334' title='bbox 2860 4227 2935 4289; x_wconf 89' lang='lat' dir='ltr'><strong>in</strong></span> 
     </span>
     <span class='ocr_line' id='line_1_36' title="bbox 552 4330 2937 4419; baseline -0.003 -19"><span class='ocrx_word' id='word_1_335' title='bbox 552 4335 773 4400; x_wconf 90' lang='lat' dir='ltr'><strong>eodem</strong></span> <span class='ocrx_word' id='word_1_336' title='bbox 831 4333 1037 4416; x_wconf 87' lang='lat' dir='ltr'><strong>capite</strong></span> <span class='ocrx_word' id='word_1_337' title='bbox 1097 4330 1388 4398; x_wconf 88' lang='lat' dir='ltr'><strong>Pliniauo</strong></span> <span class='ocrx_word' id='word_1_338' title='bbox 1449 4331 1767 4419; x_wconf 82' lang='lat' dir='ltr'><strong>legantur.</strong></span> <span class='ocrx_word' id='word_1_339' title='bbox 1831 4332 2163 4398; x_wconf 86' lang='lat' dir='ltr'><strong>Praeterea</strong></span> <span class='ocrx_word' id='word_1_340' title='bbox 2209 4331 2533 4418; x_wconf 80' lang='lat' dir='ltr'><strong>Vergilius</strong></span> <span class='ocrx_word' id='word_1_341' title='bbox 2580 4352 2694 4416; x_wconf 88' lang='lat' dir='ltr'><strong>pro</strong></span> <span class='ocrx_word' id='word_1_342' title='bbox 2738 4331 2937 4394; x_wconf 69' lang='lat' dir='ltr'><strong>cervis</strong></span> 
     </span>
     <span class='ocr_line' id='line_1_37' title="bbox 549 4435 2933 4524; baseline -0.003 -18"><span class='ocrx_word' id='word_1_343' title='bbox 549 4441 750 4512; x_wconf 89' lang='lat' dir='ltr'><strong>Plinii</strong></span> <span class='ocrx_word' id='word_1_344' title='bbox 795 4445 859 4504; x_wconf 91' lang='lat' dir='ltr'><strong>et</strong></span> <span class='ocrx_word' id='word_1_345' title='bbox 905 4435 1282 4503; x_wconf 77' lang='lat' dir='ltr'><strong>Tertulliani</strong></span> <span class='ocrx_word' id='word_1_346' title='bbox 1327 4461 1543 4520; x_wconf 75' lang='lat' dir='ltr'><strong>caprae</strong></span> <span class='ocrx_word' id='word_1_347' title='bbox 1589 4439 1752 4504; x_wconf 87' lang='lat' dir='ltr'><strong>feras</strong></span> <span class='ocrx_word' id='word_1_348' title='bbox 1796 4445 2129 4504; x_wconf 86' lang='lat' dir='ltr'><strong>memorat.</strong></span> <span class='ocrx_word' id='word_1_349' title='bbox 2178 4441 2484 4504; x_wconf 87' lang='lat' dir='ltr'><strong>Attamen</strong></span> <span class='ocrx_word' id='word_1_350' title='bbox 2532 4436 2756 4502; x_wconf 82' lang='lat' dir='ltr'><strong>verba:</strong></span> <span class='ocrx_word' id='word_1_351' title='bbox 2780 4436 2933 4524; x_wconf 84' lang='lat' dir='ltr'><strong>ser-</strong></span> 
     </span>
    </p>
   </div>
   <div class='ocr_carea' id='block_1_7' title="bbox 3142 123 3146 1194">
    <p class='ocr_par' dir='ltr' id='par_1_12' title="bbox 3142 123 3146 1194">
     <span class='ocr_line' id='line_1_38' title="bbox 3142 123 3146 1194; baseline 0 0"><span class='ocrx_word' id='word_1_352' title='bbox 3142 123 3146 1194; x_wconf 95' lang='lat' dir='ltr'><strong> </strong></span> 
     </span>
    </p>
   </div>
  </div>
 </body>
</html>
