3192 5009
541 337 673 405 296
1271 354 1357 404 An
1403 351 1660 404 nanum
1702 352 2166 404 meua'rnmun.

631 522 702 592 C.
756 523 858 587 14.
885 521 993 588 20.
1064 523 1314 586 Paratum
1375 523 1539 586 icbad
1595 545 1816 600 vereor,
1880 545 1953 586 ne
2012 545 2156 608 quos
2191 521 2445 606 privata
2492 520 2763 584 amicitia
2806 519 2929 583 Iu-

531 632 788 712 9mthae
818 653 1042 712 parum
1087 629 1322 710 coquita
1369 636 1735 694 transvorsos
1782 637 1941 710 ayat.

627 735 792 801 Sunt
859 735 1053 800 verba
1112 756 1271 821 quae
1332 735 1651 801 Adherbal
1712 757 1861 801 cum
1923 737 2001 800 ad
2064 734 2383 800 auxilium
2434 733 2925 820 implorandum

533 843 806 908 Romam
850 845 1156 919 venisset,
1206 845 1274 906 in
1320 841 1559 907 Senatu
1600 841 1854 908 locutus
1900 847 2015 907 est.
2064 842 2137 907 In
2186 842 2415 927 quibus
2456 860 2617 928 quae
2657 843 2743 904 sit
2778 861 2929 904 ver-

532 950 762 1014 borum
795 971 1020 1031 parum
1063 949 1299 1030 coquita
1346 951 1659 1014 sententia
1704 951 2025 1014 neminem
2074 948 2279 1034 fugit:
2326 951 2545 1012 monet
2590 943 2927 1010 Adherbal

531 1054 778 1140 aliquos
825 1056 1108 1119 amicitia
1154 1052 1505 1140 Iugurthae
1552 1076 1626 1120 eo
1674 1054 1932 1140 perduci
1976 1075 2160 1139 posse
2206 1059 2282 1118 ut
2328 1053 2484 1140 quid
2525 1056 2778 1117 iustum
2822 1053 2920 1114 sit

532 1160 688 1246 quid
746 1162 1066 1225 iniustum
1127 1181 1253 1224 non
1313 1167 1568 1238 curent,
1631 1161 1821 1247 idque
1881 1182 1953 1225 eo
2018 1167 2276 1225 tantum
2323 1160 2460 1224 fieri
2506 1179 2691 1244 posse
2736 1156 2919 1243 quod

531 1265 816 1332 nondum
863 1268 1215 1331 amicitiam
1259 1265 1441 1331 illam
1491 1269 1647 1331 satis
1692 1269 2022 1352 cognitam
2069 1267 2361 1331 habeant.

621 1371 692 1438 Si
741 1376 867 1437 ista
914 1371 1232 1437 Adherbal
1278 1373 1482 1438 dicere
1521 1372 1831 1438 voluisset
1849 1421 1865 1449 ,
1914 1375 2129 1457 potius
2177 1375 2609 1458 expectaveris
2657 1370 2913 1451 coquiti.

484 1521 493 1528 -
534 1477 658 1544 Sed
703 1483 768 1544 et
814 1481 1097 1543 amicitia
1143 1477 1492 1565 Iugurthae
1538 1484 1604 1543 et
1648 1482 1783 1564 ipse
1828 1498 1938 1543 rex
1984 1477 2285 1542 Romanis
2330 1480 2703 1542 notissimus
2749 1481 2919 1541 erat.

617 1583 806 1648 Illam
825 1633 842 1661 ‚
886 1583 1118 1669 amplis
1155 1585 1528 1649 muneribus
1566 1585 1900 1668 probatam
1918 1632 1934 1661 ,
1966 1585 2037 1647 in
2060 1582 2193 1648 dies
2215 1583 2420 1668 pluris
2443 1583 2875 1648 aestimabant
2895 1630 2915 1658 ,

523 1691 693 1756 hunc
755 1690 1073 1755 cotidiano
1135 1711 1257 1755 usu
1307 1691 1386 1754 ad
1431 1689 1853 1755 Numantiam
1900 1690 2091 1774 probe
2137 1693 2461 1754 noverant.
2512 1685 2637 1769 (Of.
2692 1686 2795 1750 15.
2824 1687 2912 1750 1:

523 1795 911 1882 Iugurtham
956 1796 1032 1861 ab
1083 1795 1319 1862 Senatu
1359 1801 1571 1882 petere
1612 1818 1689 1861 ne
1732 1818 1797 1862 se
1837 1795 2043 1860 alium
2080 1801 2380 1882 putarent
2418 1816 2489 1860 ac
2511 1795 2913 1860 Numantiae

529 1903 822 1988 cognitus
871 1906 1086 1980 esset.)

612 2006 828 2071 'Pimet
874 2006 1193 2072 Adherbal
1237 2029 1315 2072 ne
1362 2028 1518 2093 quos
1566 2010 1817 2093 privata
1863 2010 2149 2073 amicitia
2192 2007 2547 2094 Iugurthae
2586 2013 2915 2071 transvor-

523 2134 627 2177 sos
674 2117 861 2198 agat,
913 2133 1036 2176 non
1085 2113 1252 2197 quod
1298 2113 1615 2200 Iugurtha
1661 2135 1884 2198 parum
1936 2116 2231 2200 cognitus
2277 2116 2363 2178 sit
2410 2111 2521 2178 sed
2565 2111 2733 2198 quod
2780 2110 2915 2174 Ro—

521 2221 698 2283 mani
718 2266 732 2294 ,
783 2238 820 2281 a
864 2216 1096 2305 legatis
1143 2222 1314 2304 regis
1360 2218 1641 2304 decepti,
1690 2218 2031 2284 sceleribus
2078 2222 2217 2283 eius
2262 2218 2567 2283 inauditis
2613 2217 2911 2282 nondum

520 2325 674 2388 satis
733 2322 880 2388 fidei
940 2323 1192 2388 habent.
1259 2323 1383 2403 Qui
1429 2323 1620 2389 falsos
1670 2325 1746 2390 de
1793 2323 2149 2390 Adherbale
2198 2329 2563 2409 sparserunt
2608 2343 2909 2388 rumores

521 2427 655 2509 (14.
685 2427 808 2492 20:
875 2428 1156 2515 „fingere
1217 2451 1322 2494 me
1383 2431 1576 2495 verba
1638 2439 1702 2496 et
1747 2431 1974 2518 fugam
2022 2428 2328 2494 simulare
2375 2431 2480 2494 cui
2524 2427 2779 2494 licuerit
2823 2429 2907 2492 in

520 2555 718 2620 regno
780 2537 1098 2612 manere”,
1163 2543 1228 2602 et
1280 2535 1488 2601 15.1:
1540 2535 2026 2622 „Hiempsalem
2072 2536 2151 2602 ob
2198 2537 2536 2601 saevitiam
2582 2554 2767 2599 suam
2816 2533 2907 2599 ab

518 2639 816 2705 Numidis
853 2641 1293 2717 interfectum3
1336 2640 1759 2707 Adherbalem
1797 2641 1966 2707 ultro
2006 2640 2251 2706 bellum
2284 2641 2663 2706 inferentem
2680 2688 2697 2718 ,
2724 2647 2908 2724 post-

518 2765 712 2833 quam
760 2753 1093 2832 superatus
1139 2749 1257 2825 sit,
1307 2751 1520 2833 queri,
1569 2747 1740 2833 quod
1781 2750 2087 2812 iniuriam
2132 2747 2335 2812 facere
2380 2745 2907 2832 nequivisset.’'),

517 2872 676 2938 quos
723 2857 860 2917 tota
905 2854 1184 2918 oratione
1227 2855 1286 2917 is
1332 2854 1606 2919 refutare
1652 2851 1996 2920 contendit.

607 2957 780 3037 Quae
841 2979 990 3023 cum
1049 2961 1144 3024 ita
1191 2962 1352 3038 sint,
1401 2959 1621 3025 nullus
1666 2959 1887 3025 dubito
1932 2963 2091 3044 quin
2138 2957 2485 3024 Sallustius
2529 2960 2903 3044 scripserit:

512 3061 792 3130 Tantum
837 3063 1001 3128 illud
1045 3085 1285 3142 vereor,
1333 3086 1412 3130 ne
1458 3087 1616 3151 quos
1661 3067 1913 3150 privata
1958 3066 2241 3130 amicitia
2284 3087 2351 3128 re
2384 3087 2608 3146 parum
2652 3063 2903 3145 coquito

514 3175 905 3235 transvorsos
952 3177 1124 3258 agat.

605 3272 701 3342 Of.
752 3275 857 3340 51.
891 3275 960 3340 l:
1011 3281 1264 3364 cognita
1312 3299 1378 3343 re
1426 3285 1831 3363 properantes
1878 3299 2057 3343 arma
2108 3280 2387 3364 capiunt.

748 3379 854 3447 52.
883 3382 960 3447 6:
1012 3386 1289 3461 veritus,
1354 3405 1431 3449 ne
1495 3382 1748 3470 legatus
1812 3388 2072 3471 cognita
2133 3405 2199 3449 re
2260 3383 2699 3450 laborantibus
2750 3385 2894 3448 suis

1007 3489 1248 3555 auxilio
1295 3491 1474 3555 foret.
1571 3551 1578 3562 ,

602 3701 673 3771 C.
723 3700 828 3768 32.
862 3704 919 3767 1.
969 3703 1137 3768 Haec
1173 3711 1349 3788 atque
1385 3704 1516 3767 alia
1555 3705 1797 3768 huiusce
1834 3704 1992 3768 modi
2014 3727 2191 3787 saepe
2211 3704 2543 3770 indicando
2570 3707 2890 3771 Memmius

501 3809 729 3894 populo
762 3811 1093 3892 persuadet
1139 3810 1232 3873 uti
1278 3833 1325 3873 e.
1353 3833 1409 3894 q.
1435 3833 1483 3874 ε.

598 3915 697 3980 Ita
758 3917 1000 3981 codices
1059 3937 1210 3980 mss.
1273 3919 1522 4002 optimi.
1586 3917 1866 3983 Eussner
1909 3919 2150 4000 saepius
2195 3918 2455 3982 dicundo
2473 3967 2491 3997 ,
2541 3918 2767 3984 Iordan
2814 3920 2887 3983 in

507 4022 774 4086 contione
835 4021 1082 4085 dicendo
1142 4021 1489 4108 legendum
1549 4026 1830 4100 censuit,
1894 4027 2062 4088 inter
2108 4024 2175 4086 in
2222 4032 2287 4088 et
2333 4024 2591 4090 dicundo
2640 4024 2888 4110 aliquid

504 4128 810 4195 excidisse
870 4135 1120 4213 putans.
1191 4128 1508 4213 Equidem
1571 4128 1897 4192 inmundo
1958 4150 2179 4194 veram
2221 4129 2563 4195 lectionem
2606 4151 2740 4196 esse
2788 4151 2889 4195 ar-

508 4237 722 4302 bitror.
786 4233 946 4299 'I'ota
1007 4237 1178 4299 enim
1240 4238 1522 4300 oratione
1585 4233 1938 4300 Memmius
1984 4238 2361 4320 patientiam
2404 4236 2639 4323 populo
2687 4237 2889 4303 obicit

504 4362 628 4426 qua
688 4339 1040 4406 nobilitatis
1099 4342 1366 4404 iniurias
1429 4361 1680 4426 semper
1742 4339 1982 4406 tulerit.
2055 4339 2153 4408 cf.
2216 4359 2378 4426 quae
2440 4342 2516 4408 de
2581 4363 2654 4408 eo
2700 4342 2887 4408 affert

504 4454 724 4514 auctor
781 4451 849 4512 in
911 4444 981 4513 C.
1031 4445 1137 4510 30.
1167 4445 1242 4511 3:
1307 4453 1416 4524 „at
1476 4444 1546 4513 C.
1595 4447 1947 4513 Memmius
1998 4495 2013 4513 .
2044 4497 2059 4512 .
2090 4497 2105 4512 .
2134 4496 2148 4513 .
2196 4451 2364 4514 inter
2410 4448 2881 4516 dubitationem
