3192 5009
590 248 726 315 214
1586 274 1986 323 Amenanus.

1043 428 1119 507 ὃς
1164 439 1307 501 οὐκ
1355 436 1445 502 ἴδ’
1491 439 1765 519 άστέρ’
1810 441 1875 504 ού
1924 438 2500 522 διζωνεδιζητο

588 548 772 606 acute
843 541 927 606 K.
1000 542 1169 607 vidit
1244 543 1501 609 subesse
1572 548 1955 609 sententiam
2023 546 2128 631 qui
2193 568 2378 631 neque
2445 545 2716 626 cbupeum
2783 566 2962 627 neque

586 648 821 711 hastam
870 650 1217 734 quaerebam
1234 698 1250 726 ,
1296 670 1494 735 quam
1542 652 1841 716 audacter
1885 655 1977 731 (in
2021 657 2199 716 tanta
2245 653 2416 716 enim
2461 649 2813 736 corruptela
2853 648 2962 713 lit-

588 760 869 819 terarum
921 758 1129 840 apices
1177 755 1414 821 frustra
1461 758 1737 837 curabis)
1783 760 1874 822 sic
1918 760 2345 822 restituerim:

1040 856 1114 931 ὃς
1163 862 1443 926 ἀσπίδ’
1492 863 1670 926 οὐδὲ
1719 862 2146 941 δουράτιον
2194 861 2536 943 ἐδίζητο.

586 965 727 1031 Hoc
787 972 955 1031 certe
1018 966 1324 1051 dispicere
1392 966 1543 1032 licet
1561 1017 1578 1045 ‚
1643 967 1984 1034 lectionem
2043 968 2122 1032 ἴδ’
2185 968 2392 1049 ἀστέρ’
2459 974 2680 1033 natam
2739 987 2865 1031 esse
2929 986 2965 1029 e

584 1090 898 1172 scriptura
946 1112 987 1149 α
1006 1111 1043 1149 σ
1062 1058 1223 1166 τ’ἓδρ,
1266 1092 1331 1153 et
1369 1088 1540 1168 διζων
1580 1088 2015 1176 dittographia
2038 1090 2312 1175 quadam
2336 1112 2370 1155 e
2394 1091 2682 1175 sequenti
2711 1085 2960 1167 εδιζητο.

677 1214 737 1277 p.
791 1190 943 1270 534,
968 1193 1026 1257 d.
1092 1192 1491 1279 Transpono:
1558 1194 1932 1273 ἀφικόμενος
1982 1197 2034 1260 δ’
2085 1194 2153 1271 ἐξ
2201 1196 2706 1271 Ὀλυμπίας,
2754 1194 2956 1263 Ἀθή-

586 1322 809 1373 νησιν
880 1298 980 1363 δύο
1049 1305 1317 1371 πίνακας
1388 1301 1674 1376 άνὲθηκεν
1743 1324 1858 1387 pro
1930 1302 2176 1368 soloeco
2243 1304 2306 1369 ά.
2379 1304 2433 1367 δ’
2502 1300 2816 1376 Ἀθήνησιν
2890 1296 2965 1372 ἐξ

586 1407 975 1482 Ὀλυμπίας.

675 1533 737 1596 p.
790 1510 942 1588 535,
967 1512 1009 1576 f.
1058 1512 1141 1577 τὸ
1190 1512 1253 1577 δὲ
1300 1518 1465 1577 πᾶν
1511 1514 1539 1577 ὃ
1588 1515 1775 1584 πόλος
1821 1515 2128 1594 ἐνύφαντο
2174 1519 2440 1595 χρυσοῦς
2489 1511 2752 1593 άστέρας
2801 1510 2960 1593 ἔχων

586 1617 689 1681 καὶ
730 1620 816 1679 τά
856 1616 1085 1683 δώδεκα
1112 1616 1316 1698 ζῴδια.
1362 1618 1525 1685 Vera
1546 1620 1738 1685 lectio
1763 1621 2052 1686 videtur:
2098 1620 2216 1685 ἔτι
2261 1620 2321 1684 δὲ
2366 1624 2525 1691 πᾶς
2568 1618 2803 1688 ὅπόλος
2829 1618 2956 1681 κτὲ.

677 1745 737 1809 p.
789 1722 941 1801 536,
965 1746 1016 1789 c.
1087 1723 1465 1790 ΤΗΕΟΡΟΜΡΙ
1533 1728 1729 1792 verba
1799 1730 1888 1792 sic
1959 1726 2262 1813 suppleo:
2335 1728 2412 1797 ὡς
2489 1724 2868 1805 Ἀρχίδαμος
2937 1722 2963 1785 ὃ

584 1829 813 1896 Λάκων
862 1831 1145 1902 ἀποστὰς
1196 1838 1305 1903 τῆς
1360 1834 1633 1911 πατρίας
1682 1834 1919 1905 διαίτης
1970 1834 2283 1908 συνηθίσθη
2337 1830 2538 1913 (ζῆν)
2578 1831 2817 1908 ξενικῶς
2859 1830 2961 1894 καὶ

584 1944 917 2015 μαλακῶς.
990 1939 1157 2003 Ante
1229 1941 1531 2011 ΞΕΝικῶς
1605 1942 1869 2026 periisse
1939 1942 2212 2006 verbum
2280 1942 2710 2005 necessarium
2779 1957 2962 2002 nemo

585 2044 947 2110 mirabitur.

674 2174 737 2237 p.
790 2148 943 2229 536,
968 2172 1023 2215 e.
1098 2148 1611 2227 κατατεινόμενον
1682 2148 1778 2217 οὖν
1829 2190 1915 2200 —-
1967 2148 2154 2217 εἶπεν.
2228 2153 2364 2216 Aut
2431 2172 2581 2216 cum
2638 2149 2960 2216 Meiuekio

580 2257 931 2344 legendum
1004 2255 1519 2333 κατατεινόμενος
1539 2307 1555 2336 ,
1629 2264 1745 2323 aut
1805 2260 2005 2345 (quod
2064 2259 2192 2325 fere
2250 2257 2693 2344 praetulerim)
2758 2259 2965 2334 εἰπεῖν,

582 2366 950 2429 continuata
1018 2368 1340 2427 structura
1399 2385 1514 2448 per
1575 2364 1726 2429 Acc.
1788 2386 1840 2429 c.
1904 2364 2024 2429 Inf.
2089 2364 2215 2429 Pro
2263 2364 2476 2430 verbis
2523 2360 2595 2435 ὥς
2646 2362 2790 2427 ποτ’
2839 2358 2916 2427 οὗ
2936 2387 2966 2425 ν

583 2469 953 2550 ἐρράισεν
1037 2468 1140 2533 κα)
1229 2470 1517 2534 κατεῖδεν
1600 2470 1733 2535 διά
1819 2494 2044 2535 τινων
2129 2468 2752 2546 ὑπολαμπάδων
2821 2469 2956 2538 τοὺς

582 2576 963 2652 Αἰγυπτίους
1006 2575 1177 2654 παρὰ
1220 2575 1323 2638 τὸν
1362 2576 1645 2653 ποταμὸν
1680 2577 2276 2654 ἀριστοποιουμένους
2300 2576 2526 2642 lubens
2549 2578 2968 2641 correxerim:

581 2678 656 2754 ὥς
714 2680 851 2745 ποτ’
906 2680 1390 2762 άνερράισεν
1438 2683 1541 2747 καὶ
1593 2683 1879 2748 κατεῖδεν
1924 2684 2355 2748 διαπεινῶν
2409 2684 2563 2760 (καὶ
2611 2682 2972 2761 διοχλούμε-

581 2786 767 2864 νος-(ί)
839 2787 984 2852 ὑπὸ
1061 2801 1164 2851 λα
1183 2812 1360 2864 μπα
1383 2788 1562 2853 δίων
1629 2789 1768 2860 τοὺς
1842 2789 2224 2867 Αἰγυπτίους
2291 2790 2462 2871 παρὰ
2529 2792 2634 2853 τὸν
2681 2787 2960 2866 ποταμὸν

580 2892 1175 2976 άριστοποιουμένους
1238 2894 1344 2959 καὶ
1392 2896 1477 2959 τοὶ
1519 2896 1803 2976 τυχόντα
1855 2896 2378 2976 προσφερομένους
2428 2897 2532 2960 ἐπί
2577 2921 2650 2960 τε
2695 2902 2808 2969 τῆς
2857 2894 2972 2972 άμ-

579 3024 699 3079 μου
758 2999 961 3081 χύδην
1024 3000 1444 3079 ἐρριμμένους,
1502 3002 1807 3067 εἰπεῖν·
1858 2999 1900 3067 ὦ
1948 3002 2153 3074 τάλας
2207 3004 2364 3081 ἐγώ,
2412 3002 2483 3066 τὸ
2534 3002 2690 3080 μηδὲ
2741 3004 2966 3067 τούτων

577 3104 685 3172 ἕνα
733 3107 1038 3185 γενέσθαι.
1085 3105 1363 3192 Hauptii
1414 3107 1755 3193 opuscula,
1807 3129 1968 3194 quae
2008 3111 2165 3173 citat
2201 3107 2308 3187 K„
2349 3108 2514 3172 mihi
2558 3116 2807 3194 praesto
2849 3130 2968 3173 non

578 3220 764 3292 sunt,
825 3217 919 3278 ita
964 3219 1038 3277 ut
1086 3213 1243 3298 quid
1289 3214 1365 3278 de
1412 3214 1477 3277 h.
1503 3213 1547 3278 1.
1599 3213 2028 3300 disputaverit
2072 3217 2385 3300 ignorem.
2437 3213 2829 3293 Ἀνερράισεν
2877 3213 2974 3278 de·

577 3319 764 3384 betur
807 3318 1135 3383 Meinekio
1156 3366 1171 3395 ,
1224 3318 1541 3383 διαπεινῶν
1587 3319 1904 3385 Kaibeli0.

666 3447 729 3510 p.
790 3421 1011 3504 537‚f.
1080 3423 1485 3505 Ἀλεξάνδρου
1546 3432 1653 3490 τοῦ
1719 3428 2210 3505 Ἀριστοτελικοῦ
2280 3425 2712 3497 τοσούτοις
2783 3424 2970 3490 αὑτὸν

576 3532 1017 3611 άφομοιοῦντος
1091 3526 1311 3610 θεοῖς,
1351 3532 1559 3613 άτοὶρ
1647 3532 1783 3596 καὶ
1872 3543 1964 3614 τῇ
2036 3530 2386 3611 Ἀρτέμιδι,
2461 3531 2536 3596 In
2605 3552 2972 3618 praegresso

573 3637 843 3703 Epmm
886 3636 1025 3702 loco
1073 3636 1149 3701 de
1194 3636 1445 3702 duobus
1494 3643 1753 3702 tantum
1800 3637 1898 3703 dis
1919 3686 1935 3716 ,
1986 3639 2303 3704 Ammone
2353 3642 2418 3701 et
2463 3636 2670 3703 Diana
2689 3687 2705 3716 ,
2755 3658 2965 3704 sermo

572 3748 706 3821 est,
756 3746 971 3829 itaque
1018 3746 1323 3813 τοσούτοις
1372 3742 1540 3808 male
1586 3745 1692 3808 hic
1737 3746 2050 3829 interpres
2099 3743 2648 3829 Schweighaiiseri
2697 3750 2782 3807 tot
2831 3764 2970 3807 ver·

574 3853 689 3927 tit,
762 3871 914 3914 cum
978 3849 1302 3914 debuisset
1364 3850 1590 3926 tantis,
1659 3854 1770 3915 sed
1831 3853 2101 3915 minime
2167 3849 2434 3935 expedio
2496 3848 2712 3914 addita
2769 3849 2964 3914 verba

571 3956 737 4034 άτοὶρ
800 3956 903 4019 καὶ
972 3965 1049 4038 τῇ
1119 3954 1469 4031 Ἀρτέμιδι,
1538 3958 1665 4021 nisi
1711 3961 1856 4021 ante
1905 3978 1980 4021 ea
2019 3955 2274 4041 aliquid
2321 3957 2617 4040 perierit,
2667 3954 2852 4047 velut
2896 3954 2958 4018 οὖ

572 4061 750 4139 μόνον
789 4066 1084 4139 ’Ἄμμωνι
1112 4113 1128 4145 ,
1179 4064 1286 4142 θεῷ
1335 4060 1578 4142 ξενικῷ,
1630 4062 1800 4148 quod
1844 4065 2060 4127 minus
2105 4084 2303 4149 grave
2351 4062 2559 4126 videri
2608 4067 2882 4147 poterat.

662 4190 727 4253 p.
779 4166 930 4245 540,
957 4190 1011 4233 e.
1072 4167 1168 4232 De
1229 4167 1571 4253 Polycrate
1620 4166 1838 4233 Samio
1886 4171 2169 4234 Anmns:
2220 4166 2313 4232 ὅτι
2360 4168 2692 4243 οὐδαμόθεν
2742 4166 2966 4245 duay}-

571 4296 855 4355 γραπται
921 4282 1224 4351 γυναῖκας
1290 4273 1323 4348 ἢ
1392 4275 1632 4345 παῖδας
1699 4276 2328 4358 μεταπεμψάμενος,
2394 4276 2593 4340 καίτοι
2660 4274 2796 4354 περὶ
2861 4276 2972 4343 τὰς

572 4388 689 4447 τῶν
750 4380 1000 4459 άρρένων
1067 4380 1318 4456 ὁμιλίας
1386 4379 1795 4460 ἐπτοημένος,
1855 4383 1930 4455 ὦς
1980 4381 2084 4444 κα)
2135 4382 2398 4461 άντερίἑν
2446 4380 2840 4463 Ἀνακρέοντι
2887 4380 2968 4461 τῷ
