3192 5009
603 296 735 365 224

1673 504 1915 553 (nonno.

686 668 862 735 Verr.
926 668 1007 747 ΙΙ,
1076 670 1135 747 1,
1180 669 1283 749 15,
1325 670 1431 736 38.
1506 709 1589 719 --
1659 671 1980 739 Secundae
2045 675 2310 737 actionis
2369 675 2437 737 in
2499 672 2766 737 Verrem
2817 669 2974 735 liber

595 778 841 862 primus
910 776 1066 841 falso
1133 778 1503 842 inscribitur
1574 778 1690 855 „de
1763 785 2058 865 praetura
2129 778 2433 843 urbana''.
2507 777 2720 843 Multo
2791 777 2972 863 plura

594 886 765 947 enim
810 886 1091 947 continet
1135 882 1381 969 flagitia
1427 889 1616 969 atque
1656 885 1966 963 facinora,
2023 906 2217 970 quam
2259 906 2416 970 quae
2455 883 2679 949 Verres
2717 891 2973 969 praetor

592 991 871 1055 urbanus
918 992 1309 1055 commisisse
1358 991 1652 1055 traditur.
1701 989 1930 1056 Totam
1970 994 2176 1057 vitam
2217 991 2650 1057 scelestissimi
2690 991 2972 1056 hominis
3085 996 3087 1027 ³

592 1101 737 1161 ante
784 1102 1148 1180 praeturam
1193 1094 1588 1161 Siciliensem
1640 1106 1844 1160 actam
1888 1096 2104 1163 Cicero
2145 1119 2217 1162 eo
2257 1097 2421 1162 libro
2460 1098 2873 1182 persequitur
2913 1104 2971 1159 et

591 1204 895 1288 exagitat.
947 1200 1254 1267 Omnium
1290 1205 1574 1287 primum
1616 1203 2042 1288 proditionem
2081 1207 2140 1269 ei
2182 1204 2439 1281 obiicit,
2481 1224 2631 1268 cum
2675 1211 2972 1290 quaestor
3087 1224 3089 1278 ς

594 1306 919 1373 consulem
990 1329 1182 1372 suum
1252 1315 1468 1373 contra
1526 1309 1621 1373 fas
1682 1309 1960 1373 deseruit
2023 1315 2087 1374 et
2149 1310 2226 1373 ad
2291 1309 2583 1375 Sullanas
2643 1318 2864 1395 partes
2911 1331 2970 1374 se

596 1412 899 1491 contulit,
950 1434 1072 1477 non
1117 1435 1242 1498 quo
1290 1414 1708 1498 optimatibus
1751 1417 1964 1499 potius
2011 1415 2288 1491 faveret,
2340 1414 2447 1480 sed
2496 1416 2792 1481 idoneam
2833 1436 2970 1481 cau-

586 1542 722 1585 sam
768 1528 990 1584 nactus
1035 1540 1211 1585 arcae
1252 1520 1550 1585 militaris
1588 1520 1981 1606 expilandae.
2033 1520 2106 1585 In
2149 1543 2272 1606 quo
2298 1524 2564 1587 crimine
2589 1521 2964 1607 explicando

588 1633 796 1691 orator
840 1626 962 1691 sibi
1011 1631 1361 1711 temperare
1408 1649 1531 1692 non
1576 1634 1817 1712 potest,
1867 1631 2020 1713 quin
2065 1627 2281 1692 locum
2321 1627 2512 1692 illum
2555 1650 2962 1693 communem

587 1753 665 1796 ex
724 1734 1161 1817 promptuario
1223 1736 1377 1796 artis
1423 1733 1769 1798 rhetoricae
1817 1732 2230 1818 desumptum
2276 1735 2560 1809 intexat,
2612 1734 2964 1820 proditores

584 1837 690 1902 vel
748 1840 829 1902 iis
894 1838 1123 1923 quibus
1187 1841 1429 1922 prosint
1494 1839 1637 1903 odio
1701 1860 1834 1905 esse
1885 1837 2117 1914 solere,
2167 1839 2357 1924 idque
2409 1842 2606 1904 etiam
2655 1842 2722 1904 in
2773 1839 2961 1903 Verre

582 1964 879 2031 apparere
961 1942 1369 2008 demonstret.
1444 1944 1682 2010 Melius
1745 1945 2006 2031 quidem
2069 1945 2354 2023 fecisset,
2430 1948 2485 2009 si
2558 1946 2676 2011 hoc
2749 1954 2958 2011 totum

585 2053 936 2127 omisisset,
1001 2051 1169 2135 quod
1231 2053 1297 2114 in
1347 2054 1726 2116 contrariam
1775 2059 2026 2137 partem
2073 2054 2283 2137 magis
2331 2050 2534 2129 valet;
2585 2071 2735 2117 nam
2785 2051 2964 2137 perfi-

586 2157 705 2221 dus
766 2163 1059 2243 quaestor
1122 2178 1159 2222 a
1220 2156 1399 2221 Sulla
1462 2158 1736 2243 praediis
1785 2160 2320 2243 proscriptorum,
2371 2158 2752 2243 proditionis
2807 2178 2962 2222 mer·

586 2263 767 2339 cede,
831 2269 1055 2327 auctus
1116 2270 1230 2327 est.
1295 2262 1475 2343 Quod
1524 2260 1741 2329 Cicero
1792 2284 1940 2327 cum
1988 2284 2219 2350 negare
2267 2285 2391 2327 non
2438 2266 2676 2347 possit,
2727 2261 2960 2327 saltem

585 2375 923 2434 extenuare
984 2375 1262 2433 conatur.
1326 2368 1569 2433 Verum
1614 2370 1767 2433 haec
1816 2368 2153 2433 artificiosa
2199 2372 2672 2454 argumentatio
2720 2371 2790 2432 in
2842 2367 2960 2433 edi-

585 2476 863 2540 tionibus
900 2474 1067 2539 male
1108 2475 1544 2561 distinguitur,
1587 2483 1663 2538 ut
1705 2473 1911 2560 figura
1955 2474 2466 2560 „occupationis”
2512 2494 2672 2559 quae
2703 2473 2956 2547 dicitur,

580 2584 649 2645 in
733 2602 857 2666 qua
940 2580 1491 2645 demonstrationis
1562 2602 1865 2667 magnam
1936 2588 2182 2665 partem
2261 2584 2459 2644 inesse
2530 2579 2776 2656 voluit,
2851 2584 2954 2644 vix

582 2693 977 2773 agnoscatur.
1032 2686 1103 2749 ln
1149 2685 1291 2751 luce
1337 2692 1625 2770 ponetur,
1675 2690 1730 2751 si
1777 2685 1991 2750 locum
2037 2688 2100 2748 in
2143 2686 2312 2751 hunc
2350 2686 2617 2750 modum
2658 2686 2958 2751 distinxe-

580 2796 819 2857 rimus:
884 2793 1025 2875 Ipse
1073 2793 1276 2869 Sulla,
1326 2792 1423 2854 cui
1470 2794 1758 2855 adventus
1807 2792 1983 2854 istius
2023 2792 2401 2872 qratissimm
2449 2814 2570 2855 esse
2609 2793 2848 2870 debuit,
2891 2792 2954 2853 ab

576 2923 639 2963 se
698 2900 980 2963 hominem
1044 2907 1219 2983 atque
1282 2899 1352 2959 ab
1417 2898 1677 2961 exercitu
1737 2920 1840 2960 suo
1902 2898 2146 2961 removit
2160 2926 2188 2973 ,·
2239 2898 2567 2961 Beneventi
2613 2921 2734 2961 esse
2783 2898 2957 2961 iussit

580 3007 748 3088 apud
792 3028 886 3067 eos
902 3053 918 3082 ,
970 3027 1109 3089 quos
1154 3005 1281 3067 suis
1314 3004 1595 3085 partibus
1643 3004 2024 3067 amicissimos
2073 3026 2194 3067 esse
2237 3003 2612 3084 intelliqebat
2629 3051 2644 3081 ,
2697 3004 2800 3066 ubi
2849 3004 2956 3067 iste

578 3134 832 3175 summae
893 3111 984 3173 rei
1046 3132 1366 3195 causaeque
1426 3132 1630 3173 nocere
1693 3110 1855 3172 nihil
1892 3118 2106 3191 posset.
2158 3148 2242 3157 —
2293 3110 2392 3172 'Ei
2427 3116 2644 3191 postea
2677 3109 2953 3192 praemia

580 3226 773 3281 tamen
821 3217 1153 3280 liberaliter
1198 3216 1451 3278 tribuit'.
1501 3252 1586 3263 —-
1639 3216 1811 3278 Bona
1857 3218 2142 3300 quaedam
2178 3214 2655 3297 proscriptorum
2703 3215 2770 3278 in
2815 3236 2954 3297 affro

580 3324 995 3387 Beneventano
1042 3322 1392 3404 diripienda
1436 3322 1718 3384 concessit
1738 3371 1754 3397 ,
1803 3322 2012 3383 habuit
2044 3322 2314 3384 honorem
2353 3328 2419 3383 ut
2447 3322 2798 3404 proditori,
2843 3346 2954 3387 non

584 3438 649 3493 ut
696 3429 881 3491 amico
912 3430 1121 3511 fidem.
2362 3428 2421 3492 J.
2471 3428 2534 3493 S.
2580 3427 2866 3494 SPRIJRR.

1651 3682 1879 3731 LIVIUS.

669 3817 844 3885 Utile
882 3814 1253 3903 exemplum
1292 3814 1692 3883 emblematis
1731 3820 2003 3882 occurrit
2043 3817 2211 3904 apud
2251 3817 2515 3882 Livium
2553 3816 2712 3881 XXI
2738 3814 2847 3894 34,
2874 3816 2948 3880 2:

584 3922 863 4011 „Magno
909 3934 1066 3988 natu
1114 3927 1429 4009 principes
1470 3921 1876 3987 castellorum
1917 3929 2194 3987 oratores
2231 3924 2309 3987 ad
2349 3924 2640 3987 Poenum
2661 3926 2946 3998 veniunt,

575 4032 797 4098 alienis
844 4029 1064 4109 malis,
1116 4030 1260 4094 utili
1306 4030 1567 4111 exemplo
1587 4078 1604 4105 ,
1647 4028 1860 4094 doctos
1903 4036 2326 4093 memorantes
2367 4031 2720 4093 amicitiam
2759 4027 2948 4093 malle

574 4159 767 4223 quam
838 4140 976 4203 vim
1046 4140 1319 4223 experiri
1390 4134 1822 4201 Poenorum’'.
1894 4135 2120 4200 Risum
2190 4142 2450 4199 movent
2513 4133 2716 4220 legati
2781 4134 2947 4199 ultro

572 4245 1090 4331 philosophantes
1134 4242 1694 4328 Hannibalemque
1738 4241 2028 4307 docentes
2071 4240 2322 4307 felicem
2345 4262 2480 4306 esse
2503 4260 2694 4325 quem
2721 4240 2950 4305 faciant

573 4352 775 4418 aliena
820 4349 1101 4437 pericula
1147 4360 1429 4416 cautum.
2075 4346 2161 4411 H.
2202 4345 2302 4411 W.
2343 4364 2474 4411 vm
2511 4363 2642 4411 mm
2680 4344 2859 4411 Mar.
