3192 5009
922 301 1005 348 nn
1050 300 1670 350 msusumvrtomsus
1716 299 2018 349 nomme.
2521 280 2654 348 423

284 467 353 530 in
412 463 653 551 Campo
715 465 956 532 Martio
1002 467 1265 552 quidem
1281 517 1299 546 ,
1348 469 1577 533 statuit
1621 466 1937 552 populum
1980 467 2132 532 huic
2177 467 2657 554 inaugurationi

281 571 643 638 interfuisse
706 572 1058 638 secundum
1102 576 1420 640 centurias
1467 573 1835 639 ordinatum
1853 622 1868 651 ,
1918 575 2068 658 quia
2111 594 2240 638 non
2284 571 2506 638 liceret
2553 593 2658 638 cu—

282 679 406 742 rias
474 683 653 744 extra
721 681 1087 765 pomerium
1154 683 1369 746 vocari
1398 676 1469 760 1).
1539 679 1682 744 Hoc
1751 678 1942 744 modo
2011 681 2220 766 igitur
2290 678 2660 744 Mommsen

283 788 543 850 conatus
611 789 709 850 est
775 785 1132 851 satisfacere
1211 786 1457 852 duabus
1532 785 2004 851 condicionibus
2082 805 2238 870 quas
2318 787 2458 870 ipse
2535 785 2659 850 sibi

281 888 515 956 tulerat
532 939 548 968 ‚
600 911 873 976 quarum
918 912 1048 956 una
1092 898 1227 957 erat
1272 899 1347 956 ut
1381 894 1708 979 integram
1745 897 2026 957 servaret
2063 889 2247 956 illam
2290 893 2659 976 opinionem

282 1004 761 1083 praesumptam
778 1047 794 1076 ‚
845 1001 1105 1064 comitia
1151 998 1353 1064 calata
1390 1019 1525 1064 esse
1562 1019 1602 1062 a
1640 997 1934 1084 pontifice
1971 997 2190 1062 habita
2208 1044 2225 1074 ,
2267 996 2468 1062 altera
2505 1017 2658 1062 vero

280 1109 357 1168 ut
400 1109 644 1169 teneret
658 1152 677 1181 ,
726 1106 991 1169 comitia
1033 1106 1389 1170 centuriata
1433 1103 1640 1169 calata
1683 1123 2003 1190 nusquam
2049 1102 2268 1169 referri
2313 1123 2498 1188 posse
2535 1104 2662 1166 nisi

280 1209 360 1274 ad
424 1196 989 1296 inaugurationem
1057 1212 1398 1276 sacerdotis
1467 1205 1774 1288 alicuius3
1859 1214 2203 1294 utramque
2272 1211 2658 1276 sententiam

281 1317 455 1381 enim
524 1316 779 1401 probari
848 1320 1061 1382 censet
1128 1316 1340 1382 verbis
1409 1315 1722 1382 Labeonis
1783 1315 1953 1403 apud
2018 1313 2308 1382 Gellium
2353 1317 2622 1381 servatis
2639 1364 2656 1393 ,

282 1441 444 1506 quae
512 1442 667 1486 mox
734 1421 1010 1488 afferam.
1082 1421 1207 1487 His
1269 1421 1514 1488 duabus
1574 1422 2046 1488 condicionibus
2110 1443 2368 1507 prorsus
2427 1424 2661 1486 nititur

280 1528 643 1592 coniectura
686 1547 882 1613 quam
926 1528 1079 1594 fecit
1126 1527 1203 1594 de
1247 1527 1503 1594 flamine
1550 1528 1838 1595 martiali
1880 1531 1949 1593 in
1989 1530 2268 1594 comitiis
2307 1527 2662 1592 ccmaeiabie

280 1631 503 1698 calatis
546 1634 1027 1720 inaugurand03
1078 1655 1231 1699 nam
1276 1656 1390 1720 per
1433 1655 1501 1700 se
1548 1635 1704 1700 haec
1749 1636 2109 1700 coniectura
2126 1681 2143 1712 ‚
2193 1636 2315 1699 etsi
2352 1634 2518 1700 facta
2564 1639 2662 1698 est

282 1757 356 1804 ea
417 1742 763 1825 sagacitate
812 1761 1009 1825 quam
1056 1741 1359 1806 admirari
1404 1740 1654 1806 facilius
1703 1761 1896 1826 quam
1939 1742 2185 1805 imitari
2231 1742 2376 1826 quis
2419 1743 2624 1825 possit
2643 1788 2660 1817 ‚

279 1864 407 1909 non
452 1843 739 1910 multum
784 1846 977 1912 habet
1023 1868 1147 1932 quo
1194 1869 1263 1912 se
1308 1848 1744 1925 commendet;
1797 1853 1870 1911 ut
1912 1850 2046 1911 iam
2091 1846 2344 1912 silentio
2389 1851 2663 1933 praeter-

280 1952 541 2015 mittam
587 1950 739 2016 illos
784 1958 1131 2017 conventus
1178 1952 1404 2038 populi
1448 1955 1860 2019 centuriatim
1903 1952 2155 2017 habitos
2173 2000 2190 2030 ,
2254 1955 2662 2038 perantiquos

280 2061 349 2122 et
408 2055 629 2122 Servio
674 2056 889 2123 Tullio
934 2079 1085 2145 rege
1130 2058 1339 2124 multo
1384 2062 1770 2146 antiquiores
1787 2108 1805 2136 ,
1853 2058 1930 2124 de
1975 2058 2208 2145 quibus
2252 2058 2664 2123 vehementer

281 2161 563 2228 dubitari
608 2161 759 2228 licet
779 2213 795 2241 ,
844 2164 910 2229 id
958 2170 1127 2231 certe
1171 2169 1600 2232 necessarium
1647 2187 1772 2231 non
1817 2186 1952 2231 esse
1997 2164 2276 2242 videtur,
2335 2163 2662 2230 flaminem

286 2267 521 2334 Martis
606 2275 786 2334 extra
853 2274 1215 2356 pomerium
1279 2275 1742 2358 inaug-uratum
1812 2292 1946 2336 esse
2014 2273 2270 2336 etiamsi
2339 2270 2662 2356 templum

283 2374 517 2441 Martis
577 2375 774 2441 fuerit
832 2383 1012 2443 extra
1069 2381 1432 2463 pomerium
1449 2427 1465 2458 ‚
1530 2385 1597 2445 et
1657 2380 1768 2442 vix
1828 2399 1990 2463 opus
2048 2383 2146 2442 est
2189 2397 2536 2464 provocare
2582 2377 2663 2442 ad

282 2479 489 2546 Salios
535 2484 647 2567 qui
692 2481 972 2548 Martem
1020 2483 1354 2550 coluerunt
1396 2489 1466 2549 in
1511 2485 1689 2551 urbe.
1739 2483 1865 2550 Sed
1881 2533 1897 2561 ,
1943 2489 2020 2549 ut
2067 2483 2234 2561 dixi,
2282 2486 2455 2570 grati
2494 2488 2662 2550 certe

281 2591 711 2674 acciperemus
774 2593 1205 2656 coniecturam
1266 2613 1393 2676 qua
1438 2594 1635 2657 careri
1679 2612 1805 2656 non
1851 2596 2064 2676 posset
2081 2639 2098 2668 ,
2150 2592 2204 2654 si
2249 2590 2664 2674 probaremus

283 2694 440 2760 duas
484 2692 630 2759 illas
678 2695 1096 2762 condiciones.
1145 2695 1387 2762 Verum
1432 2704 1660 2763 neutra
1695 2696 1930 2761 harum
1969 2698 2123 2761 satis
2160 2694 2346 2760 firma
2384 2695 2658 2760 videtur.

281 2800 631 2867 Videamus
700 2823 861 2887 quae
930 2806 1031 2869 vis
1101 2825 1333 2890 cogens
1399 2806 1555 2869 insit
1614 2806 1680 2868 in
1743 2803 1955 2869 verbis
2015 2801 2348 2868 Labeonis.
2414 2799 2662 2868 Gellius

282 2906 418 2988 (15.
446 2905 554 2975 27.
606 2907 704 2994 §l
756 2917 821 2974 et
869 2909 937 2992 2)
984 2911 1104 2976 hoc
1150 2911 1380 2976 tradit:
1433 2911 1542 2989 „in
1588 2910 1742 2973 libro
1790 2909 1996 2973 Laeui
2041 2909 2268 2972 Febieis
2317 2956 2331 2972 .
2361 2956 2375 2971 .
2406 2956 2421 2972 .
2472 2908 2659 2991 scrip—

281 3021 405 3078 tam
467 3021 555 3078 est
570 3061 587 3092 ,
648 3015 975 3079 labeonem
1017 3017 1271 3080 scribere
1288 3065 1303 3095 ‚
1354 3017 1557 3080 calata
1604 3015 1846 3078 comibia
1890 3037 2012 3078 esee
2057 3037 2208 3100 quae
2243 3036 2363 3096 pro
2412 3014 2660 3095 colleqio

270 3120 629 3202 ponttficwm
666 3121 959 3184 habentur
1005 3129 1113 3185 aut
1156 3121 1315 3203 reqie
1360 3129 1467 3185 aut
1494 3121 1818 3205 flaminum
1863 3121 2416 3202 inamata-audonem
2460 3143 2658 3184 ema.

284 3227 507 3290 Eorum
550 3233 749 3290 autem·
790 3227 921 3290 abia
966 3249 1088 3291 esse
1131 3228 1366 3291 onor-iata
1385 3277 1402 3305 ‚
1451 3227 1583 3290 alia
1627 3227 1984 3291 ommium.
2043 3225 2292 3288 Gur-iata
2324 3248 2445 3308 per
2497 3225 2664 3288 bieco-

283 3354 405 3395 rem
464 3331 787 3396 eur-iabiwm
845 3333 1040 3397 calari
1102 3333 1145 3397 i.
1173 3357 1221 3397 e.
1288 3333 1571 3398 advectu-i
1588 3381 1606 3412 ,
1671 3333 2009 3396 centvm-iata
2059 3354 2180 3415 per
2239 3331 2662 3396 comiciam&

284 3437 702 3503 Manifestum
773 3444 871 3504 est
890 3489 907 3516 ‚
977 3440 1171 3504 verba
1234 3440 1480 3518 „calata
1540 3439 1782 3502 comitia
1844 3461 1965 3503 esee
2027 3460 2180 3523 quae
2229 3459 2352 3520 pro
2415 3438 2662 3518 callepio

273 3544 631 3627 pontificum
674 3545 965 3610 habentur
1010 3553 1117 3608 aut
1161 3547 1318 3626 reyie
1363 3553 1469 3609 aut
1490 3544 1813 3628 flaminum
1849 3545 2400 3624 inauyurcmdorum
2437 3541 2660 3606 camd'

285 3649 531 3716 duobus
594 3651 803 3716 modis
862 3651 1158 3738 intellegi
1219 3672 1423 3737 posse.
1496 3650 1666 3716 Nam
1711 3657 1824 3716 aut
1872 3652 2237 3716 existimare
2286 3669 2660 3736 possumus,

284 3755 351 3818 id
389 3756 559 3841 quod
607 3756 683 3820 de
730 3758 1007 3822 comitiis
1054 3757 1274 3822 calatis
1322 3760 1392 3821 in
1437 3758 1555 3822 hac
1605 3757 1918 3822 sententia
1953 3755 2355 3842 praedicetur
2392 3765 2493 3834 (ea
2531 3775 2665 3821 esse

284 3864 542 3928 comitia
580 3862 659 3928 ad
696 3883 920 3949 regem
959 3869 1073 3929 aut
1108 3863 1435 3929 flaminem
1470 3863 1994 3950 inaugurandum
2033 3882 2070 3927 a
2101 3860 2396 3947 pontifice
2420 3861 2664 3942 habita)

282 3970 373 4033 ita
435 3969 966 4056 comprehendere
1030 3977 1236 4035 totam
1297 3972 1757 4056 proprietatem
1820 3989 2042 4034 eorum
2091 3969 2504 4032 comitiorum
2523 4015 2539 4044 ,
2591 3974 2666 4031 ut

286 4095 363 4139 ex
407 4076 509 4140 his
556 4074 976 4141 excludantur
1020 4097 1239 4141 omnes
1284 4076 1563 4162 reliquae
1611 4080 1884 4141 actiones
1933 4075 2334 4140 sacerdotum
2377 4081 2492 4138 aut
2535 4095 2668 4139 ma-

286 4184 680 4268 gistratuum
696 4231 711 4261 ‚
778 4203 981 4268 neque
1030 4188 1353 4269 praeterea
1398 4182 1750 4268 quidquam
1797 4181 1876 4246 ad
1922 4184 2184 4246 comitia
2230 4180 2434 4246 calata
2477 4183 2669 4267 perti-

358 4420 409 4482 1)
446 4422 716 4470 Mommsen
752 4421 782 4468 8
817 4434 923 4484 pag.
962 4415 1058 4470 307
1096 4417 1203 4466 adn.
1242 4416 1287 4465 1.
