3192 5009
458 325 587 390 444
1397 342 1482 389 An
1528 339 1853 390 rmffloos.

456 508 561 575 Vs.
592 508 721 576 629
769 510 1000 576 Praeoo
1047 509 1191 589 οἱνῆρ
1232 507 1613 590 (Menelaus)
1660 505 2027 588 ἄφαντος
2078 505 2145 582 ἐξ
2185 506 2509 588 Ἀχαιικοῦ
2552 510 2818 586 στρατοῦ

1037 614 1225 687 αὑτός
1273 639 1343 680 τε
1390 615 1493 680 καὶ
1540 615 1611 680 τὸ
1658 621 1884 678 πλοῖον.
1933 614 1999 679 οὗ
2044 611 2241 691 ψευδῆ
2288 612 2476 692 λέγω.

770 722 956 792 Ohor.
1040 721 1284 801 πότερον
1332 720 1626 801 οὶναχθεὶς
1676 722 2054 800 ἐμφανῶς
2104 720 2172 797 ἐξ
2218 719 2438 798 Ἰλίου,

1036 830 1070 904 ἢ
1119 835 1414 908 χεῖμα,
1466 829 1651 891 κοινὸν
1696 823 1928 908 ἄχθος,
1980 823 2213 904 ἥρπασε
2262 830 2566 908 στρατοῦ;

450 935 816 1001 Admodum
862 936 1122 1001 obscure
1165 937 1258 1000 ita
1303 936 1555 1020 scripsit
1592 938 1779 1019 poeta
1798 982 1814 1012 ‚
1858 935 1913 998 si
1948 934 2102 999 haee
2139 937 2440 1020 poterunt
2460 931 2821 1021 significare

455 1044 581 1119 „ist
642 1063 708 1107 er
767 1041 1069 1105 vielleicht
1113 1041 1484 1106 unvermerkt
1531 1062 1646 1106 vor
1694 1038 1884 1105 Troia
1926 1040 2438 1121 wrsckqebbieben
2457 1090 2473 1119 ‚
2522 1041 2665 1104 oder
2710 1039 2823 1105 hat

451 1147 732 1211 viebmehr
779 1149 881 1213 ein
927 1147 1148 1212 Sturm
1194 1147 1306 1211 ihn
1353 1168 1476 1211 von
1524 1147 1645 1212 den
1689 1145 1897 1212 Heere
1943 1147 2415 1234 fortgerissen.'’

539 1252 958 1320 Manifestum
1025 1254 1294 1319 arbitror
1360 1275 1484 1319 non
1546 1253 1938 1320 disiunctiva
2001 1256 2369 1340 quaestione
2432 1275 2624 1319 usum
2686 1273 2823 1319 esse

457 1365 742 1446 poetam,
789 1359 899 1425 sed
948 1359 1225 1426 dedisse:

819 1467 1066 1544 πότερον
1113 1466 1405 1545 ἀναχθεὶς
1458 1467 1753 1548 ἐμφανῶς
1802 1467 1871 1546 ἐξ
1918 1468 2136 1544 Ἰλίου,

819 1573 952 1637 καὶ
999 1580 1241 1652 χεῖμα,
1291 1573 1478 1637 κοινὸν
1528 1571 1761 1655 ἄχθος,
1812 1571 2044 1652 ἥρπασε
2092 1577 2392 1653 στρατοῦ;

461 1683 504 1745 i.
533 1700 586 1745 e.
634 1685 832 1743 utrum
878 1686 983 1760 (=
1005 1684 1112 1759 an)
1156 1679 1481 1765 manifesto
1527 1681 1915 1761 (vobiscum)
1962 1679 2034 1743 ab
2082 1679 2207 1743 Ilio
2243 1680 2591 1766 profectum
2641 1679 2833 1743 hiem

460 1810 499 1850 a
544 1786 730 1850 classe
777 1785 1046 1868 abripuit
1089 1785 1434 1849 Menelaum
1451 1786 1488 1848 ?
1534 1785 1887 1870 Utramque
1931 1785 2228 1852 voculam
2275 1789 2513 1872 passim
2559 1805 2598 1850 a
2642 1784 2835 1851 libras-

460 1895 574 1958 riis
619 1891 919 1958 confundi
967 1893 1108 1978 quis
1153 1889 1394 1957 nescit?

552 2108 658 2173 Vs·
710 2104 839 2175 679
1743 2106 2063 2174 Μενέλεων
2110 2109 2236 2189 γὰρ
2282 2104 2377 2174 οὖν

868 2217 1093 2292 πρῶτόν
1147 2239 1213 2278 τε
1260 2215 1361 2279 καὶ
1414 2213 1703 2289 μάλιστα
1750 2213 2053 2295 προσδόκα
2101 2223 2419 2292 καμεῖν.

461 2321 686 2388 Editor
734 2321 939 2398 „deun
983 2342 1109 2386 von
1153 2319 1474 2386 Menelaos
1512 2320 1845 2407 jedenfalls
1884 2326 2091 2386 musst
2129 2320 2216 2386 du
2254 2320 2608 2386 annehmffl
2625 2368 2643 2398 ,
2685 2319 2835 2386 dass

461 2449 528 2494 er
591 2432 800 2493 zuerst
859 2426 991 2491 und
1053 2447 1160 2492 am
1219 2429 1488 2492 meisten
1536 2426 1808 2513 gelitten
1856 2428 1967 2492 hat
2016 2425 2179 2513 (vgl.
2234 2425 2455 2506 629)”.
2505 2424 2627 2492 Vix
2674 2429 2834 2491 satis

463 2554 686 2600 causae
747 2539 882 2598 erat
928 2553 1040 2598 our
1089 2531 1414 2597 Menelaus
1460 2533 1726 2598 eandem
1773 2555 1966 2619 quam
2014 2532 2244 2618 reliqui
2290 2529 2515 2598 Graeci
2562 2539 2839 2619 tempes-

465 2644 666 2705 tatem
727 2660 948 2725 passus
1011 2638 1158 2724 plus
1218 2659 1409 2724 quam
1474 2641 1668 2705 ceteri
1733 2639 2047 2705 laborasse
2096 2639 2471 2716 crederetur,
2523 2638 2632 2705 sed
2682 2641 2835 2724 quia

465 2745 745 2813 nondum
805 2748 874 2808 in
936 2747 1212 2830 patriam
1275 2751 1620 2810 reverterat
1640 2794 1655 2818 ‚
1719 2765 1956 2832 magna
2016 2751 2229 2810 tamen
2288 2751 2422 2811 erat
2469 2743 2832 2810 sollicitudo

461 2873 540 2917 ne
601 2854 859 2916 omnino
920 2872 1042 2914 non
1107 2872 1322 2936 sospes
1386 2851 1641 2917 rediret.
1708 2850 1911 2930 Quare
1974 2853 2182 2916 nescio
2229 2871 2308 2916 an
2355 2851 2550 2917 verba
2596 2848 2830 2927 πρῶτόν

462 2983 532 3024 τε
581 2959 682 3023 καὶ
730 2957 1018 3033 μάλιστα
1068 2978 1193 3022 non
1238 2979 1386 3023 eum
1437 2956 1671 3023 ultimo
1716 2958 1911 3022 verbo
1956 2956 2280 3044 iungenda
2327 2959 2485 3034 sint,
2534 2956 2644 3022 sed
2682 2977 2833 3021 cum

461 3067 842 3150 imperativo
889 3061 1212 3138 προσδόκα.
1264 3062 1444 3142 Quod
1490 3067 1543 3127 si
1590 3066 1683 3127 ita
1730 3071 1863 3140 est,
1910 3066 2127 3127 minus
2174 3062 2517 3148 probabilis
2566 3067 2663 3127 est
2707 3061 2838 3127 edi-

465 3175 620 3237 toris
676 3172 1034 3235 oonieotura
1098 3192 1305 3246 καμε
1329 3177 1398 3232 ῖν
1461 3191 1575 3254 pro
1646 3175 1941 3254 corrupta
2004 3169 2294 3235 codicum
2359 3172 2669 3254 scriptura
2714 3191 2837 3245 μο-

468 3285 674 3356 λεῖν,
723 3276 831 3342 sed
877 3278 1266 3361 praestiterit
1311 3277 1604 3340 θανεῖν.
1656 3273 1751 3342 cf.
1804 3275 1953 3340 635.

561 3490 666 3556 Vs.
703 3488 832 3557 ’792
870 3489 946 3555 σὺ
994 3488 1058 3553 δέ
1104 3512 1206 3566 μοι
1258 3489 1400 3553 τότε
1451 3488 1561 3562 μὲν
1613 3489 1888 3554 στέλλων
1936 3487 2235 3567 στρατιὰν

875 3595 1123 3667 Ἑλένης
1173 3590 1349 3672 ἕνεκ’,
1399 3594 1503 3659 οὐκ
1554 3592 1889 3672 ἐπικεύσω,

874 3701 1048 3780 κάρτ’
1099 3699 1579 3777 ἀπομούσως
1630 3695 1783 3773 ἦσθα
1832 3698 2269 3778 γεγραμμένος

874 3808 997 3875 οὐδ’
1047 3803 1112 3872 εὖ
1161 3806 1475 3887 πραπίδων
1522 3805 1707 3872 οἴακα
1757 3805 1970 3884 νέμων,
2019 3805 2146 3871 κτὲ.

467 3917 732 4004 Requiri
792 3915 1142 3992 ὥπόμουσος
1205 3913 1528 3979 intellexit
1573 3917 1706 3978 iam
1750 3911 2059 3999 Elmsley,
2110 3915 2223 3998 qui
2269 3911 2618 3989 α’πομουσός
2663 3913 2723 3975 τ’
2752 3949 2839 3960 -

469 4025 595 4091 οὔτ’
645 4027 997 4112 proposuit.
1055 4022 1265 4087 Etiam
1310 4021 1518 4086 lenius
1569 4027 1785 4085 tamen
1831 4023 2033 4105 possis
2083 4019 2436 4097 οἱπόμουσός
2483 4020 2550 4098 γ’
2578 4055 2663 4067 —-
2690 4017 2837 4084 οὐδ’.

558 4228 663 4296 Vs,
703 4225 832 4295 ’796
879 4230 980 4291 νῦν
1029 4226 1080 4290 δ’
1129 4227 1234 4290 οὐκ
1283 4227 1396 4288 ἀπ’
1443 4223 1637 4303 ἄκρας
1685 4223 1898 4299 φρενὸς
1950 4221 2069 4288 οὐδ’
2120 4222 2363 4302 ἀφίλως

878 4331 1114 4413 εὔφρων
1162 4331 1390 4400 πόνος
1442 4325 1508 4394 εὖ
1553 4328 1898 4394 τελέσασιν.

474 4439 690 4507 Weilii
749 4442 1106 4506 coniectura
1167 4436 1337 4508 πνόος
1388 4437 1551 4501 mihi
1600 4434 1921 4521 displicet,
1971 4437 2121 4521 quia
2168 4456 2370 4521 neque
2415 4435 2617 4502 subet.
2665 4434 2837 4508 πνόος
