3192 5009
541 355 674 423 2356
1348 372 1432 420 nn
1477 371 1749 421 'risurus
1794 366 2094 420 nonnus,

540 542 702 605 Arce
763 541 1045 624 auspicia
1103 540 1454 624 captavisse
1481 535 1552 618 ¹).
1616 537 1857 605 Deinde
1919 561 2067 604 cum
2131 542 2409 605 sciamus
2428 588 2442 616 ,
2502 543 2785 626 auspicia
2830 562 2910 605 ex

539 646 766 710 avibus
821 666 948 710 non
1005 646 1131 710 nisi
1190 644 1258 708 in
1319 645 1532 727 templo
1593 645 1918 726 (terrestri)
1936 694 1952 723 ‚
2006 649 2073 710 in
2118 645 2255 711 loco
2301 649 2686 733 inaugurato
2704 696 2721 723 ‚
2768 649 2909 732 capi

536 754 819 838 potuisse
843 749 896 832 ⁹)
916 799 932 828 ‚
980 750 1116 816 fieri
1161 771 1285 815 non
1329 756 1540 836 potest
1583 756 1661 816 ut
1697 750 1852 817 haec
1896 753 2178 837 auspicia
2217 752 2295 817 ab
2336 753 2691 838 auguribus
2728 759 2913 838 capta

537 861 666 922 sint
709 861 778 922 in
820 856 961 923 loco
1007 878 1198 942 quem
1244 858 1440 922 etiam
1484 859 1936 945 inaug-araturi
1984 863 2161 922 erant
2205 860 2350 942 ipsi.
2398 859 2735 923 Praeterea
2772 859 2913 943 ipsa

535 963 674 1030 loca
691 1013 707 1041 ‚
749 985 909 1049 quae
943 963 1492 1050 inaugurabantur
1525 965 1594 1026 in
1632 963 1820 1041 urbe,
1864 984 2344 1049 nonnumquam
2374 964 2693 1029 eiusmodi
2716 964 2913 1030 fuisse

533 1091 784 1136 necesse
823 1073 919 1135 est
954 1074 1030 1133 ut
1070 1069 1146 1134 de
1185 1071 1485 1154 auspiciis
1523 1069 1592 1132 in
1630 1069 1717 1132 eis
1754 1072 1954 1154 captis
1992 1091 2070 1134 ne
2093 1073 2361 1156 cog-itari
2386 1070 2647 1156 quidem
2672 1073 2909 1156 possit;

533 1176 704 1241 haud
749 1195 948 1261 pauca
995 1196 1218 1240 eorum
1264 1178 1437 1240 enim
1483 1175 1743 1240 fuerunt
1781 1175 2125 1241 admodum
2164 1196 2359 1261 parvo
2398 1178 2672 1242 circuitu
2688 1223 2705 1253 ‚
2746 1176 2915 1242 aedi-

533 1281 691 1346 ficiis
730 1280 876 1346 altis
914 1282 1172 1346 urbanis
1212 1281 1605 1346 circumdata
1620 1329 1636 1358 ‚
1678 1283 1747 1346 in
1783 1281 1953 1348 valle
1996 1289 2108 1348 aut
2147 1285 2214 1346 in
2251 1281 2486 1347 humili
2522 1281 2663 1348 loco
2703 1303 2915 1374 recon-

531 1387 666 1452 dita
683 1435 700 1464 ,
741 1388 855 1452 ubi
892 1407 1203 1474 augurem
1241 1386 1643 1452 tabernaculo
1682 1390 1888 1473 posito
1928 1409 2149 1454 versus
2190 1386 2519 1454 Orientem
2542 1409 2609 1454 se
2632 1389 2913 1475 dirigere

531 1500 594 1559 et
654 1492 902 1558 caelum
965 1493 1130 1579 quod
1191 1497 1303 1558 vix
1364 1497 1724 1580 conspicere
1778 1499 1991 1580 posset
2036 1496 2365 1566 observare
2410 1497 2695 1580 potuisse
2738 1503 2913 1560 recte

530 1621 744 1688 neges.
805 1599 1092 1685 Denique
1139 1599 1306 1686 quod
1351 1603 1534 1686 posui
1579 1602 1777 1666 etiam
1823 1599 2232 1666 confirmatur
2275 1598 2413 1667 loco
2460 1600 2672 1667 Servii
2719 1601 2911 1666 modo

529 1705 722 1770 allato
768 1711 942 1792 (pag.
986 1703 1116 1770 355
1164 1706 1305 1770 adn.
1333 1706 1422 1786 2),
1469 1727 1620 1771 nam
1666 1727 1816 1772 cum
1854 1705 2115 1772 Servius
2152 1712 2371 1793 putet,
2411 1705 2630 1772 locum
2668 1705 2915 1792 templo

527 1812 830 1877 idoneum
885 1834 922 1878 a
983 1811 1330 1898 Tarquinio
1393 1815 1587 1878 etiam
1652 1816 2014 1898 quaesitum
2074 1834 2208 1879 esse
2267 1815 2567 1899 auspiciis
2584 1861 2599 1890 ‚
2664 1821 2919 1879 constat

527 1920 808 2005 auspicia
869 1921 931 1984 ei
973 1921 1044 1983 in
1088 1917 1214 1984 alio
1259 1917 1400 1984 loco
1445 1923 1630 2004 capta
1677 1939 1811 1985 esse
1855 1918 2079 1984 videri.
2127 1920 2429 2004 Auspicia
2479 1927 2699 1984 autem
2746 1939 2915 2006 quae

529 2025 596 2088 iot
655 2023 895 2088 urbibus
956 2025 1275 2088 condendi-9
1336 2025 1753 2110 captabantur
1799 2025 1877 2090 ab
1922 2045 2167 2111 augure
2212 2027 2322 2111 qui
2370 2024 2724 2090 destinatus
2770 2031 2915 2090 erat

528 2133 721 2196 sacris
781 2152 977 2196 novae
1041 2130 1322 2196 coloniae
1339 2180 1356 2208 ,
1419 2152 1547 2196 non
1608 2134 1819 2218 mag-is
1879 2132 2273 2196 habebantur
2332 2133 2400 2195 in
2462 2153 2535 2196 eo
2594 2131 2731 2197 loco
2776 2151 2909 2216 quo

528 2239 700 2301 muri
745 2235 1013 2301 ducendi
1053 2243 1266 2315 erant,
1309 2237 1417 2302 sed
1455 2236 1607 2302 alibi
1648 2239 1717 2301 in
1753 2237 2014 2323 templo,
2061 2237 2203 2303 Iam
2241 2237 2409 2324 quod
2445 2236 2644 2303 Varro
2683 2238 2913 2304 scribit

527 2341 667 2422 (1.1.
719 2340 965 2421 5.143)
1037 2344 1196 2421 „hoc
1258 2348 1570 2422 (aratrum
1634 2342 2130 2424 circumducere)
2194 2344 2507 2409 faciebant
2571 2341 2909 2430 religionis

527 2469 716 2512 causa
776 2449 875 2512 die
933 2449 1306 2531 auspicato'',
1355 2450 1679 2515 ostendere
1726 2449 1983 2516 videtur
2026 2453 2309 2535 auspicia
2356 2467 2484 2514 non
2527 2452 2597 2514 in
2644 2471 2717 2514 eo
2763 2449 2909 2514 loco

525 2559 706 2639 capte
756 2574 890 2619 esse
934 2557 1002 2618 in
1049 2576 1175 2640 quo
1223 2561 1506 2620 aratrum
1552 2555 2161 2621 circumducebatur.
2218 2555 2341 2621 Sed
2396 2557 2755 2620 maximum
2804 2575 2903 2620 ar-

524 2666 914 2745 gumentum
974 2663 1217 2746 petitur
1263 2681 1340 2726 ex
1386 2659 1600 2726 fabula
1649 2682 1809 2746 quae
1855 2662 1933 2727 de
1976 2662 2133 2727 urbe
2180 2682 2217 2726 a
2263 2659 2539 2726 Romulo
2586 2667 2651 2726 et
2698 2661 2903 2726 Remo

525 2765 775 2831 condita
813 2766 1153 2832 ferebatur.
1191 2767 1422 2832 Forma
1459 2766 1709 2833 fabulae
1748 2769 2192 2853 antiquissima
2222 2767 2375 2832 haec
2399 2768 2599 2832 fuisse
2620 2767 2905 2844 videtur,

525 2872 876 2937 Romulum
938 2872 1148 2939 solum
1207 2873 1400 2938 fuisse
1461 2874 1852 2940 conditorem
1914 2875 2089 2939 urbis
2107 2922 2122 2951 ‚
2188 2881 2252 2940 et
2306 2873 2382 2938 de
2425 2872 2561 2939 loco
2609 2873 2911 2938 Palatino

428 3059 432 3063 ῃ
521 2979 960 3065 inaugurando
1010 2980 1086 3044 ab
1132 3001 1204 3044 eo
1253 2979 1388 3044 solo
1436 2983 1717 3066 auspicia
1763 2987 1945 3067 capta
1990 3002 2123 3046 esse
2153 2983 2223 3058 3).
2274 2979 2517 3044 Ennius
2564 2985 2627 3044 et
2672 2979 2911 3044 Livius

521 3084 782 3149 tradunt
800 3133 816 3162 ‚
879 3107 1004 3150 non
1062 3084 1138 3150 de
1182 3085 1320 3150 loco
1368 3084 1661 3173 eligendo
1711 3088 2007 3172 auspiciis
2054 3088 2392 3151 certavisse
2438 3083 2791 3150 Romulum
2838 3092 2911 3150 et

521 3190 798 3256 Remum
818 3239 833 3267 ‚
898 3212 1047 3256 cum
1103 3191 1179 3256 de
1227 3191 1516 3258 Palatino
1562 3191 1852 3280 eligendo
1902 3194 2055 3257 satis
2100 3194 2267 3257 inter
2314 3212 2418 3257 eos
2466 3193 2869 3256 convenisset
2886 3240 2906 3268 ,

523 3296 631 3361 sed
703 3297 778 3362 de
839 3299 1093 3362 nomine
1161 3318 1360 3362 novae
1420 3298 1596 3363 urbis
1662 3303 1727 3363 et
1788 3298 1865 3364 de
1927 3319 2123 3384 regno
2152 3299 2237 3378 ⁸);
2302 3298 2496 3363 verba
2558 3295 2905 3363 Messallae

522 3403 788 3490 auguris
833 3425 992 3489 quae
1040 3406 1321 3469 servavit
1366 3401 1615 3470 Gellius
1655 3425 1781 3469 non
1820 3404 2173 3480 declarant,
2214 3424 2340 3490 qua
2376 3404 2453 3469 de
2492 3425 2557 3469 re
2598 3405 2906 3489 auspiciis

521 3510 863 3574 certavisse
901 3507 1259 3574 Romulum
1297 3516 1361 3574 et
1399 3509 1677 3575 Remum
1714 3512 2039 3596 putaverit
2079 3509 2414 3587 Messalla,
2459 3507 2697 3575 deloco
2720 3509 2905 3574 urbis

519 3615 771 3680 futurae
833 3636 912 3680 an
972 3615 1048 3680 de
1113 3618 1369 3682 nomine
1429 3617 1605 3681 urbis
1655 3623 1720 3682 et
1766 3617 1841 3682 de
1887 3617 2155 3701 imperio
2182 3617 2267 3694 ις);
2318 3613 2431 3680 alii
2476 3619 2732 3680 narrant
2777 3614 2903 3680 Ro-

523 3720 779 3786 mulum
840 3724 907 3785 in
966 3720 1288 3800 PalatinO,
1350 3721 1628 3788 Remum
1691 3727 1802 3786 aut
1846 3724 1915 3786 in
1957 3723 2278 3788 Aventino
2326 3725 2441 3787 aut
2483 3723 2551 3786 in
2597 3720 2901 3786 Remoria

535 3868 625 3874 ——--
682 3869 703 3872 ,-
757 3867 773 3872 ·-
822 3869 830 3872 -
890 3867 930 3874 ..-

589 3958 642 4020 1)
683 3959 913 4006 Mnemon.
951 3956 1096 4006 1891.
1135 3956 1198 4006 19
1235 3973 1336 4022 pag.
1373 3958 1472 4006 408
1491 3973 1558 4022 sq.
1595 3985 1661 3994 -
1697 3957 1751 4022 2)
1790 3943 2036 4006 Mnemon(
2070 3957 2211 4006 1890.
2251 3958 2328 4006 18.
2366 3971 2472 4022 pag.
2510 3957 2623 4012 239.
2658 3953 2747 4006 cfr.
2781 3954 2900 4006 ibid.

522 4055 622 4105 pag.
674 4041 771 4088 243
817 4040 923 4088 adn.
975 4039 1019 4089 1.
1075 4066 1136 4076 —
1190 4037 1247 4101 3)
1286 4038 1394 4088 Vid.
1444 4042 1715 4089 Mommsen
1766 4039 1868 4089 -die
1919 4036 2324 4103 Remuslegende’'
2378 4039 2609 4099 (Hermes
2648 4038 2792 4087 1881.
2838 4039 2899 4087 16

519 4138 624 4188 pag.
675 4123 859 4184 1-23)
905 4136 1010 4185 pag.
1050 4121 1127 4169 14.
1175 4148 1241 4158 —
1286 4122 1342 4185 4)
1387 4121 1490 4170 Li«.
1539 4122 1721 4172 1.6.4=
1766 4129 1849 4170 unt
1880 4121 1991 4179 dei,
2026 4135 2232 4185 quorum
2272 4119 2453 4170 tutelae
2486 4135 2541 4169 ea
2574 4120 2677 4169 loca
2710 4123 2897 4178 amnt.

519 4203 734 4267 auguriis
780 4201 1014 4266 legerent,
1061 4201 1144 4266 qui
1191 4218 1363 4251 nomen
1399 4218 1546 4252 novae
1589 4197 1696 4251 urbi
1730 4204 1881 4261 daret,
1914 4203 1997 4266 qui
2030 4202 2272 4252 conditam
2307 4201 2511 4267 imperio
2546 4203 2763 4265 regeret,
2798 4201 2898 4250 P·-

521 4285 692 4334 latinm
735 4283 994 4342 Romulus,
1044 4285 1220 4333 Reum
1263 4285 1556 4335 Aventinum
1589 4286 1649 4334 ad
1685 4285 2069 4349 inaugurandum
2104 4283 2285 4350 templa
2319 4281 2572 4349 capiunt'’;
2612 4283 2732 4333 Eun.
2770 4285 2897 4334 Ann.

521 4383 587 4416 vs.
622 4368 687 4416 80
719 4367 860 4430 (Luc.
898 4365 1128 4430 Miiller):
1170 4371 1469 4427 »eei-tabant,
1505 4366 1672 4416 urbem
1711 4367 1911 4419 Romam
1942 4367 2255 4416 Remoramne
2284 4364 2557 4417 vocar-cnf’.
2594 4391 2660 4402 —
2696 4367 2750 4427 5)
2768 4363 2898 4415 Gen.

521 4449 700 4497 13.14.
721 4451 771 4498 ὗε
816 4447 894 4496 nin
929 4463 984 4496 eo
1018 4450 1178 4498 monte
1213 4449 1497 4514 (Aventino)
1535 4450 1713 4498 Remus
1747 4448 1877 4498 urbis
1910 4447 2176 4498 condendae
2210 4447 2369 4512 gratia
2398 4444 2663 4514 auspicavi&
2690 4461 2897 4511 avesque

519 4528 683 4579 irritas
717 4527 930 4580 hnbuiff.
