3192 5009
576 230 707 318 180
1528 266 1974 319 Amsroramzs

568 437 843 501 adducar
886 442 961 500 ut
1006 436 1260 501 credam
1311 437 1544 518 θυρίδας
1594 444 1660 502 et
1709 440 1884 517 θύρας
1933 440 2060 502 nisi
2096 458 2135 501 a
2169 437 2446 502 librariis
2488 438 2771 523 potuisse
2809 458 2956 503 con-

565 544 748 607 fundi
766 564 781 620 3
821 542 1085 607 fortasse
1123 545 1218 607 ita
1253 549 1351 608 est
1390 544 1778 629 expedienda
1818 566 1916 610 res
1956 550 2031 609 ut
2069 544 2246 609 aliud
2267 548 2336 609 in
2360 544 2638 632 Hippiae
2663 544 2914 611 decreto
2933 594 2952 621 ,

564 648 741 715 aliud
801 652 867 714 in
930 648 1137 713 edicto
1185 648 1472 715 aedilicio
1518 653 1824 736 temporis
1872 651 2266 717 Aristotelici
2311 651 2506 716 fuisse
2553 658 2916 717 statuamus
2933 700 2951 729 ‚

563 776 683 842 ego
732 762 948 820 tamen
994 758 1204 841 magis
1248 755 1487 821 inclino
1534 758 1602 820 in
1650 778 1794 821 eam
1840 759 2205 843 opinionem
2251 765 2327 822 ut
2373 757 2648 843 Hippias
2695 777 2954 843 quoque

564 862 901 942 θυ<ρί>δας
964 882 1125 947 quae
1192 861 1474 947 plateam
1536 884 1762 928 versus
1825 862 2275 929 evolverentur
2321 863 2460 929 fieri
2506 866 2816 941 vetuerit,
2869 863 2954 927 de

557 972 770 1035 ianuis
814 967 979 1033 nihil
1026 968 1318 1033 edixerit.

651 1172 803 1259 Cap.
873 1172 957 1237 55
1026 1178 1371 1257 postquam
1442 1175 1740 1257 exposuit
1809 1177 2081 1259 scriptor
2149 1175 2464 1259 quomodo
2535 1174 2674 1238 fieri
2743 1170 2954 1238 soleat

556 1283 1061 1368 magistratuum
1109 1279 1480 1355 δοκιμασία,
1528 1282 1622 1343 ita
1669 1282 1914 1366 pergit:
1969 1282 2328 1355 δοκιμασθὲν
2375 1284 2606 1361 (immo
2655 1281 2952 1354 δοκιμασ-

559 1388 755 1456 θέντες
774 1384 818 1466 l)
865 1387 931 1450 δὲ
974 1390 1187 1449 τοῦτον
1234 1385 1337 1448 τὸν
1389 1385 1627 1464 τρόπον,
1679 1385 2002 1467 βαδίζουσι
2053 1386 2198 1466 πρὸς
2246 1388 2345 1452 τὸν
2396 1387 2558 1452 λίθον
2607 1396 2715 1451 ΤΦ
2745 1433 2759 1450 .
2789 1434 2804 1449 .
2857 1388 2948 1449 τοὶ

557 1502 783 1559 ΤΛΜΙ
830 1492 1018 1569 ἐστὶν,
1066 1492 1172 1571 ἐφ’
1224 1488 1291 1556 οὗ
1338 1492 1441 1553 καὶ
1490 1494 1540 1555 οί
1589 1492 1901 1566 διαιτηταὶ
1945 1492 2284 1567 ὀμόσαντες
2322 1494 2778 1571 ἀποφαίνονται
2823 1494 2946 1565 τοὶς

558 1600 800 1669 διαίτας
852 1620 954 1661 και
1007 1598 1059 1661 οἱ
1106 1600 1410 1675 μάρτυρες
1462 1597 1825 1674 ἐξόμνυνται
1877 1601 1992 1667 τοὶς
2043 1599 2404 1679 μαρτυρίας.

646 1706 872 1771 Editor
926 1708 1019 1769 ita
1077 1704 1402 1789 supplevit
1462 1703 1682 1770 locum
1725 1704 2134 1771 lacunosum.
2186 1706 2294 1784 ὑφ’
2341 1700 2440 1789 [ᾧ]
2489 1706 2574 1769 τα
2622 1708 2948 1787 ταμι[εῖα]

558 1814 744 1890 ἐστίν,
810 1812 1009 1876 fretus
1068 1809 1353 1876 Pollucis
1398 1809 1534 1875 loco
1582 1810 1733 1874 VIII
1781 1810 1888 1889 86,
1940 1812 2053 1877 ubi
2096 1814 2518 1897 magistratus
2564 1815 2808 1876 iurasse
2857 1810 2950 1874 di-

555 1926 789 1985 cuntur
835 1921 976 1997 πρὸς
1026 1927 1103 1998 τῇ
1153 1912 1458 1995 βασιλείῳ
1505 1925 1698 1999 στοᾷ,
1749 1918 1848 1981 ἐπι
1899 1922 2005 1981 τοῦ
2057 1919 2224 1982 λίθου
2273 1920 2381 1997 ὑφ’
2430 1912 2472 1999 ᾧ
2521 1918 2605 1981 τὰ
2655 1924 2946 1992 ταμιεῖα,

556 2024 995 2105 συμφυλάξειν
1057 2025 1196 2096 τοὺς
1252 2022 1469 2096 νόμους
1520 2024 1623 2087 καὶ
1675 2026 1763 2099 μὴ
1813 2025 2227 2102 δωροδοκήσειν
2275 2024 2378 2105 (cf.
2428 2025 2696 2089 Aristot.
2745 2044 2797 2088 c.
2855 2021 2944 2101 7).

554 2135 757 2219 Atqui
800 2153 988 2197 nemo
1037 2151 1325 2216 unquam
1371 2130 1577 2195 dicere
1627 2133 1841 2216 potuit
1887 2130 2104 2215 quales
2151 2131 2409 2195 tandem
2458 2131 2646 2194 cellae
2683 2128 2837 2194 illae
2877 2132 2948 2192 in

554 2239 766 2304 medio
828 2239 962 2303 foro
1024 2236 1292 2314 fuerint,
1359 2236 1478 2300 sub
1528 2234 1740 2321 lapide
1787 2239 2166 2321 praesertim
2213 2236 2542 2302 latitantes
2559 2257 2575 2314 ;
2631 2238 2746 2300 ὑπὸ
2795 2236 2946 2312 λίθῳ

555 2347 743 2410 παντὶ
795 2348 882 2422 μὴ
933 2344 1089 2425 λάθῃ
1136 2346 1412 2421 σκορπίος
1452 2342 1559 2407 Vel
1596 2345 1796 2407 etiam
1831 2346 2041 2424 ῥήτωρ,
2082 2350 2158 2408 ut
2199 2351 2295 2408 est
2320 2343 2492 2429 apud
2515 2345 2840 2407 comicum
2875 2340 2944 2421 ¹),

553 2451 912 2518 cavendum
978 2470 1115 2514 esse
1184 2470 1333 2514 cum
1397 2449 1651 2526 dicitur,
1715 2449 1782 2513 id
1841 2448 2319 2536 intellegimus,
2383 2450 2493 2515 sed
2555 2468 2790 2534 penora
2839 2445 2947 2513 vel

554 2559 943 2644 quaestorias
1001 2557 1301 2639 pecunias
1358 2555 1476 2619 sub
1540 2555 1662 2619 fori
1722 2553 2039 2640 lapidibus
2102 2556 2273 2619 haud
2321 2554 2502 2620 facile
2553 2556 2945 2639 quaesiverit

553 2663 819 2748 aliquis3
870 2682 1068 2746 aeque
1116 2659 1387 2725 ridicula
1432 2682 1531 2725 res
1579 2668 1675 2725 est
1721 2681 1792 2725 ac
1841 2663 1895 2725 si
1945 2662 2088 2745 quis
2126 2663 2511 2725 nostratium
2551 2663 2792 2725 aeraria
2836 2658 2946 2725 vel

550 2768 865 2834 tabularia
926 2756 1135 2832 nescio
1184 2787 1345 2851 quae
1390 2768 1573 2829 onder
1613 2768 1714 2830 het
1761 2774 2093 2830 monument
2139 2789 2212 2849 op
2263 2769 2378 2830 den
2425 2767 2584 2829 Dana
2629 2767 2946 2831 asservari

551 2880 854 2940 narraret.
910 2872 1306 2958 Quapropter
1351 2873 1623 2938 dubium
1671 2895 1798 2938 non
1844 2880 1942 2938 est
1989 2877 2142 2959 quin
2187 2894 2418 2937 verum
2465 2873 2698 2938 viderit
2745 2871 2946 2957 Berg-

551 2982 736 3058 kius,
801 2982 913 3066 qui
975 2979 1331 3065 corrigebat
1394 2979 1562 3064 apud
1612 2979 1945 3044 Pollucem
1995 2981 2098 3058 ἐφ’
2147 2976 2212 3043 οὗ
2260 2981 2348 3042 τοὶ
2396 2978 2587 3054 τόμια
2639 2978 2775 3056 ὑὸς,
2827 2988 2948 3055 Φυ-

552 3087 766 3165 λαξειν
812 3090 929 3150 etc.
981 3083 1384 3169 Quamquam
1429 3106 1558 3148 non
1605 3085 1683 3148 ab
1733 3088 1910 3150 omni
1957 3091 2137 3170 parte
2183 3084 2576 3170 probandam
2623 3105 2761 3149 esse
2804 3086 2945 3149 eius

550 3197 983 3260 coniecturam
1051 3212 1201 3256 cum
1261 3193 1550 3277 syntaxis
1615 3191 1829 3269 docet,
1896 3194 2126 3256 misere
2189 3194 2364 3256 enim
2427 3192 2720 3268 παρέλκει
2775 3190 2944 3257 illud

553 3303 647 3373 ὑός
670 3348 687 3379 ,
736 3304 881 3362 tum
925 3300 1064 3382 ipse
1110 3295 1473 3361 Aristotelis
1513 3297 1726 3375 locus,
1769 3318 1806 3361 a
1844 3297 2104 3363 Polluce
2143 3306 2506 3375 enarratus,
2550 3319 2744 3384 quem
2769 3318 2944 3363 nunc

550 3410 695 3471 ante
734 3403 948 3469 oculos
986 3403 1328 3481 habemus;
1369 3401 1718 3489 legendum
1754 3409 1850 3468 est
1889 3404 2229 3489 utrobique
2277 3405 2395 3484 ἐφ’
2442 3400 2526 3468 οὗ
2570 3405 2672 3466 τὰ
2721 3403 2940 3477 τόμι’

552 3512 799 3577 ἐστίν.
858 3508 1023 3588 Quid
1069 3512 1199 3573 sint
1251 3512 1444 3586 τόμια
1493 3516 1559 3575 et
1605 3509 1860 3575 aliunde
1909 3517 2006 3575 est
2053 3517 2281 3575 notum
2327 3518 2391 3575 et
2439 3532 2517 3576 ex
2562 3511 2763 3575 Arist.
2815 3510 2945 3597 Ly-

550 3622 717 3683 sistr.
775 3615 901 3681 186
950 3619 1015 3680 et
1068 3614 1195 3679 192
1243 3615 1401 3680 disci
1448 3622 1691 3701 potest3
1762 3622 1910 3680 sunt
1950 3615 2194 3681 hostiae
2241 3637 2401 3701 quae
2450 3622 2820 3682 mactantur
2865 3623 2943 3681 ut

550 3726 771 3791 foedus
816 3722 993 3788 feriri
1041 3720 1144 3786 vel
1188 3721 1630 3786 iusiurandum
1684 3722 1934 3807 publice
1982 3726 2290 3808 praestari
2338 3726 2460 3789 rite
2501 3726 2704 3808 possit
2723 3772 2739 3799 ,
2787 3730 2940 3788 sunt

551 3836 634 3897 τὰ
684 3832 815 3908 ἱερὰ
862 3832 1090 3909 (immo
1139 3828 1223 3891 τοὶ
1273 3830 1561 3909 ἱερεῖα)
1612 3821 1653 3893 ἃ
1705 3828 2050 3909 σφάζοντες
2105 3832 2440 3912 ὀμνύουσιν,
2509 3837 2584 3895 ut
2629 3833 2940 3916 interpre-

550 3945 725 4003 tatur
762 3935 1150 4022 HesychiuS.
1190 3932 1495 3999 Iurabant
1517 3942 1737 4001 autem
1761 3937 2022 4009 στάντες
2054 3938 2153 4001 ἐπὶ
2182 3940 2298 4002 τῶν
2321 3944 2545 4016 τομίων
2568 3936 2934 4018 (Demosth.

544 4214 753 4267 cratem,
799 4209 877 4258 cui
920 4209 1151 4273 quidquid
1206 4226 1413 4274 uuquam
1460 4209 1632 4259 callide
1676 4210 1726 4259 in
1765 4227 1861 4277 rep.
1910 4212 2293 4263 administranda
2339 4212 2522 4263 bellove
2557 4215 2768 4278 prendo
2802 4230 2936 4267 exeo·

544 4294 751 4358 gitatum
786 4295 859 4340 cut
892 4290 1104 4341 tribuere
1138 4292 1260 4341 solet
1288 4292 1553 4357 Polyaenus
1578 4294 1658 4355 (ct.
1688 4294 1736 4343 J.
1767 4295 1989 4345 Manen
2015 4295 2066 4344 in
2083 4294 2558 4363 flaui-0113upp1.
2579 4298 2709 4347 188⁶
2728 4313 2777 4363 p.
2801 4298 2932 4361 5⁶⁴7).

616 4378 665 4437 1)
700 4374 889 4424 Theom.
925 4375 1039 4425 580.
