3192 5009
1133 395 1220 448 nn
1267 397 1534 449 vaurms
1579 397 1879 449 nomme.
2556 381 2689 449 353

410 561 464 628 E
508 585 796 630 sermone
841 565 1107 652 vulgato
1153 565 1284 631 fere
1331 566 1638 632 excidisse
1684 568 1845 632 hanc
1892 565 2423 653 significationem
2462 570 2691 653 specia-

318 670 450 736 lem
511 670 802 736 vocabuli
854 671 1214 754 „sanctus”,
1266 679 1550 738 auctores
1596 675 1721 758 ipsi
1766 672 2046 738 indicant
2093 694 2242 738 cum
2290 672 2501 737 dicant
2547 693 2690 738 eam

317 776 401 840 ad
467 778 735 862 pristina
798 782 1087 863 tempora
1149 781 1462 864 pertinere
1481 826 1496 855 ,
1563 776 1867 843 Ovidius:
1934 785 2175 860 „patres
2238 785 2467 845 vocant
2516 826 2574 843 ..
2606 780 2689 856 .'’,

313 881 628 948 Isidorus:
704 885 930 960 „iuxta
999 890 1218 947 veteres
1267 933 1281 948 .
1311 933 1325 948 .
1357 885 1415 950 .''
1487 883 1789 969 Superest
1858 887 2063 970 igitur
2128 891 2205 948 ut
2274 905 2653 969 quaeramus
2672 933 2687 962 ‚

317 989 634 1073 quomodo
680 989 923 1054 factum
967 991 1052 1054 sit
1097 997 1173 1054 ut
1219 989 1490 1054 Romani
1535 997 1820 1076 tempore
1862 989 2159 1056 Varronis
2177 1039 2194 1068 ‚
2235 994 2489 1056 etiamsi
2527 992 2689 1057 forte

317 1096 597 1159 sciebant
656 1094 776 1160 hoc
833 1093 1220 1160 vocabulum
1283 1095 1362 1160 ad
1423 1095 1667 1181 templa
1713 1098 2125 1181 potissimum
2170 1100 2481 1182 pertinere
2500 1146 2517 1175 ,
2566 1119 2691 1162 non

317 1201 596 1287 amplius
655 1203 962 1267 sentirent
1025 1205 1163 1267 eius
1225 1221 1444 1266 veram
1507 1204 1645 1266 vim
1663 1251 1680 1279 ,
1730 1223 1855 1288 qua
1900 1201 2381 1289 significabatur
2422 1205 2693 1289 inaugu-

317 1309 499 1372 ratio.
564 1304 772 1373 Causa
815 1309 980 1372 inest
1027 1310 1094 1371 in
1142 1308 1363 1372 eadem
1409 1327 1476 1372 re
1523 1329 1717 1393 quam
1764 1311 2013 1393 saepius
2061 1311 2447 1383 memoravi.
2496 1329 2690 1394 quam

315 1419 652 1499 tamquam
694 1413 938 1479 fontem
984 1415 1210 1479 erroris
1255 1417 1392 1499 ipse
1438 1412 1634 1479 Varro
1678 1414 1906 1479 'attulit
1934 1411 2005 1492 ¹),
2056 1415 2224 1501 quod
2260 1416 2443 1481 aedes
2482 1435 2692 1480 sacrae

315 1519 444 1585 fere
504 1540 722 1584 omnes
765 1520 950 1584 simul
994 1525 1172 1586 erant
1219 1519 1494 1606 templa,
1544 1524 1763 1605 paucis
1811 1523 2092 1605 exceptis
2138 1526 2215 1585 ut
2262 1521 2413 1586 aede
2463 1521 2689 1586 Vestae

316 1633 382 1691 et
426 1625 724 1692 Herculis
770 1632 834 1692 et
880 1617 1057 1703 aliis,
1107 1632 1172 1690 et
1219 1626 1386 1712 quod
1433 1626 1675 1712 templa
1723 1647 1883 1711 quae
1928 1632 2287 1692 consecrata
2323 1649 2441 1689 non
2480 1635 2691 1692 essent

314 1731 496 1796 nulla
538 1737 715 1797 erant
761 1737 1012 1818 praeter
1054 1729 1316 1798 Curiam
1353 1731 1707 1797 Hostiliam
1746 1738 1811 1797 et
1849 1731 2075 1798 Rostra
2112 1731 2337 1797 Vetera
2376 1739 2441 1798 et
2477 1732 2689 1798 locum

314 1859 668 1903 murorum.
717 1837 1035 1903 Vocabula
1082 1840 1420 1916 „sanctus”
1471 1845 1535 1903 et
1586 1838 1843 1916 „sacer”
1890 1841 2097 1926 igitur
2142 1859 2339 1925 aeque
2386 1839 2691 1905 cadebant

312 1947 384 2008 in
426 1942 618 2030 longe
663 1946 1017 2010 maximam
1065 1951 1315 2030 partem
1360 1944 1753 2029 templorum
1801 1949 1866 2008 et
1910 1944 2165 2009 aedium
2212 1965 2533 2010 sacrarum
2552 1993 2567 2022 ‚
2611 1946 2689 2010 ad

313 2070 478 2134 quae
522 2051 876 2135 promiscue
925 2050 1210 2115 adhiberi
1255 2055 1582 2138 poterant;
1630 2057 1955 2136 praeterea
2000 2049 2381 2136 significatio
2430 2071 2690 2136 genera-

309 2154 394 2219 lis
458 2155 750 2220 vocabuli
814 2155 1154 2233 „sanctus”
1219 2161 1324 2235 (=
1350 2154 1815 2234 ,‚inviolatus’')
1884 2159 2107 2241 utique
2180 2156 2539 2241 pertinebat
2610 2156 2690 2221 ad

313 2263 528 2326 omnia
593 2260 732 2326 loca
797 2269 1176 2328 consecrata.
1247 2262 1402 2328 Inde
1463 2263 1705 2327 factum
1765 2267 1863 2327 est-
1925 2269 2001 2326 ut
2064 2265 2201 2326 eius
2252 2264 2350 2327 vis
2400 2261 2689 2347 specialis

311 2366 760 2453 neglegeretur
827 2373 892 2433 et
960 2371 1029 2433 in
1097 2367 1488 2434 oblivionem
1547 2371 1829 2444 veniret,
1895 2367 2049 2433 adeo
2112 2373 2189 2431 ut
2248 2371 2383 2452 ipse
2446 2366 2643 2433 Varro
2666 2417 2683 2446 ‚

311 2493 702 2558 quamquam
741 2479 907 2539 recte
944 2473 1202 2539 tenebat
1240 2473 1394 2559 quid
1429 2476 1765 2539 interesset
1803 2475 1971 2538 inter
2008 2472 2327 2558 templum
2364 2478 2429 2538 et
2466 2472 2687 2540 aedem

311 2599 554 2644 sacram
573 2627 588 2656 ‚
654 2600 912 2665 prorsus
971 2582 1300 2666 ignoraret
1345 2600 1488 2644 eam
1531 2581 1706 2656 vim,
1759 2599 1959 2664 neque
2008 2578 2345 2665 dispiceret
2394 2579 2546 2664 quid
2591 2583 2685 2644 in-

307 2691 574 2750 teresset
615 2687 783 2750 inter
826 2692 1174 2773 utrumque
1235 2685 1639 2750 vocabulum.
1700 2683 1864 2762 Alii,
1930 2705 2319 2770 quamquam
2380 2693 2689 2750 noverant

313 2792 650 2868 „sanctus”
717 2793 930 2875 potius
992 2791 1070 2855 ad
1133 2790 1372 2876 templa
1419 2812 1553 2856 esse
1597 2791 2032 2867 referendum,
2082 2794 2299 2855 tamen
2344 2791 2539 2855 huius
2588 2794 2680 2856 rei

307 2899 548 2962 ratione
607 2917 736 2961 non
790 2903 1116 2983 perspecta
1176 2899 1251 2962 de
1309 2900 1801 2984 inauguratione
1848 2916 1974 2961 non
2020 2898 2405 2983 cogitabant.
2454 2896 2689 2962 Defini-

309 3005 513 3068 tiones
551 3001 812 3068 diffusae
852 3010 916 3069 et
952 3003 1075 3068 sibi
1114 3010 1542 3090 repugnantes
1559 3051 1574 3080 ‚
1616 3023 1771 3089 quas
1811 3002 2215 3089 protulerunt
2252 3005 2683 3088 grammatici,

307 3108 647 3174 ostendunt
707 3129 811 3174 eos
878 3111 1172 3174 nesciisse
1233 3110 1388 3194 quid
1446 3111 1596 3174 huic
1659 3108 1965 3174 vocabulo
2013 3107 2373 3173 faciendum
2418 3115 2583 3174 esset
2610 3107 2683 3190 ²).

305 3215 666 3301 Iurisperiti
713 3215 972 3302 quidem
1012 3221 1088 3281 ut
1125 3219 1193 3280 in
1231 3216 1506 3282 eundem
1540 3236 1818 3280 errorem
1858 3215 2209 3281 inciderent
2248 3235 2443 3299 quam
2468 3213 2681 3293 Varr0,

308 3321 448 3387 fieri
509 3343 634 3386 non
692 3326 974 3406 poterat,
1026 3342 1176 3387 cum
1221 3324 1290 3386 in
1337 3321 1623 3388 doctrina
1670 3319 2020 3407 pontificali
2064 3327 2235 3386 certa
2277 3320 2514 3385 indicia
2562 3341 2685 3385 ser-

307 3431 460 3492 vata
518 3435 724 3492 essent
787 3447 946 3512 quae
993 3427 1406 3493 admonerent
1451 3448 1529 3493 ne
1577 3447 1832 3492 sacrum
1878 3433 1943 3491 et
1991 3432 2284 3491 sanctum
2326 3426 2500 3492 idem
2548 3447 2683 3492 esse

308 3533 633 3598 crederent
649 3554 665 3610 ;
715 3534 804 3598 eis
853 3535 1154 3620 ignotum
1200 3554 1334 3599 esse
1381 3555 1506 3598 non
1541 3538 1823 3618 poterat,
1867 3531 2176 3619 quaedam
2212 3531 2350 3598 loca
2388 3540 2681 3612 τεχνικῶς

308 3646 526 3704 sancta
587 3659 754 3716 esse;
823 3639 933 3705 sed
981 3645 1196 3706 tamen
1240 3662 1318 3706 ne
1364 3641 1434 3703 hi
1481 3639 1741 3726 quidem
1790 3659 1863 3705 eo
1907 3639 2361 3724 perveniebant
2408 3645 2482 3703 ut
2528 3639 2686 3704 redi-

307 3751 450 3811 rent
497 3745 576 3810 ad
622 3765 841 3811 veram
886 3748 1476 3831 interpretationem
1521 3747 1717 3810 huius
1763 3743 2077 3810 vocabuli.
2125 3743 2247 3809 His
2293 3747 2499 3822 muri,
2544 3767 2685 3829 quos

307 3857 409 3931 (ut
470 3853 561 3914 ait
610 3847 854 3930 Cicero)
905 3873 1002 3915 vos
1037 3851 1358 3933 pontifices
1401 3858 1635 3914 sanctos
1680 3873 1802 3914 esee
1846 3849 2085 3932 dicitis,
2138 3848 2257 3913 soli
2304 3850 2685 3934 praebebant

308 3957 678 4042 exemplum
746 3957 873 4022 loci
937 3960 1139 4022 sancti
1203 3956 1280 4023 de
1342 3979 1466 4043 quo
1527 3956 1807 4021 dubitari
1869 3976 1993 4020 non
2056 3960 2266 4040 posset
2283 3975 2301 4032 3
2368 3955 2475 4020 sed
2522 3957 2683 4022 forte

306 4063 560 4128 fortuna
604 4063 951 4139 acciderat,
1000 4068 1076 4127 ut
1121 4062 1297 4127 locus
1346 4083 1683 4127 murorum
1730 4081 2119 4147 quamquam
2164 4066 2301 4126 erat
2346 4063 2686 4148 inaugura?

307 4176 448 4246 tus,
497 4172 666 4235 inter
711 4169 932 4251 templa
977 4171 1302 4234 numerari
1347 4191 1471 4234 non
1518 4168 1750 4234 soleret
1798 4188 1835 4232 a
1873 4166 2275 4253 pontificibus
2311 4169 2414 4247 (de
2454 4189 2578 4254 qua
2618 4191 2685 4235 re

384 4503 434 4564 1)
481 4505 622 4569 Supr.
657 4519 704 4569 p.
741 4504 835 4563 841
873 4505 981 4554 adn.
1021 4505 1066 4554 1.
1104 4529 1166 4543 —
1200 4503 1256 4568 2)
1290 4507 1430 4570 Supr.
1467 4519 1574 4570 pag.
1611 4503 1709 4552 34⁶
1742 4503 1852 4552 adn.
1888 4504 1919 4551 2
1954 4505 2003 4551 et
2039 4503 2083 4553 3.
