3192 5009
543 279 627 349 '72
1256 291 1645 351 ΗΡΩῙΔΟῪ
1693 290 2175 349 MIMIAMBOI

698 464 801 533 IV
889 465 1188 549 ὥνθρωπος
1235 458 1296 532 ἓν
1341 468 1454 544 μὲν
1507 462 1663 533 οἶδεν
1714 458 1775 532 ἓν
1821 466 1876 532 δ’
1933 465 2313 547 titanios&

892 576 1043 641 ἀλλ’
1092 576 1142 641 εἰ
1189 574 1280 639 ’πὶ
1331 580 1462 640 νοῦν
1508 576 1777 654 γένοιτο,
1828 573 1931 639 καὶ
1982 574 2121 639 θεῶν
2170 571 2395 655 ψαύειν
2838 582 2903 635 π

895 680 1192 760 ἦπείγεθ’,
1237 676 1298 752 ὃς
1348 681 1399 746 δ’
1445 681 1665 746 ἐκεῖνον
1712 680 1747 756 ἦ
1800 678 1953 761 ἔργα
2001 679 2279 746 τάκείνου

895 789 983 865 uis
1032 789 1485 867 παμφαλῆσοις
1533 787 1601 851 ἐκ
1646 787 1813 863 δίκης
1860 786 2159 866 δρώρηκεν,

896 893 1073 967 ποδὸς
1122 893 1402 973 mnae-t*
1452 892 1670 963 ἐκεῖνος
1718 892 1777 957 ἐν
1827 890 2118 972 γναφέως
2166 890 2323 973 οίκῳ.

716 1009 853 1067 Ne.
902 1002 1048 1066 κάλ’
1097 999 1259 1078 ὑμίν,
1309 995 1352 1064 ὦ
1399 1006 1730 1078 γυναῖκες,
1777 996 2063 1069 §ursum
2110 998 2196 1064 τὰ
2242 997 2341 1080 ἱρά

896 1110 1006 1181 mic
1050 1106 1200 1187 λῷον
1247 1106 1689 1183 ἐμβλέποντα,
1739 1102 1921 1184 μέζον
1964 1107 2043 1178 ὥς
2090 1103 2254 1177 οὔτις
2840 1116 2906 1165 80

897 1209 1152 1293 &picato
1199 1210 1300 1276 τὸν
1349 1212 1596 1286 Παιήον’
1646 1210 1797 1290 ἥπερ
1843 1206 1941 1277 οὖν
1987 1210 2183 1290 ὑμεῖς.

540 1398 648 1444 74
678 1390 775 1441 ιδεν
805 1393 861 1442 P.
892 1388 1015 1442 εἶδεν
1041 1394 1113 1453 R,
1143 1392 1226 1458 qui
1252 1394 1566 1457 depravatum
1594 1390 1776 1441 iniuria
1789 1394 1929 1456 putat
1946 1392 2200 1453 κπηρνηθη.
2235 1390 2434 1441 Correxi
2450 1386 2591 1441 οἵδεν.
2610 1391 2835 1441 vani
2862 1400 2884 1450 ΙΙ

540 1480 637 1525 75
686 1492 740 1523 m
789 1475 846 1533 P,
893 1474 946 1522 οἱ
988 1475 1083 1535 11⁸,
1119 1472 1164 1522 εἷ
1196 1475 1268 1523 12²
1308 1478 1450 1524 recte.
1502 1474 1638 1525 Idem
1668 1474 1722 1524 in
1753 1472 1999 1539 proecdoei
2032 1490 2099 1523 vs.
2136 1472 2198 1526 75
2232 1473 2472 1524 tribuerat
2505 1472 2648 1523 alteri
2682 1473 2908 1536 mulieri,

539 1572 665 1607 nunc
715 1560 842 1606 reete
890 1572 999 1607 eum
1047 1572 1133 1606 ms.
1179 1556 1376 1611 ‘14-78
1440 1557 1524 1607 nni
1567 1570 1795 1622 personae
1838 1555 2139 1607 continuans.
2210 1564 2231 1613 u
2307 1561 2403 1606 ¹76
2452 1556 2701 1605 ’Μωινον
2750 1554 2807 1605 P.
2866 1564 2889 1612 n

539 1643 635 1690 '72'
667 1637 893 1700 δρῶρηκεν
939 1639 984 1688 R.
1030 1638 1109 1687 bic
1141 1642 1191 1688 et
1224 1639 1263 1686 V
1299 1641 1349 1688 4.
1399 1640 1467 1688 vl
1508 1640 1685 1699 19,44.
1740 1637 1927 1704 Ubique
1960 1638 2085 1689 dedi·
2103 1638 2329 1705 spiritum
2362 1639 2547 1699 lenem,
2582 1643 2637 1689 ut
2670 1637 2728 1688 ab
2760 1635 2907 1699 alpia

541 1730 598 1778 fit
629 1726 879 1791 ἂραίρηκα.
948 1737 968 1786 u
1036 1733 1132 1778 78
1167 1745 1228 1779 ιιι
1263 1727 1458 1779 meavi>
1526 1738 1548 1787 u
1617 1733 1717 1779 80
1761 1745 1842 1778 και
1887 1745 1936 1787 ες
1971 1727 2026 1779 P.
2059 1757 2126 1768 —
2161 1714 2353 1795 μεζονῖι
2402 1728 2456 1781 P.
2514 1738 2535 1787 ΙΙ
2592 1733 2691 1779 88
2724 1729 2821 1778 τιν’
2857 1726 2913 1779 ἔκ

542 1962 883 2026 veritatem
947 1962 1242 2025 imitatus
1310 1963 1519 2026 vitam
1587 1963 2014 2046 spiritumque
2083 1960 2376 2047 operibus
2464 1962 2596 2025 suis
2682 1959 2903 2025 inflare

543 2065 789 2131 soleret.
834 2064 1001 2145 „Qui
1043 2067 1246 2131 sicubi
1285 2066 1365 2131 ad
1402 2088 1543 2133 eam
1583 2088 1721 2133 rem
1761 2088 1826 2131 se
1866 2066 2229 2152 applicaret,
2264 2068 2433 2153 ipsos
2460 2068 2607 2133 deos
2630 2072 2912 2153 tangere.

545 2175 588 2237 i.
617 2192 670 2237 e.
712 2173 859 2237 deos
905 2174 1309 2258 aequiperare
1356 2172 1670 2239 studebat.
1723 2170 2120 2259 Quicumque
2164 2194 2313 2237 vero
2356 2172 2547 2239 illum
2586 2180 2699 2238 aut
2734 2171 2915 2237 illius

545 2298 766 2364 opera,
843 2281 934 2343 ait
953 2327 968 2355 ,
1041 2299 1167 2343 non
1237 2298 1492 2343 summa
1562 2300 1711 2343 cum
1783 2278 2199 2344 admiratione
2219 2327 2235 2357 ,
2308 2299 2434 2363 qua
2502 2279 2697 2365 dig-na
2740 2284 2912 2355 sunt,

545 2386 859 2469 aspexerit
909 2420 994 2431 —-
1041 2382 1153 2448 ille
1199 2384 1355 2469 pede
1412 2384 1835 2469 suspendatur
1870 2388 1937 2449 in
1976 2384 2237 2449 fullonis
2278 2384 2587 2450 officina”.
2632 2383 2914 2449 Verbum

545 2492 917 2569 παμφαλᾶν
958 2488 1202 2554 lectum
1251 2490 1421 2575 apud
1458 2490 1947 2577 Lycophronem
1984 2496 2051 2555 et
2090 2493 2359 2556 citatum
2401 2512 2477 2556 ex
2518 2490 2913 2576 Hipponacte

545 2602 734 2681 atque
779 2596 1168 2661 Anacreonte
1215 2616 1252 2660 a
1301 2594 1637 2661 scholiasta
1682 2596 1804 2682 Ap.
1853 2596 1977 2661 Rh.
2024 2595 2088 2661 H
2143 2595 2265 2663 127
2308 2595 2659 2682 explicatur
2701 2619 2752 2673 μ,
2770 2622 2797 2661 ε
2816 2619 2855 2659 τ
2869 2596 2912 2659 ὰ

547 2702 875 2776 πτοιιὶσεως
939 2702 1043 2765 καὶ
1111 2701 1705 2778 ἐνθουσιασμοῦ
1770 2702 2313 2781 ἐπιβλέπειν,
2376 2702 2653 2768 formula
2698 2708 2913 2768 autem

546 2829 714 2873 nova
776 2810 842 2873 ἐκ
904 2807 1070 2882 δίκης
1095 2809 1440 2880 =3taeoelcoc
1505 2808 1746 2887 merito,
1816 2810 2237 2895 comparanda
2278 2829 2428 2875 cum
2476 2810 2543 2873 ἐκ
2590 2808 2801 2886 δόλου,
2846 2810 2914 2871 ἐκ

547 2915 701 2994 βίας
720 2963 737 2993 ,
781 2911 848 2990 ἐξ
886 2914 1166 2990 ἀνάγκης
1212 2916 1379 2991 sim„
1421 2917 1534 2980 vix
1576 2913 1925 3001 quidquam
1964 2914 2169 2979 differt
2206 2914 2284 2980 ab
2324 2918 2493 2980 notis
2521 2914 2652 2981 illis
2678 2915 2736 2978 ἐν
2761 2914 2913 2994 δίκῃ,

551 3022 659 3087 σὺν
727 3019 899 3102 δίκῃ,
969 3020 1137 3095 μετὰ
1204 3021 1392 3095 δίκης.
1461 3018 1592 3087 Cur
1652 3019 1964 3086 addantur
2023 3019 2218 3086 verba
2262 3021 2331 3085 ιὀι
2358 3020 2640 3107 fullonis
2682 3020 2915 3104 officina

549 3128 790 3203 nescio;
863 3146 1023 3189 num
1093 3126 1254 3191 forte
1323 3125 1530 3191 voluit
1596 3134 1783 3212 poeta
1856 3127 2320 3212 „suspendatur
2381 3126 2915 3212 quemadmodum

548 3235 930 3299 vestimenta
953 3234 1022 3295 in
1047 3229 1434 3297 fullonica”?
1475 3231 1580 3298 Sic
1606 3238 1819 3297 tamen
1844 3236 2007 3299 ratio
2032 3232 2453 3320 suspendendi
2472 3234 2637 3298 mihi
2660 3232 2915 3319 quidem

551 3340 814 3405 obscura
857 3342 1092 3403 manet.
1141 3376 1222 3387 —
1264 3339 1430 3403 Loco
1471 3341 1560 3403 sio
1607 3358 1775 3403 nuno
1825 3360 1862 3403 a
1898 3338 2345 3405 Rutherfordio
2382 3338 2538 3405 bene
2576 3341 2917 3404 constituto

549 3448 736 3533 gravi
795 3444 1143 3510 liberamur
1205 3466 1412 3509 errore
1432 3493 1448 3522 ‚
1495 3447 1564 3508 in
1613 3465 1807 3529 quem
1853 3448 2199 3511 necessario
2247 3466 2352 3511 me
2396 3444 2653 3510 induxit
2695 3446 2919 3531 prioris

552 3551 847 3617 editionis
890 3549 1079 3615 lectio
1124 3552 1276 3613 ἀλλ’
1323 3552 1390 3614 οἱ
1441 3550 1540 3613 ἐπὶ
1592 3555 1721 3613 νοῦν
1768 3551 1999 3627 γένοιτο
2050 3552 2151 3613 καὶ
2201 3551 2339 3615 θεῶν
2386 3550 2627 3629 ψαύειν.
2673 3549 2918 3636 Nempe

550 3657 700 3722 hinc
738 3654 1187 3721 concludebam
1227 3658 1569 3720 etiamtum
1610 3676 1758 3720 cum
1796 3655 1949 3721 haec
1987 3657 2408 3721 scriberentur
2444 3658 2513 3720 in
2534 3658 2703 3721 vivis
2726 3654 2919 3720 fuisse

553 3760 848 3847 Apellem
887 3766 950 3825 et
988 3760 1271 3825 nondum
1308 3760 1689 3826 celebratam
1726 3760 1909 3826 illam
1949 3759 2114 3828 Coae
2153 3761 2411 3826 Veneris
2436 3760 2918 3846 Anadyomenes

551 3870 906 3953 imag-inem
959 3865 1241 3952 aliosque
1285 3865 1434 3931 deos
1481 3866 1753 3952 deasque
1798 3870 2077 3953 pinxisse
2095 3915 2111 3944 ‚
2162 3868 2328 3931 unde
2374 3867 2754 3953 sequebatur
2796 3864 2920 3931 He-

552 3972 773 4040 rodem
834 3973 1004 4037 hunc
1064 3975 1346 4037 mimum
1393 3975 1711 4058 scripsisse
1760 3980 1905 4038 ante
1954 3973 2146 4039 finem
2192 3972 2391 4038 seculi
2437 3976 2666 4058 quarti.
2735 3972 2797 4038 Ν
2798 3993 2919 4037 unc

553 4078 849 4143 videmus
893 4099 1018 4143 non
1065 4076 1345 4162 amplius
1393 4080 1626 4143 vixisse
1674 4098 2003 4143 summum
2041 4081 2348 4164 pictorem
2367 4127 2382 4155 ,
2422 4066 2536 4143 nec
2576 4078 2919 4165 quidquam

555 4184 632 4250 de
694 4182 986 4249 Hei-odae
1040 4188 1246 4248 aetate
1292 4203 1370 4247 ex
1413 4182 1533 4248 hoc
1581 4182 1722 4248 loco
1771 4183 1931 4249 effici
1976 4204 2190 4270 posse,
2241 4205 2432 4269 quare
2480 4204 2638 4269 quae
2684 4183 2759 4249 de
2803 4184 2918 4250 hoc

556 4297 936 4376 argumento
962 4292 1184 4375 scripsi
1205 4292 1273 4353 in
1299 4288 1693 4353 Praefatione
1710 4310 1772 4375 p.
1792 4288 1877 4353 45
1898 4289 2181 4355 adhibita
2202 4311 2365 4355 nova
2386 4288 2529 4355 luce
2552 4288 2919 4376 corrigenda

557 4402 726 4462 sunt.
775 4396 800 4478 ΙΙ
847 4403 941 4458 w
984 4392 1167 4459 Nova
1205 4394 1408 4458 forma
1447 4396 1727 4475 ὀρώρηκεν
1766 4394 2088 4460 stabilitur
2120 4394 2275 4461 locis
2318 4394 2455 4459 V4.
2486 4393 2571 4459 VI
2599 4394 2701 4461 19.
2729 4394 2837 4459 44.
2866 4392 2894 4475 ΙΙ
