3192 5009
1397 329 1402 334 ·
1421 312 1704 362 monne.
2578 283 2707 350 411

335 481 420 548 de
479 489 662 548 nocte
721 503 801 548 ex
861 480 1404 548 mendaciunculis
1463 501 1671 545 unum
1733 483 1830 544 est
1844 527 1863 556 ,
1912 498 2073 564 quae
2116 475 2224 542 vel
2270 478 2405 560 ipse
2452 471 2711 538 Tacitus

335 588 420 654 de
487 610 603 654 suo
675 588 862 653 finxit
932 588 1010 654 ad
1079 587 1438 675 augendam
1500 587 1788 672 probrosi
1844 584 2077 651 ludicri
2138 582 2542 648 atrocitatem
2604 575 2713 643 vel

331 695 500 760 forte
538 696 754 760 hausit
793 716 873 760 ex
920 694 1312 782 Agrippinae
1361 695 1838 759 commentariis
1856 740 1871 768 ,
1923 710 2085 776 quae
2129 688 2487 754 Domitiam
2533 684 2716 769 Lepi-

336 799 490 866 dam
552 822 703 866 cum
759 799 891 866 filia
954 803 1228 886 pessime
1289 800 1525 865 oderat.
1574 797 1812 864 Verum
1860 797 2013 883 quid
2060 796 2320 861 tandem
2365 795 2715 880 purpurata

333 906 625 972 adultera
687 912 752 972 et
811 913 1246 992 praetextatus
1309 905 1675 971 adulescens
1735 907 2108 989 peccarunt,
2178 909 2253 966 ut
2300 905 2477 966 tanto
2524 916 2713 984 opere

331 1012 534 1078 bilem
581 1010 846 1079 Claudio
891 1009 1263 1078 moverent?
1311 1011 1532 1077 Mense
1580 1009 1838 1078 Octobri
1884 1009 2068 1076 effusi·
2092 1011 2163 1073 in
2202 1028 2387 1075 omne
2424 1009 2713 1070 iocorum

335 1125 406 1184 et
443 1118 854 1184 lasciviarum
898 1139 1102 1206 genus
1143 1118 1502 1184 vindemiae
1541 1121 1799 1202 tempus
1822 1136 1935 1202 per
1958 1115 2224 1180 domum
2248 1116 2709 1198 transegerunt.

335 1225 415 1290 In
459 1225 661 1290 hortis
707 1227 930 1310 opinor
975 1225 1175 1291 festus
1221 1225 1354 1289 dies
1401 1223 1755 1289 celebratus
1800 1223 1947 1287 fuit.
2003 1221 2242 1287 Aderat
2287 1238 2518 1306 procax
2562 1217 2715 1282 Bac-

336 1330 604 1396 charum
665 1330 894 1396 chorus
953 1330 1227 1416 pellibus
1288 1332 1690 1394 amictamm.
1740 1328 2027 1394 Romana
2070 1332 2364 1392 matrona
2411 1324 2712 1410 thyrsum

335 1437 664 1521 quatiebat
708 1439 966 1522 ipseque
1012 1436 1232 1502 consul
1278 1437 1649 1523 designatus
1688 1436 1920 1502 hedera
1957 1437 2211 1500 vinctus
2250 1439 2314 1498 et
2349 1427 2712 1496 histrionali

334 1542 562 1607 habitu
621 1563 746 1606 una
807 1564 957 1608 cum
1018 1542 1280 1628 reliquis
1327 1546 1439 1628 qui
1484 1543 1778 1620 aderant,
1827 1545 1994 1607 risus
2041 1544 2337 1624 iocosque
2382 1536 2707 1602 miscebat.

331 1647 462 1712 Hic
505 1647 584 1712 ad
630 1647 865 1712 mimum
911 1649 1063 1734 quid
1110 1645 1322 1714 deest?
1363 1648 1548 1715 Nihil
1563 1698 1581 1728 ,
1622 1653 1723 1716 uti
1761 1649 2050 1714 arbitror.
2095 1646 2376 1725 „Ferunt
2412 1642 2709 1708 Vectium

335 1753 671 1819 Valentem
728 1753 991 1820 lascivia
1055 1757 1122 1819 in
1167 1755 1518 1841 praealtam
1565 1757 1855 1822 arborem
1903 1756 2237 1820 connisum
2253 1801 2270 1830 ,
2320 1754 2715 1835 interrogan-

335 1861 510 1926 tibus
574 1860 728 1946 quid
790 1861 1140 1947 adspiceret
1157 1910 1173 1939 ‚
1237 1862 1632 1946 respondisse
1693 1866 2145 1947 tempestatem
2206 1859 2284 1924 ab
2329 1855 2509 1922 Ostia
2551 1860 2712 1920 atro-

334 1985 511 2031 cem:
562 1969 695 2033 sive
742 1973 993 2053 ceperat
1038 1987 1112 2032 ea
1151 1970 1388 2052 species
1411 2015 1426 2043 ‚
1467 1989 1579 2034 seu
1621 1969 1781 2034 forte
1817 1967 1994 2054 lapsa
2032 1988 2157 2033 vox
2196 1969 2266 2030 in
2304 1964 2711 2049 praesagium
2794 2017 2801 2040 ,

333 2073 597 2138 vertit.”
663 2071 794 2139 Cur
855 2072 1112 2138 tandem
1173 2073 1580 2140 adscenderat
1624 2073 1736 2139 ille
1782 2076 1850 2137 in
1896 2072 2184 2138 arborem
2228 2090 2495 2156 eamque
2538 2088 2712 2153 prae-

341 2175 585 2244 altam?
668 2178 796 2244 Hic
866 2201 979 2265 pro
1050 2201 1155 2244 me
1223 2181 1631 2266 respondebit
1699 2183 2135 2265 unusquisque
2205 2180 2310 2262 qui
2384 2173 2711 2260 Euripidis

343 2284 622 2350 Bacchas
678 2284 862 2372 legit.
925 2286 1170 2372 Nempe
1217 2285 1488 2352 Penthei
1533 2293 1745 2371 partes
1790 2287 2054 2373 agebat:
2102 2280 2350 2349 nonne?
2397 2281 2570 2347 Huic
2614 2271 2712 2344 lu*-

340 2391 499 2454 dicri
567 2394 821 2478 generi,
885 2394 1122 2457 mimos
1182 2391 1330 2458 volo
1349 2441 1366 2469 ,
1428 2413 1613 2478 saepe
1674 2414 1753 2458 ex
1797 2390 2207 2480 mythologie
2250 2393 2710 2475 argumentum

335 2496 689 2582 petebatur.
755 2497 976 2563 Veluti
1035 2497 1377 2564 Suetonius
1439 2502 1507 2564 in
1568 2501 1705 2565 vita
1765 2499 2119 2564 Domitiani
2164 2517 2218 2562 c.
2274 2494 2356 2561 10
2405 2495 2709 2560 exodium

333 2605 755 2680 memoravit,
817 2606 886 2668 in
949 2625 1074 2688 quo
1140 2604 1320 2670 Paris
1382 2611 1447 2670 et
1507 2604 1760 2670 Oenone
1830 2604 2116 2691 prodiere
2165 2624 2278 2668 nec
2322 2601 2534 2666 Flavii
2578 2603 2709 2665 mei

331 2710 440 2774 hic
484 2711 827 2775 immemor
874 2731 978 2776 ero
997 2759 1015 2788 ‚
1065 2713 1178 2795 qui
1223 2710 1553 2776 Archaeol.
1604 2709 1765 2774 XIX
1811 2709 1958 2796 §94
2005 2709 2326 2775 ludicrum
2373 2708 2671 2774 describit
2690 2754 2705 2783 ,

333 2815 504 2903 quod
547 2814 937 2881 celebratum
984 2816 1110 2882 fuit
1155 2838 1280 2902 quo
1331 2817 1431 2882 die
1480 2815 1775 2904 Caligula
1810 2818 2191 2882 interfectus
2236 2821 2367 2881 est:
2428 2815 2528 2878 καὶ
2578 2815 2705 2891 γὰρ

333 2928 524 2997 μῖμος
589 2921 919 2998 εἰσάγεται
985 2924 1120 2988 καθ’
1184 2914 1243 2986 ὃν
1307 2929 1637 3003 ςαυροῦτάι
1688 2930 1881 3001 λης-ῶν
1932 2925 2198 3000 ἡγεμών,
2248 2919 2284 2985 δ’
2323 2945 2395 2986 τε
2441 2922 2705 2999 &exus-324

336 3028 544 3109 δρᾶμα
607 3028 846 3106 εἰσάγει
917 3029 1193 3109 Κινύραν,
1258 3031 1318 3094 ἐν
1381 3025 1422 3110 ᾧ
1485 3028 1671 3102 αὐτός
1736 3033 1793 3093 τ’
1840 3030 2141 3095 ἐκτείνετο
2189 3028 2293 3093 καὶ
2344 3031 2378 3103 ἦ
2428 3027 2705 3105 θυγάτηρ

334 3133 588 3214 Μύρρα,
655 3128 820 3209 αἷμά
877 3133 935 3198 τ’
987 3131 1052 3207 ἦν
1101 3137 1399 3214 τεχνητὸν
1449 3136 1628 3200 πολύ.
1678 3134 1958 3221 Tempus
2004 3141 2140 3201 erat
2189 3155 2390 3220 quum
2436 3133 2709 3218 populus

335 3240 664 3316 Romanus
723 3243 1009 3325 impense
1072 3239 1502 3308 delectabatur
1563 3242 1929 3307 istiusmodi
1993 3241 2224 3308 fabulis
2240 3290 2256 3318 ,
2328 3239 2709 3325 plerumque

335 3345 620 3411 obscenis
683 3351 748 3410 et
807 3344 1221 3432 indiligenter
1267 3349 1568 3413 connexis
1587 3395 1604 3424 ,
1649 3349 1717 3411 in
1765 3349 1996 3432 quibus
2037 3345 2319 3412 clausula
2366 3367 2489 3410 non
2534 3348 2710 3411 inve-

331 3451 648 3528 niebatur,
711 3452 1253 3536 quemadmodum
1317 3450 1536 3518 Cicero
1602 3453 1839 3518 scribit.
1906 3452 2051 3518 Non
2109 3455 2297 3516 mimi
2342 3457 2598 3516 tantum
2645 3456 2708 3515 et

331 3559 572 3622 mimae
634 3558 861 3641 cupide
922 3559 1386 3641 spectabantur,
1451 3558 1558 3623 sed
1591 3571 1604 3585 ·
1624 3557 1867 3624 nobiles
1916 3579 2101 3644 saepe
2150 3561 2275 3624 viri
2321 3563 2386 3622 et
2436 3557 2707 3622 feminae

329 3661 614 3728 illustres
675 3665 744 3725 in
793 3683 976 3727 scena
1022 3665 1149 3728 visi
1195 3668 1347 3727 sunt
1393 3669 1645 3728 cantare
1663 3713 1679 3741 ,
1730 3664 1902 3749 quod
1948 3660 2253 3731 Claudius
2299 3663 2710 3728 vehementer

329 3767 768 3854 improbabat,
841 3767 918 3832 cf.
991 3767 1114 3833 Dio
1186 3766 1360 3835 Cass.
1425 3769 1544 3834 LX
1609 3767 1667 3835 7.
1743 3767 2102 3835 Excanduit
2167 3773 2295 3847 ira,
2368 3775 2705 3855 postquam

331 3877 592 3940 rescivit
629 3877 837 3959 ipsam
879 3895 1181 3952 uxorem,
1223 3895 1616 3960 quamquam
1655 3878 1961 3961 privatim
1999 3880 2167 3942 intra
2203 3878 2473 3962 parietes
2505 3896 2709 3962 neque

329 3985 398 4046 in
467 4000 684 4058 scena,
749 3984 1106 4065 peccavisse
1169 3985 1237 4046 in
1283 3981 1499 4068 legem
1547 4003 1741 4067 quam
1785 3986 1924 4068 ipse
1969 3981 2408 4070 promulgarat
2456 3990 2519 4048 et
2571 3981 2712 4048 dili-

330 4092 556 4175 genter
618 4093 927 4152 sanxerat.
993 4085 1227 4153 Omnes
1276 4094 1490 4153 tamen
1535 4087 1642 4155 vel
1688 4089 2062 4154 metuebant
2108 4110 2184 4154 ne
2233 4086 2463 4154 Caesar
2508 4087 2711 4174 placa-

329 4193 482 4258 bilis
529 4199 696 4258 esset
743 4191 846 4258 vel
890 4214 1147 4258 morum
1193 4193 1499 4259 facilitate
1538 4194 1962 4279 confidebant,
2012 4195 2171 4280 quod
2212 4195 2467 4261 disertis
2506 4194 2712 4260 Taciti

332 4299 544 4364 verbis
592 4303 868 4364 constat:
919 4302 1207 4384 sequitur
1256 4300 1333 4365 de
1381 4303 1625 4384 nuptiis
1671 4299 1803 4364 illis
1841 4299 2222 4366 Messalinae
2263 4309 2327 4367 et
2365 4300 2511 4366 Silii
2549 4301 2707 4368 falsa

329 4411 550 4493 postea
620 4403 818 4472 relata
883 4405 1078 4472 fuisse
1141 4405 1245 4472 vel
1307 4413 1475 4474 certe
1537 4408 1616 4472 ad
1678 4407 2082 4474 mendacium
2142 4429 2344 4497 usque
2392 4429 2465 4476 ea
2512 4409 2705 4480 fuisse
