3192 5009
1139 346 1224 400 'nn
1265 348 1537 402 'ramum
1581 348 1884 401 nomme.
2560 329 2690 400 365

321 518 648 584 aedificata
665 566 681 597 ,
729 523 946 604 postea
992 518 1253 584 demum
1297 520 1825 605 inauguraretur;
1876 520 1965 584 sic
2020 516 2213 582 Varro
2253 489 2519 582 scribit:
2580 523 2687 594 „et

318 627 392 688 in
440 623 632 692 Curia
676 623 989 702 Hostilia,
1037 632 1102 690 et
1147 627 1215 689 in
1261 625 1569 710 Pompeia
1610 629 1675 689 et
1714 629 1857 710 post
1894 626 1961 688 in
1999 622 2201 702 Iulia,
2242 644 2390 688 cum
2428 623 2690 709 profana

321 751 398 796 ea
443 730 581 797 loca
622 731 889 798 fuissent
909 781 923 807 ,
971 730 1212 817 templa
1259 752 1394 796 esse
1441 753 1555 818 per
1602 751 1879 817 augures
1927 729 2321 796 constituta''
2354 729 2420 807 ¹).

417 836 488 902 In
534 842 844 903 sententia
891 836 1244 914 Ciceronis,
1293 858 1488 924 quam
1536 838 1725 902 modo
1770 837 1963 902 attuli
2012 841 2185 922 (pag.
2230 834 2361 900 363
2410 833 2552 900 adn.
2601 834 2686 916 1),

318 943 443 1009 hoc
502 966 748 1031 quoque
806 947 1160 1031 auguribus
1220 945 1594 1021 mandatur,
1658 953 1733 1008 ut
1794 945 2023 1010 urbem
2071 948 2136 1008 et
2180 963 2367 1029 agros
2422 941 2690 1007 liberata

319 1049 612 1115 habeant.
676 1050 836 1131 Quia
895 1056 1174 1128 constat,
1221 1071 1424 1135 neque
1470 1051 1696 1115 urbem
1746 1051 1954 1134 ipsam
2000 1054 2207 1113 totam
2251 1068 2455 1133 neque
2501 1067 2689 1133 agros

315 1158 489 1241 ipsos
533 1155 668 1222 ullo
718 1157 905 1223 modo
950 1156 1218 1222 liberata
1261 1157 1479 1221 haberi
1525 1157 1809 1241 potuisse
1830 1202 1846 1231 ,
1895 1154 2033 1217 urbs
2074 1159 2131 1217 et
2171 1154 2307 1234 cyri
2342 1174 2456 1237 per
2492 1159 2692 1218 trans-

313 1260 623 1328 lationem
686 1263 931 1329 dietum
979 1283 1112 1328 esse
1157 1262 1413 1327 videtur
1456 1282 1572 1347 pro
1622 1281 1695 1327 eo
1742 1260 1914 1346 quod
1962 1266 2098 1324 erat
2142 1262 2310 1326 inter
2355 1260 2581 1324 urbem
2627 1265 2691 1325 et

317 1388 506 1454 agros
524 1416 540 1446 ,
590 1367 722 1434 scil.
772 1389 882 1455 pro
929 1369 1052 1432 loco
1099 1369 1272 1432 muri.
1323 1366 1724 1432 Vocabulum
1772 1367 2088 1430 meracum
2132 1367 2344 1430 habere
2362 1415 2378 1442 ,
2428 1365 2504 1430 de
2550 1364 2687 1430 loeo

317 1477 493 1539 muri
551 1474 795 1540 dictum
814 1524 829 1552 ,
895 1477 1131 1561 partim
1175 1474 1433 1560 quidem
1479 1473 1701 1539 eodem
1745 1473 1935 1538 modo
1983 1470 2279 1559 intellegi
2328 1471 2514 1536 debet
2561 1492 2684 1557 quo

319 1579 398 1645 de
445 1579 590 1645 aliis
634 1580 927 1666 templis,
976 1580 1105 1647 vid.
1153 1601 1302 1667 pag.
1352 1579 1482 1644 364
1530 1578 1671 1644 adn.
1724 1578 1765 1642 4
1812 1582 1878 1643 et
1925 1575 1987 1641 5.
2036 1576 2163 1642 Sed
2210 1577 2441 1662 partim
2490 1579 2687 1642 etiam

317 1686 630 1750 liberatum
697 1689 908 1752 habere
973 1689 1224 1773 proprio
1295 1693 1359 1752 et
1426 1705 1588 1750 novo
1649 1683 1862 1769 ah‘quo
1928 1705 2115 1748 sensu
2179 1682 2255 1748 de
2312 1681 2451 1748 loco
2513 1685 2688 1747 muri

318 1792 564 1858 dietum
623 1814 758 1860 esse
816 1793 1070 1859 videtur
1088 1841 1104 1872 ,
1169 1813 1294 1878 quo
1349 1813 1539 1856 sensu
1583 1791 1653 1855 id
1700 1811 1737 1854 a
1780 1788 2043 1875 reliquis
2092 1788 2353 1874 templis
2401 1788 2684 1854 alienum

317 1905 471 1964 erat.
534 1900 828 1985 Augures
889 1901 1062 1964 enim
1107 1919 1329 1964 cavere
1373 1897 1682 1962 debebant
1700 1945 1716 1974 ,
1765 1917 1843 1962 ne
1890 1898 2035 1980 quis
2080 1895 2461 1960 aedificando
2520 1915 2686 1959 coar-

319 2010 482 2070 taret
542 2011 653 2070 aut
697 2010 978 2071 mutaret
1021 2015 1430 2091 prospectum
1476 2025 1553 2069 ex
1597 2005 1759 2068 Arce
1779 2051 1796 2080 ,
1846 2006 1958 2088 qui
2001 2002 2147 2068 inde
2195 2003 2559 2087 capiebatur
2606 1999 2686 2066 ad

316 2113 600 2197 auspicia
663 2111 1048 2177 observanda
1065 2159 1082 2188 ,
1154 2131 1316 2177 neve
1387 2109 1540 2196 quid
1608 2113 1699 2174 ita
1768 2108 2203 2174 aedificaretur
2273 2115 2348 2172 ut
2412 2107 2685 2172 officeret

315 2220 614 2302 auspiciis
660 2219 938 2283 urbanis.
987 2217 1082 2282 Eo
1127 2219 1446 2302 pertinent
1492 2215 1560 2280 hi
1606 2215 1731 2280 duo
1777 2213 1935 2280 loci:

408 2321 536 2390 Cic.
578 2322 693 2388 Off.
739 2323 797 2390 3.
833 2323 936 2388 16.
963 2322 1084 2388 66:
1129 2323 1293 2400 ,.Ut,
1333 2344 1481 2387 cum
1518 2325 1585 2386 in
1624 2342 1764 2386 arce
1805 2323 2154 2408 augurium
2178 2339 2454 2407 augures
2478 2319 2682 2383 acturi

314 2435 540 2506 essent,
565 2433 1020 2515 iussissentque
1042 2428 1138 2494 ¹1¹1.
1166 2427 1509 2496 Claudium
1534 2426 2009 2506 Centumalum,
2035 2431 2147 2513 qui
2170 2427 2353 2492 aedes
2373 2428 2443 2490 in
2468 2423 2681 2492 Caelio

313 2541 530 2601 monte
576 2536 849 2602 habebat
864 2585 880 2614 ,
931 2535 1225 2602 demoliri
1270 2557 1344 2601 ea
1387 2557 1662 2623 quorum
1716 2533 1987 2600 altitudo
2034 2534 2308 2600 officeret
2344 2534 2643 2618 auspiciis
2664 2579 2681 2608 ,

313 2639 620 2708 Claudius
655 2645 1022 2729 proscripsit
1056 2641 1336 2708 insulam
1355 2691 1370 2718 ,
1411 2644 1571 2707 emit
1609 2641 1682 2704 P.
1710 2637 2093 2727 Calpurnius
2134 2639 2461 2705 Lanarius.
2509 2636 2682 2702 Huic

313 2748 392 2813 ab
441 2750 791 2835 auguribus
835 2748 1002 2814 illud
1047 2749 1220 2815 idem
1266 2749 1714 2814 denuntiatum
1761 2755 1857 2813 est
1906 2795 1963 2811 ..
1995 2796 2008 2811 .
2041 2795 2055 2812 .
2104 2747 2197 2811 M.
2242 2744 2398 2813 Cato
2438 2751 2682 2810 senten-

313 2857 474 2920 tiam
536 2855 700 2920 dixit
765 2905 779 2920 .
807 2903 824 2920 .
854 2855 912 2919 .”
977 2854 1143 2935 (Hoc
1205 2855 1447 2920 sactum
1491 2861 1590 2920 est
1636 2852 1849 2940 paullo
1896 2859 2041 2919 ante
2087 2874 2143 2918 a.
2172 2851 2255 2918 91
2278 2901 2295 2930 ,
2346 2873 2469 2938 quo
2516 2871 2678 2916 anno

312 2960 407 3024 M.
459 2959 618 3028 Cato
664 2969 940 3027 mortem
987 2963 1192 3040 obiit).
1255 2983 1262 2992 ·

403 3065 571 3133 Fest.
633 3089 779 3154 pag.
833 3065 996 3132 344:
1046 3066 1611 3144 „Summissiorem
1660 3067 1802 3133 aliis
1851 3066 2071 3133 aedem
2116 3064 2393 3130 Honoris
2439 3069 2505 3129 et
2550 3061 2687 3127 Vir-

313 3176 474 3238 tutis
537 3170 606 3240 C.
673 3174 920 3240 Marius
981 3175 1131 3240 fecit
1148 3223 1164 3254 ,
1227 3196 1306 3240 ne
1358 3178 1414 3240 is
1462 3174 1868 3262 (legendumt
1916 3173 1997 3254 ei)
2046 3173 2207 3238 forte
2258 3171 2532 3237 officeret
2578 3190 2685 3234 au-

312 3283 528 3367 spiciis
577 3280 846 3365 publicis
865 3330 880 3358 ,
930 3283 1225 3368 Augures
1272 3303 1412 3347 eam
1460 3280 1752 3346 demoliri
1796 3279 2160 3365 cogerent''.

404 3386 781 3472 Prospectus
846 3407 925 3451 ex
992 3387 1154 3452 Arce
1221 3387 1494 3452 habebat
1563 3386 1719 3451 duas
1786 3383 1997 3471 partes
2014 3434 2031 3462 ,
2092 3386 2485 3470 superiorem
2546 3383 2683 3447 sive

312 3494 552 3558 acriam
609 3498 673 3557 et
731 3491 1094 3558 inferiorem
1157 3495 1294 3558 sive
1355 3493 1664 3558 urbanam
1682 3541 1699 3569 ,
1758 3511 2031 3577 quarum
2078 3492 2413 3573 utriusque
2459 3489 2528 3551 in
2576 3507 2683 3552 au·

309 3600 524 3684 spiciis
567 3599 727 3664 ratio
774 3598 1057 3664 habenda
1103 3605 1272 3676 erat,
1321 3604 1395 3662 ut
1441 3605 1625 3663 antea
1672 3599 1939 3683 exposui
1989 3594 2308 3660 Mnemos.
2364 3590 2540 3658 1890
2595 3590 2677 3657 18

308 3725 458 3790 pag.
504 3701 898 3781 246—249;
946 3704 1116 3770 linea
1161 3725 1287 3790 qua
1332 3705 1450 3769 hae
1496 3711 1707 3790 partes
1752 3703 2239 3789 separabantur,
2291 3720 2484 3785 quam
2531 3695 2680 3765 Gel-

307 3809 438 3875 lius
500 3809 632 3891 (13.
665 3809 768 3874 14.
801 3809 865 3891 1)
922 3809 1080 3876 dicit
1125 3810 1318 3876 finem
1365 3811 1591 3875 urbani
1638 3811 1943 3895 auspicii,
1995 3806 2191 3873 Varro
2241 3805 2331 3887 (6.
2361 3803 2473 3885 53)
2524 3803 2678 3869 dicit

311 3916 504 3982 finem
583 3919 1012 4002 auspiciorum
1089 3915 1494 3994 caelestium,
1567 3923 1701 3982 erat
1768 3917 2149 4001 pomerium.
2222 3912 2353 3999 Ipsi
2421 3912 2680 3976 termini

313 4023 572 4108 quidem
614 4025 884 4108 pomerii
929 4043 1006 4088 ex
1054 4024 1212 4088 Arce
1259 4023 1538 4107 conspici
1581 4043 1706 4086 non
1753 4026 2043 4106 poterant
2064 4069 2079 4097 ,
2120 4019 2230 4085 sed
2263 4021 2400 4084 eius
2441 4022 2679 4082 tractus

309 4128 708 4194 indicabatur
767 4129 1066 4194 aedificiis
1127 4135 1191 4194 et
1253 4130 1439 4193 tectis
1500 4125 1823 4192 nonnullis
1884 4127 2141 4192 urbanis
2158 4175 2177 4204 ,
2242 4145 2400 4211 quae
2446 4125 2515 4188 in
2564 4122 2683 4188 for-

310 4235 508 4300 mulis
547 4237 681 4301 sive
721 4233 922 4301 effatis
960 4234 1374 4321 auguralibus
1413 4234 1727 4322 descripta
1766 4238 1944 4298 erant
1984 4232 2139 4314 (vid.
2180 4231 2403 4310 infra),
2448 4230 2683 4295 horum

380 4480 432 4544 1)
467 4479 592 4538 eeu.
633 4481 709 4530 14.
728 4477 774 4530 7.
794 4479 842 4532 7.
