3192 5009
517 291 601 360 '72
1230 302 1619 362 ΗΡΩῙΔΟΥ
1667 300 2150 360 MIMIAMBOI

672 474 775 543 IV
865 476 1163 561 ὥνθρωπος
1210 469 1271 543 ἓν
1315 479 1427 555 μὲν
1480 474 1637 544 οἶδεν
1688 469 1748 543 ἓν
1795 477 1851 543 δ’
1908 476 2287 557 απηρνῆθη”.

867 588 1019 651 ἀλλ’
1067 588 1117 651 εἰ
1164 586 1254 651 ’πὶ
1307 591 1437 651 νοῦν
1482 586 1751 664 γένοιτο,
1803 584 1906 651 καὶ
1956 586 2096 651 θεῶν
2145 583 2370 665 ψαύειν
2809 592 2877 647 '1⁶

872 692 1166 771 ain-slysb’,
1211 687 1272 763 ὃς
1322 691 1373 758 δ’
1420 692 1638 756 ἐκεῖνον
1686 691 1721 767 ἦ
1774 689 1927 771 ἔργα
1975 690 2254 757 τάκείνου

870 801 958 877 μὴ
1006 800 1459 880 παμφαλῆσαο
1507 798 1573 862 ἐκ
1621 797 1787 872 δίκης
1834 796 2134 878 mmm,

871 904 1047 978 ποδὸς
1096 904 1376 984 κρέμαιτ’
1426 903 1644 975 ἐκεῖνος
1693 903 1751 967 ἒν
1801 902 2094 983 γναφέως
2141 900 2298 984 οἴκῳ.

691 1019 828 1078 Ne.
876 1012 1022 1076 κάλ’
1072 1010 1233 1089 ὑμῖν,
1282 1005 1326 1074 ὦ
1374 1018 1666 1088 γυναῖκες
1687 1059 1704 1089 ,
1751 1009 2038 1079 &va-sum
2084 1009 2170 1076 τὰ
2217 1008 2316 1090 ἱρά

871 1121 979 1192 mit,-
1024 1117 1175 1198 λῷον
1222 1116 1663 1193 ἐμβλέποντα,
1714 1113 1895 1195 μέζον
1939 1118 2016 1190 ὥς
2065 1114 2227 1189 οὔτις
2813 1126 2881 1176 80

874 1220 1127 1304 ἦρέσατο
1174 1221 1275 1287 τὸν
1324 1222 1571 1297 Παιήον’
1621 1221 1771 1301 ἥπερ
1818 1217 1916 1287 οὖν
1963 1222 2158 1301 ὑμεῖς.

514 1409 622 1455 74
654 1401 750 1452 aaa
782 1404 836 1453 P.
866 1398 990 1453 nnn
1017 1405 1087 1464 B..
1118 1403 1201 1469 qui
1226 1405 1541 1469 depravatum
1568 1401 1750 1453 iniuria
1763 1403 1905 1467 putat
1920 1403 2175 1465 αηρνηθη.
2211 1401 2407 1452 Con-exi
2425 1397 2564 1451 οἵδεν.
2584 1402 2695 1453 Via.
2711 1402 2808 1452 AR
2833 1411 2858 1461 u

515 1490 612 1537 75
660 1504 715 1535 m
764 1486 821 1544 P,
868 1486 920 1533 οἱ
965 1487 1057 1545 11⁸.
1094 1483 1139 1533 οἱ
1173 1487 1243 1534 R·
1282 1490 1423 1535 recte.
1476 1486 1612 1537 Idem
1643 1486 1696 1535 in
1727 1484 1973 1550 proecdosi
2007 1500 2072 1535 vs.
2110 1484 2172 1538 ‘15
2207 1484 2446 1535 tribuerat
2479 1483 2622 1534 alteri
2655 1484 2848 1535 mulieri
2866 1523 2883 1547 ,

513 1584 639 1618 nunc
690 1571 817 1618 reete
864 1582 974 1618 cum
1021 1583 1107 1617 ms.
1154 1567 1351 1621 74—78
1414 1568 1498 1618 uni
1542 1582 1770 1633 personae
1813 1567 2113 1617 continuans.
2185 1576 2206 1624 ιι
2281 1571 2378 1617 76
2427 1567 2675 1616 nmmo
2723 1565 2780 1615 P.
2837 1574 2861 1623 ιι

514 1654 610 1701 77
642 1647 867 1712 όρῶρηιιεν
914 1650 959 1699 R.
1005 1650 1083 1699 hic
1115 1653 1166 1699 et
1199 1651 1238 1698 V
1275 1653 1324 1699 4.
1373 1651 1441 1699 vl
1482 1651 1660 1710 19,44.
1715 1649 1902 1715 Ubique
1934 1649 2060 1700 dedi·
2077 1649 2303 1715 spiritum
2336 1650 2520 1710 lenem,
2556 1652 2610 1700 ut
2643 1648 2703 1699 ab
2733 1645 2881 1710 alpia

516 1742 572 1789 nt
604 1738 853 1802 ἀραίρηκα.
922 1748 943 1798 ιι
1010 1744 1107 1791 78
1142 1756 1203 1790 ιιι
1238 1738 1433 1790 ποδῦνῖ)
1500 1749 1522 1798 ιι
1588 1744 1691 1790 80
1736 1757 1817 1790 και
1861 1756 1911 1798 ες
1944 1740 2000 1791 P.
2033 1768 2101 1779 —
2135 1725 2327 1806 μεζονῖι
2377 1739 2430 1792 P.
2488 1748 2510 1798 ΙΙ
2566 1744 2665 1790 88
2696 1740 2794 1789 τιν’
2829 1736 2887 1789 ἔκ

517 1973 857 2037 veritatem
922 1974 1217 2037 imitatus
1286 1974 1495 2037 vitam
1562 1974 1988 2057 spiritumque
2058 1972 2350 2058 operibus
2437 1974 2570 2037 suis
2656 1970 2876 2036 inflare

518 2076 765 2143 soleret.
808 2076 976 2157 „Qui
1016 2079 1221 2142 sicubi
1260 2077 1340 2142 ad
1376 2099 1517 2144 eam
1556 2099 1695 2144 rem
1735 2098 1800 2143 se
1841 2077 2204 2164 applicaret,
2238 2080 2408 2163 ipsos
2435 2077 2580 2144 deos
2603 2082 2886 2164 tangere.

520 2187 563 2248 i.
592 2204 645 2248 e.
686 2184 833 2248 deos
880 2186 1283 2269 aequiperare
1331 2183 1644 2250 studebat.
1697 2182 2094 2270 Quicumque
2139 2205 2287 2250 vero
2330 2183 2521 2248 illum
2559 2191 2671 2249 aut
2707 2182 2888 2248 illius

520 2310 741 2375 opera,
818 2292 908 2354 ait
927 2338 944 2368 ,
1015 2310 1140 2354 non
1212 2310 1466 2354 summa
1536 2311 1685 2354 cum
1757 2290 2173 2355 admiratione
2194 2338 2210 2367 ‚
2282 2311 2408 2376 qua
2474 2290 2670 2376 digna
2715 2294 2886 2366 sunt,

519 2397 834 2481 aspexerit
882 2432 967 2442 —
1016 2394 1127 2460 ille
1172 2394 1329 2480 pede
1386 2396 1808 2482 suspendatur
1843 2398 1912 2459 in
1950 2395 2211 2461 fullonis
2252 2395 2560 2461 officina''.
2604 2393 2888 2461 Verbum

520 2504 891 2580 παμφαλᾶν
933 2491 1177 2565 lectum
1225 2502 1394 2587 apud
1433 2502 1921 2587 Lycophronem
1958 2508 2025 2567 et
2065 2504 2334 2567 citatum
2375 2523 2451 2566 ex
2492 2502 2888 2587 Hipponacte

520 2612 709 2694 atque
753 2607 1142 2673 Anacreonte
1188 2628 1227 2671 a
1276 2606 1612 2673 scholiasta
1656 2607 1778 2693 Ap.
1827 2606 1951 2673 Rh.
1998 2606 2062 2672 H
2116 2606 2240 2673 127
2282 2606 2632 2692 explicatur
2673 2629 2724 2683 μ
2742 2632 2769 2670 ε
2789 2606 2887 2671 τὰ

521 2713 849 2787 ποιήσεως
913 2713 1016 2777 καὶ
1084 2713 1679 2789 ἐνθουσιασμοῦ
1744 2714 2288 2791 ἐπιβλέπειν,
2350 2712 2625 2779 formula
2671 2718 2889 2779 autem

520 2839 689 2885 nova
750 2820 818 2883 ἐκ
879 2819 1415 2894 δίκηςπδικαίως
1478 2820 1721 2899 merito,
1789 2820 2210 2905 comparanda
2253 2841 2401 2885 cum
2449 2819 2516 2883 ἐκ
2564 2818 2773 2896 δόλου,
2821 2820 2889 2883 ἐκ

521 2926 712 3005 βίας,
756 2923 823 3002 ἐξ
861 2926 1140 3003 ἀνάγκης
1187 2929 1353 3004 sim„
1396 2929 1509 2991 vix
1550 2925 1900 3012 quidquam
1938 2925 2143 2990 differt
2181 2925 2258 2991 ab
2298 2928 2467 2991 notis
2495 2924 2625 2991 illis
2649 2925 2709 2988 ἐν
2735 2923 2890 3005 δίκῃ,

525 3034 634 3098 σὺν
702 3031 835 3114 δίκῃ
857 3080 874 3109 ,
945 3032 1113 3106 μετὰ
1177 3032 1366 3107 δίκης.
1435 3029 1567 3098 Cur
1627 3032 1940 3098 addantur
1998 3031 2192 3098 verba
2237 3032 2304 3095 im
2331 3030 2612 3117 fullonis
2655 3030 2892 3115 officina

524 3140 765 3214 nesci03
838 3158 998 3201 num
1068 3136 1228 3203 forte
1297 3136 1505 3203 voluit
1570 3143 1759 3222 poeta
1831 3138 2294 3223 „suspendatur
2355 3137 2894 3223 quemadmodum

523 3247 905 3311 vestimenta
928 3246 997 3307 in
1022 3240 1408 3308 fullonica”?
1449 3242 1554 3309 Sic
1580 3250 1795 3309 tamen
1817 3247 1981 3309 ratio
2007 3242 2426 3331 suspendendi
2446 3244 2612 3309 mihi
2633 3242 2892 3330 quidem

525 3351 788 3418 obscura
833 3354 1067 3415 manet.
1115 3388 1197 3398 —
1238 3350 1405 3415 Loco
1445 3352 1534 3415 sic
1580 3370 1750 3414 nunc
1799 3371 1836 3413 a
1873 3349 2318 3416 Rutherfordio
2354 3350 2512 3415 bene
2550 3352 2893 3415 constituto

524 3460 711 3545 gravi
769 3455 1119 3522 liberamur
1180 3476 1387 3521 errore
1406 3505 1422 3534 ,
1469 3459 1537 3520 in
1586 3476 1782 3541 quem
1827 3458 2175 3522 necessario
2221 3476 2326 3521 me
2370 3456 2626 3521 induxit
2670 3456 2896 3542 prioris

527 3562 822 3629 editionis
865 3561 1053 3626 lectio
1099 3564 1249 3625 ἀλλ’
1298 3563 1364 3626 οἱ
1415 3561 1513 3625 ἐπὶ
1564 3567 1696 3625 νοῦν
1742 3561 1974 3638 γένοιτο
2025 3562 2125 3625 καὶ
2175 3562 2313 3625 θεῶν
2359 3563 2600 3641 ψαύειν.
2647 3561 2896 3647 Nempe

525 3669 675 3734 hinc
713 3666 1162 3732 concludebam
1202 3669 1544 3732 etiamtum
1582 3689 1731 3732 cum
1770 3667 1924 3732 haec
1962 3668 2382 3733 scriberentur
2418 3669 2487 3731 in
2510 3668 2677 3731 vivis
2700 3664 2897 3732 fuisse

527 3772 822 3859 Apellem
862 3778 924 3839 et
964 3772 1245 3838 nondum
1283 3772 1664 3838 celebratam
1700 3773 1883 3838 illam
1923 3770 2089 3839 Coae
2128 3772 2385 3837 Veneris
2410 3770 2896 3857 Anadyomenes

525 3882 881 3965 imaginem
933 3877 1217 3965 aliosque
1260 3878 1408 3945 deos
1455 3880 1726 3964 deasque
1771 3881 2052 3964 pinxisse
2069 3928 2085 3955 ,
2139 3878 2303 3942 unde
2347 3878 2728 3964 sequebatur
2770 3875 2900 3942 He-

526 3984 747 4051 rodem
809 3984 979 4048 hunc
1042 3988 1320 4050 mimum
1366 3988 1686 4069 scripsisse
1735 3992 1879 4049 ante
1929 3983 2121 4049 finem
2165 3982 2365 4049 seculi
2411 3986 2640 4069 quarti.
2709 3982 2896 4048 Nunc

526 4090 824 4157 videmus
868 4110 993 4154 non
1041 4089 1319 4175 amplius
1366 4092 1600 4155 vixisse
1649 4112 1977 4155 summum
2015 4093 2319 4176 pictorem
2340 4137 2356 4166 ,
2396 4110 2509 4154 nec
2549 4088 2898 4175 quidquam

529 4196 606 4262 de
670 4195 960 4262 Herodae
1014 4201 1219 4261 aetate
1266 4215 1343 4260 ex
1388 4196 1506 4262 hoc
1554 4195 1695 4261 loco
1745 4196 1905 4261 effici
1949 4216 2130 4281 posse
2148 4244 2164 4272 ,
2215 4216 2406 4281 quare
2453 4216 2612 4280 quae
2658 4194 2733 4260 de
2777 4195 2897 4261 hoc

532 4310 911 4389 argumento
937 4304 1157 4388 scripsi
1180 4304 1245 4365 in
1273 4301 1667 4366 Praefatione
1685 4322 1746 4386 p.
1767 4300 1851 4365 45
1871 4302 2154 4366 adhibita
2177 4322 2340 4366 nova
2360 4299 2502 4365 luce
2526 4300 2898 4387 corrigenda

532 4415 700 4475 sunt.
748 4409 774 4491 ΙΙ
821 4417 915 4471 w
958 4406 1139 4472 Nova
1179 4407 1383 4471 forma
1421 4408 1700 4487 ὀρώρηκεν
1739 4405 2061 4471 stabilitur
2095 4406 2248 4472 locis
2289 4406 2343 4469 V
2367 4405 2428 4470 4.
2459 4404 2545 4470 VI
2573 4405 2675 4471 19.
2703 4405 2811 4470 44.
2841 4402 2868 4486 ΙΙ
