3192 5009
1178 329 1613 378 Pnumncnus.
2013 299 2018 304 ’
2448 299 2580 371 28¹7

245 495 334 559 za}
376 495 509 580 βοᾷ.
550 495 755 562 Miror
802 496 1116 563 editorem
1163 517 1290 561 non
1326 497 1746 562 necessariam
1781 493 2062 560 iudicare
2097 513 2314 559 meam
2351 513 2586 559 eorrec-

242 605 452 667 tionem
509 603 917 682 προρρίψαντα
966 602 1236 688 ideoque
1284 602 1413 667 fere
1462 604 1750 687 suspicor
1795 605 1909 666 aut
1953 602 2095 666 viro
2142 601 2406 686 egregio
2454 620 2581 664 non

241 729 357 774 esse
416 707 635 774 liberos
722 714 837 774 aut
921 708 1222 795 puerulos
1309 705 1586 774 Graecos
1669 707 1882 773 multo
1949 706 2365 793 maligniores
2447 727 2582 773 esse

240 816 586 879 nostratibus
603 834 620 891 ;
684 816 756 880 hi
801 817 1011 892 enim,
1064 817 1119 879 si
1161 813 1556 879 ludicrarum
1604 834 1820 879 rerum
1868 833 2057 877 unam
2108 815 2191 876 iis
2239 812 2578 884 demseris.
2677 853 2686 862 .

240 919 483 1005 reliquas
537 941 756 986 omnes
812 919 1131 1003 proiciunt
1196 922 1335 985 sive
1406 916 1708 996 abiciunt,
1783 940 1908 983 non
1967 921 2052 983 iis
2111 923 2327 1003 petere
2375 917 2582 983 solent

239 1025 611 1091 auferentem.
662 1025 871 1092 'Peneo
914 1029 1123 1113 igitur
1165 1025 1335 1111 quod
1380 1025 1538 1090 olim
1582 1026 1839 1090 conieci.

312 1133 379 1196 P.
422 1130 545 1198 470
570 1133 645 1197 Β.
711 1134 764 1196 01
830 1131 1131 1207 δεδεμένοι
1190 1130 1664 1212 εὐδαιμονίζουσι
1726 1132 1867 1200 τούς
1915 1130 2320 1208 λελυμένους,
2371 1131 2579 1197 ἐκεῖνοι

240 1237 291 1301 δὲ
330 1237 455 1310 τοὺς
499 1238 869 1318 ἐλευθέρους,
920 1239 972 1304 οἱ
1023 1238 1076 1302 δ’
1128 1239 1412 1318 ε’λευθεροὶ
1462 1239 1603 1308 τοὺς
1651 1239 1946 1315 πολίτας,
1997 1233 2156 1302 οὗτοι
2204 1236 2268 1301 δὲ
2307 1274 2394 1286 —-
2437 1237 2579 1310 τοὺς

240 1345 523 1415 πλουσίους
570 1344 700 1409 κτέ.
752 1344 863 1410 Β18
908 1344 1185 1422 offend03
1234 1365 1386 1410 nam
1432 1347 1670 1410 omissa
1716 1349 1814 1410 est
1853 1345 2202 1409 necessaria
2247 1364 2584 1410 servorum

238 1452 447 1515 mentio
468 1499 485 1528 ,
527 1451 599 1515 hi
646 1453 821 1516 enim
864 1451 1201 1517 manifeste
1250 1450 1550 1516 dicuntur
1594 1451 1649 1515 οἵ
1698 1448 2000 1524 δεδεμένοι
2047 1454 2113 1514 81
2157 1449 2474 1525 λελυμένοι
2518 1454 2584 1514 81

236 1556 391 1620 hiant
431 1557 618 1623 verba
664 1555 965 1632 δεδεμένοι
1015 1557 1515 1639 εὐδαιμονίζουσι.
1554 1557 1888 1644 Suspicor:
1928 1558 1980 1622 οἱ
2023 1554 2321 1631 δεδεμένοι
2365 1556 2578 1634 (μὲν)

238 1661 670 1744 εὐδαιμονίζουσι
717 1663 855 1734 τοὺς
907 1662 1274 1738 λελυμένους
1322 1661 1694 1740 (δούλους),
1746 1663 1952 1726 ἐκεῖνοι
1999 1662 2062 1726 δὲ
2113 1661 2240 1726 xrs.

306 1767 373 1830 P.
418 1766 545 1834 4¹70
568 1765 639 1835 Ο.
692 1768 773 1834 ad
821 1769 1173 1847 πατρικίους
1222 1770 1299 1834 cf.
1348 1791 1410 1854 p.
1463 1766 1593 1833 465
1620 1769 1698 1832 A.

308 1873 375 1936 P.
420 1870 545 1938 4¹73
571 1872 699 1937 EF.
765 1871 964 1954 ὥσπερ
1030 1874 1090 1937 ἐν
1151 1874 1426 1951 Ὀλύνθῳ
1491 1873 1628 1943 τοὺς
1683 1871 2010 1951 κανθάρους
2059 1871 2344 1950 λέγουσιν
2390 1872 2474 1944 εἵς
2524 1895 2585 1937 τι

241 1981 419 2054 χωρίον
456 1978 1049 2055 ἐμβάλλοντας
1095 1971 1123 2042 3
1158 1987 1451 2044 καλεῖται
1495 1980 1990 2057 κανθαρώλεθρον,
2017 1977 2274 2052 ἐκβῆναι
2300 1979 2387 2055 μὴ
2415 1979 2587 2043 δυνα-

241 2083 419 2155 μένους
459 2085 937 2166 ἐναποθνῄσκειν.
987 2084 1166 2166 Quod
1214 2088 1480 2150 coniecit
1528 2085 1736 2151 editor
1784 2083 2186 2160 ἐμβαλόντας
2207 2133 2224 2162 ,
2275 2086 2330 2148 81
2373 2105 2581 2148 8811110

243 2187 391 2254 fieret
446 2191 521 2255 de
584 2212 653 2256 re
711 2190 911 2256 semel
973 2192 1139 2257 sacta
1157 2240 1172 2268 ,
1236 2191 1455 2278 procul
1514 2191 1707 2256 dubio
1757 2191 1920 2256 foret
1966 2193 2391 2255 necessarium
2409 2239 2424 2268 ,
2478 2189 2587 2255 sed

242 2296 295 2356 in
346 2317 405 2360 re
460 2296 810 2362 identidem
859 2300 1131 2382 repetita
1177 2300 1271 2362 ita
1317 2317 1499 2383 saepe
1548 2303 1811 2383 apparet
1856 2299 2206 2383 praesentis
2253 2317 2368 2381 pro
2413 2315 2588 2382 prae-

246 2403 403 2465 terito
468 2405 805 2487 participio
826 2451 841 2479 ,
914 2409 990 2467 ut
1058 2406 1515 2468 correctionem
1583 2405 2001 2468 necessariam
2069 2423 2203 2468 esse
2272 2401 2582 2467 dubitem.

244 2502 475 2583 Plenus,
536 2513 613 2571 111
676 2508 797 2572 hoc
843 2513 1007 2585 utar,
1056 2509 1371 2595 exemplis
1419 2514 1516 2574 est
1561 2507 1928 2573 Herodotus
1946 2556 1964 2585 ,
2015 2507 2126 2572 sed
2173 2511 2364 2572 etiam
2417 2508 2585 2594 apud

246 2609 453 2676 Atticos
510 2615 565 2676 is
626 2634 785 2678 usus
846 2616 1117 2679 minime
1164 2635 1344 2679 rarus
1392 2618 1521 2692 est;
1574 2633 1700 2698 qua
1747 2612 1823 2679 de
1871 2635 1938 2678 re
1987 2613 2145 2678 81188
2193 2614 2450 2679 dabitur
2498 2614 2588 2680 di-

247 2715 392 2780 cendi
432 2721 690 2783 eccesie.

314 2820 379 2885 P.
424 2823 630 2888 486111
680 2830 842 2890 extr.
911 2825 939 2889 ὃ
985 2826 1098 2902 μὲν
1148 2827 1274 2905 γὰρ
1325 2824 1654 2904 Σωκράτης
1707 2823 1892 2902 ἔλεγε
1943 2825 2278 2902 βούλεσθαι
2328 2834 2584 2906 Δαρεῖον

248 2921 386 3003 ἔχειν
441 2932 683 3002 μᾶλλον
746 2930 933 3007 Φίλον
999 2931 1033 3004 ἣ
1082 2934 1167 2997 τὸ
1214 2931 1505 3011 δαρεικόν.
1557 2930 1980 2996 Bernardakis
2029 2935 2144 2995 aut
2190 2931 2274 2994 τὸ’
2309 2931 2581 3012 δαρεικὸν

248 3033 553 3110 (χρυσίον)
604 3041 733 3100 aut
802 3037 936 3100 τὸν
1011 3037 1281 3120 δαρεικὸν
1345 3040 1636 3122 requirit.
1701 3037 2007 3122 Lepidius
2071 3037 2359 3103 Socrates
2421 3040 2588 3104 mihi

248 3133 441 3204 dixisse
482 3139 743 3207 videtur
784 3141 818 3215 ἢ
868 3141 1139 3221 δαρεικόν
1192 3147 1327 3209 81118
1376 3142 1648 3209 articulo
1667 3191 1683 3220 ,
1722 3146 1905 3229 quasi
1945 3165 2177 3210 nomen
2217 3143 2397 3209 Darii
2437 3167 2586 3211 cum

250 3237 347 3306 alio
388 3247 635 3311 nomine
680 3267 1072 3333 comparans.

320 3346 382 3411 P.
426 3348 553 3416 492
576 3349 648 3418 O.
724 3352 826 3417 καὶ
890 3356 959 3418 τὸ
1024 3356 1209 3430 σῶμα
1279 3362 1420 3428 τῆς
1489 3358 1768 3435 ψυχῆς
1839 3353 2342 3432 συγγενέστατόν
2404 3357 2587 3421 ἐστιν.

252 3447 393 3518 Ν11111
434 3462 597 3522 recte
643 3478 758 3543 pro
806 3468 900 3540 τῇ
947 3457 1219 3541 douzy?

319 3557 383 3623 P.
426 3559 551 3626 494
578 3559 711 3629 ΟΒ.
771 3567 856 3628 ‘O
923 3565 975 3628 δ’
1024 3564 1353 3646 Ὁμηρικὸς
1415 3568 1567 3631 λεὼν
1632 3569 1963 3647 (secuntur
2021 3587 2152 3631 vss.
2200 3577 2243 3631 Ρ
2299 3564 2590 3647 134-6)

254 3655 339 3736 ἆρ’
392 3667 530 3746 οὐχ
590 3663 791 3745 ὅμοιός
853 3670 983 3734 ἐστι
1049 3669 1444 3752 διανοουμένῳ
1492 3670 1638 3748 πρὸς
1692 3670 1830 3741 τοὺς
1878 3671 2173 3747 κυνηγοὺς
2224 3670 2588 3737 σπένδεσθαι

256 3771 359 3844 περὶ
414 3778 523 3837 τῶν
572 3773 799 3838 τέκνων
815 3795 831 3854 ;
883 3775 1022 3842 Imo
1069 3797 1221 3842 vero
1268 3771 1419 3854 ἄρα
1466 3776 1604 3858 (vel
1657 3771 1810 3853 ἆρά
1859 3781 1978 3855 γε)
2025 3773 2225 3852 ὅμοιός
2279 3778 2408 3841 ἐστι
2457 3778 2586 3842 κτὲ.

256 3869 537 3944 Sententia
597 3883 807 3945 euim:
870 3905 1009 3945 num
1074 3882 1186 3945 tibi
1246 3883 1487 3946 videtur
1526 3881 1750 3946 similia
1795 3903 1917 3945 esse
1963 3881 2282 3945 meditanti
2327 3905 2453 3946 cum
2496 3903 2590 3946 ve-

258 3984 517 4050 natoribus
549 3985 791 4069 pacisci
835 3988 909 4050 de
950 3987 1223 4050 cacabis?

325 4086 387 4153 P.
428 4089 555 4156 494
576 4091 649 4156 F.
700 4091 883 4171 Quod
929 4091 1313 4158 Plutarchus
1359 4094 1515 4158 dicit
1560 4091 1950 4180 gallinarum
1997 4092 2204 4178 pullos
2246 4093 2590 4170 ἐπιβαίνειν

260 4191 349 4254 τῶν
385 4197 566 4261 νώτων
610 4203 898 4263 matrum
937 4219 1161 4264 vereor
1195 4205 1269 4263 111
1308 4205 1477 4264 recte
1518 4200 1970 4264 observaverit.
2011 4199 2239 4264 Facere
2276 4199 2347 4263 id
2383 4199 2592 4266 solent

260 4299 443 4365 avium
482 4305 950 4388 aquaticarum,
1000 4325 1362 4391 cygnorum
1409 4325 1707 4371 anserum
1755 4308 2020 4370 anatum
2038 4353 2056 4384 ,
2105 4305 2273 4390 pulli
2317 4307 2591 4372 natando

264 4401 505 4493 fatigati,
550 4432 675 4475 non
719 4409 1129 4498 gallinarum.
