3192 5009
555 290 689 354 214
1314 309 1399 355 An
1445 307 1796 356 merosum
1841 307 2178 355 scnmcsu.

646 476 829 540 Anno
890 480 1109 540 autem
1170 472 1323 551 454,
1384 477 1613 541 aetatis
1674 475 2161 561 quadragesimo
2221 473 2496 540 secundo
2515 522 2532 551 ,
2597 476 2946 557 praeturae

554 604 819 648 munere
862 600 1111 647 Panum
1158 588 1419 646 ornatus
1464 586 1561 646 est
1606 589 1830 668 poeta,
1871 583 1926 645 si
1963 579 2117 645 fides
2157 578 2402 645 Iustino
2421 629 2438 657 ,
2480 588 2545 645 et
2582 586 2738 643 tunc
2780 598 2942 642 eum

554 691 942 777 pugnavisse
1000 694 1159 774 puto
1222 710 1372 753 cum
1430 688 1660 753 incolis
1721 690 2002 775 regionis
2050 690 2234 752 cuius
2283 708 2514 752 nomen
2561 688 2632 750 in
2677 687 2942 747 ὶνανίαν

554 798 690 861 sive
754 794 1033 871 εἰρωνικὸν
1096 802 1474 880 corruptum
1520 801 1638 860 est.
1686 794 1883 874 Quale
1927 797 2134 880 igitur
2181 814 2413 859 nomen
2456 789 2716 859 latitat?
2765 788 2942 869 Quid

555 904 611 967 si
654 902 781 965 fuit
828 897 1282 977 Ἀκαρνανίανῖ
1324 900 1494 979 Quid
1540 903 1595 965 si
1641 898 2036 986 Thucydidis
2074 906 2140 964 et
2176 897 2510 965 Plutarchi
2549 898 2944 963 testimoniis

556 1009 971 1077 confirmatur
1015 1009 1171 1073 haec
1218 1004 1624 1073 coniectura?

646 1117 879 1182 Narrat
936 1118 1110 1182 enim
1166 1114 1451 1181 Iustinus
1470 1164 1486 1192 ,
1550 1114 1628 1180 de
1677 1116 2074 1200 temporibus
2120 1120 2266 1180 ante
2309 1136 2534 1199 pacem
2583 1111 2942 1179 Periclem

555 1223 819 1309 loquens
838 1270 855 1300 ‚
937 1219 1323 1308 Sophoclem
1386 1242 1537 1285 cum
1607 1220 1852 1287 Pericle
1923 1220 2341 1307 Peloponnesi
2409 1240 2548 1285 oras
2619 1227 2942 1295 vastasse3

557 1350 721 1396 anno
768 1334 987 1393 autem
1036 1326 1167 1391 454
1213 1327 1283 1391 id
1329 1327 1572 1391 factum
1621 1348 1755 1391 esse
1803 1328 2148 1393 ostendunt
2192 1325 2600 1414 Thucydides
2645 1324 2704 1405 (I
2757 1324 2944 1403 111),

557 1435 877 1500 Diodorus
939 1433 1029 1511 (X
1078 1432 1210 1512 65),
1280 1440 1345 1498 et
1404 1435 1516 1519 qui
1578 1434 1784 1497 fusius
1843 1433 2170 1519 aliquanto
2231 1434 2484 1499 easdem
2530 1454 2630 1498 res
2677 1434 2947 1516 exponit

558 1540 945 1605 Plutarchus
984 1537 1237 1618 (Pericl.
1286 1561 1349 1624 p.
1404 1537 1614 1618 1630).
1665 1538 1841 1604 Haec
1888 1542 2096 1626 igitur
2140 1539 2462 1625 expeditio
2513 1541 2570 1603 si
2615 1544 2762 1623 apte
2809 1536 2946 1601 dici

558 1652 768 1733 potest
813 1644 1027 1708 bellum
1071 1646 1355 1707 adversm
1400 1645 1806 1708 Acarnaniam
1828 1694 1842 1720 ,
1885 1646 1964 1710 ad
2003 1646 2166 1711 hanc
2201 1646 2672 1731 expeditionem
2718 1642 2950 1707 referri

558 1754 795 1837 poterit
842 1751 1107 1815 obscura
1152 1748 1270 1814 illa
1316 1753 1543 1815 notitia
1594 1771 1756 1835 quae
1800 1754 1868 1815 in
1916 1754 2054 1815 vita
2093 1750 2423 1836 Sophoclis
2469 1752 2802 1835 reperitur.
2851 1748 2950 1811 At

559 1858 912 1923 rectissime
958 1858 1047 1920 sic
1092 1863 1360 1921 vocatur
1375 1878 1391 1934 ;
1434 1878 1595 1921 anno
1635 1860 1802 1922 enim
1849 1856 1980 1921 454
2020 1857 2440 1923 Athenienses
2477 1856 2636 1921 duce
2676 1852 2950 1929 Pericle,

562 1970 815 2030 vastato
861 1965 1042 2048 prius
1090 1982 1245 2048 agro
1293 1962 1628 2049 Sicyonio,
1680 1962 2173 2030 διαπλεύσαντες
2225 1966 2436 2041 πέραν,
2486 1972 2595 2037 τῆς
2642 1964 2954 2039 Ἀκαρνα-

562 2071 694 2141 νίας
745 2070 829 2139 εἷς
880 2066 1173 2137 Οἰνιάδας
1225 2070 1643 2144 ἐστράτευσαν
1691 2070 1794 2132 καὶ
1845 2070 2246 2147 ἐπολιόρκουν,
2293 2090 2456 2155 quae
2503 2075 2654 2133 sunt
2691 2066 2954 2151 Thucy·

563 2176 729 2241 didis
787 2174 981 2239 verba
1036 2172 1166 2251 l.l.;
1233 2173 1509 2240 Pericles
1566 2181 1785 2240 autem
1826 2176 1945 2241 hac
1993 2177 2395 2263 expeditione
2441 2173 2760 2261 praeclare
2805 2192 2952 2237 rem

562 2284 766 2370 gessit
826 2287 891 2345 et
952 2287 1210 2366 propter
1269 2301 1411 2346 eam
1474 2282 1830 2354 ἐθαυμάσθη
1895 2285 1996 2345 καὶ
2064 2282 2343 2356 διεβοήθη
2395 2283 2536 2358 πρὸς
2585 2281 2721 2349 τοὺς
2773 2279 2952 2345 ἐκτὸς

564 2388 903 2465 ἀνθρώπους
924 2434 941 2461 ,
1006 2391 1081 2449 ut
1142 2385 1527 2451 Plutarchus
1586 2385 1682 2452 1.l.
1748 2386 2056 2473 loquitur.
2106 2388 2273 2453 Nam
2320 2410 2446 2454 non
2495 2385 2746 2463 solum,
2793 2383 2952 2449 Plu·

480 2538 491 2548 ·
566 2493 825 2559 tarchus
871 2494 1120 2579 pergit,
1172 2490 1589 2578 Peloponnesi
1634 2515 1776 2560 oras
1817 2493 2160 2583 populatus
2196 2502 2328 2574 est,
2371 2495 2479 2560 sed
2517 2494 2702 2559 factis
2739 2495 2954 2557 incur-

565 2600 849 2666 sionibus
888 2601 957 2663 in
995 2598 1401 2684 paeninsulae
1445 2603 1750 2666 interiora
1794 2601 2126 2688 Sicyonios
2173 2602 2252 2667 ad
2296 2601 2606 2668 Nemeam
2655 2598 2956 2686 profliga-

563 2709 696 2783 vit,
744 2710 810 2769 et
857 2704 1079 2771 deinde
1126 2706 1549 2771 Acarnaniam
1597 2711 1898 2773 vastavit.
1963 2707 2100 2787 Qua
2146 2709 2547 2793 expeditione
2593 2706 2956 2827 Acarnania

565 2815 851 2899 primum
898 2814 1270 2876 intermixta
1315 2819 1411 2877 est
1458 2814 1647 2879 rebus
1695 2816 1950 2879 Atticis.

656 2916 831 3005 Ergo
878 2921 1282 2983 consentiunt
1326 2920 1495 2983 inter
1539 2941 1605 2983 se
1643 2918 2084 3006 Thucydidem
2126 2919 2476 2997 Diodorus,
2519 2918 2910 2984 Plutarchus
2931 2966 2950 2995 ‚

564 3024 884 3101 Iustinus,
932 3044 1290 3110 anonymus
1336 3024 1606 3109 denique
1649 3024 1764 3090 ille
1810 3025 1977 3111 apud
2017 3045 2212 3111 quem
2251 3026 2644 3113 biographus
2681 3029 2956 3089 Acarna-

516 3126 525 3133 ’
566 3130 707 3194 niae
766 3150 999 3195 nomen
1060 3137 1634 3196 commemoratum
1680 3134 1948 3197 invenit.
2012 3130 2415 3219 Biographus
2462 3138 2681 3195 autem
2731 3150 2956 3216 quam-

568 3256 761 3323 quam
800 3234 998 3300 stulte
1038 3234 1383 3300 admodum
1423 3239 1662 3301 erravit
1702 3244 1766 3302 et
1805 3236 2250 3323 chronologiae
2291 3258 2550 3303 securus
2573 3238 2958 3301 inconcinna

566 3345 815 3419 iunxit,
862 3341 1167 3407 hactenus
1214 3348 1427 3406 tamen
1478 3347 1574 3407 est
1619 3340 1973 3407 laudandus
2017 3341 2185 3428 quod
2236 3363 2536 3407 numeros
2584 3349 2650 3407 et
2689 3344 2956 3407 nomina

568 3468 730 3533 quae
798 3450 1127 3513 invenerat
1193 3449 1433 3512 intacta
1502 3445 1797 3533 reliquit,
1857 3450 1950 3512 ita
2012 3453 2088 3512 ut
2146 3448 2222 3513 de
2283 3469 2412 3513 una
2475 3454 2774 3535 praetura
2817 3450 2954 3512 iam

569 3555 753 3620 nobis
813 3560 1151 3619 narrentur
1211 3573 1371 3637 quae
1432 3552 1511 3617 ad
1558 3560 1686 3619 tres
1735 3559 2060 3641 praeturas
2079 3604 2095 3632 ,
2141 3553 2356 3642 longis
2403 3575 2720 3620 annorum
2763 3556 2958 3618 inter-

568 3660 763 3727 vallis
810 3660 1177 3725 dissociatas
1195 3709 1212 3736 ‚
1260 3662 1639 3745 pertineant.

659 3858 786 3924 Hic
848 3856 1100 3923 dicendi
1160 3856 1355 3922 finem
1417 3856 1620 3923 facere
1683 3866 1968 3943 poteram
1988 3908 2003 3935 ,
2069 3861 2194 3924 nisi
2257 3866 2613 3945 superesset
2675 3861 2955 3945 suspicio

572 3986 765 4053 quam
811 3986 937 4029 non
986 3966 1109 4028 nisi
1156 3962 1542 4029 haesitanter
1586 3964 1836 4049 profero
1857 4013 1872 4041 ,
1923 3986 2074 4030 cum
2122 3964 2473 4031 verendum
2521 3988 2656 4031 esse
2703 3964 2958 4031 intelle-

573 4092 727 4160 gam
771 4092 850 4135 ne
897 4073 965 4135 in
1011 4078 1257 4135 veteres
1303 4089 1543 4133 errores
1591 4069 1840 4134 dudum
1886 4068 2176 4156 explosos
2223 4071 2423 4137 relabi
2472 4072 2710 4138 videar.
2775 4073 2958 4137 Atta-

572 4198 723 4243 men
768 4176 1207 4261 proferendam
1253 4194 1494 4240 censeo.

664 4282 1041 4369 Strategum
1086 4282 1279 4349 fuisse
1327 4278 1707 4370 Sophoclem
1753 4280 1950 4347 simul
1995 4302 2144 4352 cum
2189 4282 2373 4351 Nicia
2390 4332 2407 4362 ‚
2447 4304 2640 4371 supra
2669 4284 2716 4369 ¹)
2753 4287 2956 4355 statui

596 4412 844 4536 ‘sil-g.
878 4464 993 4521 ιιι.
