3192 5009
499 290 631 356 324
681 391 684 396 Ι
1425 307 1943 358 morumsrus.

495 474 666 560 quod
733 477 930 540 etiam
999 473 1248 540 facilius
1309 473 1594 541 excidere
1655 477 1902 561 potuit:
1971 474 2197 556 τράγον
2250 476 2569 557 (ἕςυκότα)
2621 477 2869 557 θεωρεῖν.

586 580 746 645 Ibid.
810 581 913 644 καὶ
978 583 1088 656 τὴν
1149 580 1445 645 σιτοποιὸν
1510 589 1751 661 πειρῶ
1772 607 1801 645 ν
1865 584 2148 648 λαθεῖν
2194 581 2676 655 καταλέσας
2722 579 2869 660 μετ’

494 687 686 761 αὐτῆς
737 695 859 758 τοῖς
911 685 1065 752 ἔνδον
1112 693 1267 751 πᾶσι
1316 689 1420 772 καὶ
1461 687 1627 769 αὐτῷ
1668 688 1753 752 τὰ
1795 688 2131 762 ἐπιτήδεια.
2180 688 2309 755 Hie
2344 688 2521 755 loeus
2560 699 2873 775 quantum
2996 724 3007 756 ·.

491 796 642 859 novi
688 793 969 859 nondum
1015 795 1172 860 bene
1218 797 1605 860 constitutus
1651 794 1795 860 fuit.
1842 794 2059 860 Veluti
2106 793 2415 873 Cerasus,
2457 797 2567 881 qui
2603 797 2675 860 in
2712 794 2873 862 'rhe-

492 901 788 985 ophrasto
853 922 977 964 non
1037 900 1186 966 fecit
1247 920 1470 984 operae
1515 903 1837 986 praetium
1857 949 1872 978 ,
1920 921 2072 966 nam
2118 901 2480 978 μονότροπος
2532 901 2609 966 ὢν
2652 907 2719 966 et
2764 902 2875 966 αὖ·

491 1007 739 1078 δέκατος
801 1026 1156 1092 numquam
1215 1006 1472 1072 facetias
1536 1006 1760 1071 didicit
1817 1009 2155 1072 aestimare
2173 1056 2189 1084 ,
2259 1012 2471 1072 totum
2515 1006 2733 1072 locum
2778 1009 2872 1072 ita

492 1115 718 1178 vertit:
799 1113 952 1176 C’eet
1011 1135 1215 1176 encore
1274 1114 1427 1176 dam
1487 1113 1544 1176 le
1605 1111 1904 1176 caractere
1964 1114 2112 1176 d'un
2174 1113 2261 1178 tel
2302 1115 2520 1177 home
2535 1163 2553 1191 ‚
2606 1115 2871 1178 d’entrer

476 1219 881 1304 furtivement
925 1225 982 1282 et
1026 1217 1066 1280 ὰ
1112 1218 1298 1282 eim
1343 1220 1418 1282 de
1461 1241 1532 1281 sa
1569 1215 1873 1299 me'naqere
1910 1220 2063 1282 dam
2101 1219 2328 1302 Poffiw,
2354 1241 2519 1301 pom·
2548 1242 2593 1303 y
2632 1221 2875 1284 devorer

495 1324 742 1410 quelque
798 1347 1096 1408 morceau,
1167 1332 1224 1388 et
1257 1347 1420 1406 pour
1463 1325 1673 1388 avaler
1715 1325 1993 1411 quelques
2036 1327 2282 1388 raeadee
2326 1327 2405 1388 de
2444 1325 2550 1390 vin
2582 1347 2711 1408 pur
2724 1353 2754 1402 ,·
2800 1327 2877 1389 de

467 1432 736 1494 ,moudre
796 1453 936 1494 avec
995 1431 1110 1495 elle
1171 1431 1228 1494 le
1289 1431 1427 1495 bled
1442 1480 1458 1509 ,
1523 1439 1580 1495 ei
1627 1433 1701 1495 de
1746 1431 2071 1496 dieu-ibam·
2117 1432 2204 1496 les
2248 1431 2481 1495 ratione
2524 1433 2599 1495 de
2630 1431 2789 1514 pain
2836 1431 2877 1494 ὰ

497 1543 684 1600 tontes
747 1537 832 1600 les
865 1559 1191 1619 personnee
1237 1538 1342 1622 qui
1388 1545 1713 1619 compo-sent
1756 1559 1827 1600 ea
1856 1536 2135 1622 famille.
2184 1536 2350 1616 Quid
2396 1539 2625 1602 attinet
2670 1537 2879 1603 dicere

495 1641 658 1707 nihil
717 1643 950 1708 horum
1011 1645 1078 1707 in
1141 1641 1398 1709 Graecis
1461 1646 1666 1709 inesse
1712 1663 1915 1728 neque
1961 1642 2261 1708 σιτοποιὸν
2310 1663 2451 1708 eam
2498 1663 2633 1708 esse
2678 1663 2875 1728 quam

497 1748 722 1813 Franci
783 1747 1084 1829 me‘naqere
1144 1747 1507 1836 appellant?
1572 1747 1774 1814 Paulo
1834 1748 2067 1814 melius
2130 1755 2226 1814 est
2289 1748 2461 1835 quod
2520 1751 2591 1814 in
2646 1748 2881 1814 Latina

496 1856 784 1920 versione
843 1857 1132 1920 invenio:
1211 1854 1550 1932 „ancillam
1614 1861 1833 1920 autem
1900 1854 2238 1940 panificam
2305 1853 2469 1920 clam
2544 1859 2843 1920 attrectat
2860 1904 2879 1932 ,

498 1959 722 2026 deinde
766 1981 916 2026 cum
961 1960 1077 2025 illa
1124 1960 1312 2027 molit
1352 1961 1430 2026 ad
1475 1965 1724 2028 victum
1774 1968 1916 2026 tum
1962 1962 2085 2026 sibi
2132 1968 2276 2026 tum
2314 1963 2651 2028 universae
2696 1962 2887 2026 sami-

492 2067 617 2133 liae
687 2066 1176 2132 necessarium’'.
1247 2066 1370 2132 Sed
1437 2089 1551 2132 cur
1620 2066 1878 2132 tandem
1944 2067 2239 2132 ancillam
2314 2067 2465 2130 clam
2538 2065 2885 2133 attrectat?

493 2173 782 2243 Pudetne
845 2173 944 2238 τὸν
1007 2171 1328 2249 ἄγροικονῖ
1391 2173 1629 2240 Melius
1676 2179 1893 2239 tamen
1937 2174 2056 2239 hoc
2102 2195 2295 2260 quam
2344 2173 2639 2260 Ussingis
2685 2175 2887 2238 inter-

491 2282 790 2365 pretati0,
855 2284 968 2366 qui
1025 2280 1493 2365 interpretando
1555 2280 1704 2346 fecit
1762 2287 1836 2345 ut
1880 2280 2042 2346 nihil
2086 2280 2513 2367 intelligeret:
2564 2287 2671 2357 „et
2716 2279 2885 2344 dum

493 2388 820 2471 pistricem
879 2385 1157 2471 pellicit,
1221 2408 1345 2452 non
1403 2387 1889 2465 animadvertit,
1954 2409 2020 2453 se
2080 2390 2338 2452 interim
2400 2407 2529 2450 una
2589 2407 2739 2451 cum
2806 2405 2887 2450 ea

493 2495 827 2557 universae
875 2490 1156 2557 familiae
1204 2499 1269 2557 et
1315 2493 1436 2557 sibi
1477 2495 1691 2557 omnia
1708 2541 1725 2568 ,
1766 2513 1926 2579 quae
1971 2515 2130 2578 opus
2170 2499 2382 2569 erant,
2424 2490 2757 2556 moluisse.
2788 2529 2883 2540 —

492 2596 672 2663 Nihil
711 2597 1114 2662 mutandum.
1169 2597 1483 2662 Ancillam
1520 2597 1727 2663 infimi
1768 2602 2018 2686 generis
2058 2621 2185 2664 non
2223 2598 2431 2663 solum
2469 2597 2549 2662 ad
2574 2604 2887 2684 stuprum

493 2701 736 2787 pellicit
753 2751 768 2780 ,
818 2702 926 2768 sed
972 2717 1108 2767 tam
1155 2702 1558 2768 familiariter
1602 2725 1751 2770 cum
1798 2725 1872 2770 ea
1917 2707 2055 2790 agit
2072 2753 2087 2781 ,
2136 2711 2211 2768 ut
2252 2707 2447 2770 etiam
2483 2703 2686 2769 molas
2723 2725 2885 2770 cum

493 2828 567 2872 ea
625 2814 836 2872 verset
853 2856 868 2883 ,
935 2807 1104 2893 quod
1164 2813 1421 2875 tantum
1485 2808 1753 2875 dedecus
1773 2859 1788 2886 ,
1839 2813 1894 2875 si
1938 2811 2073 2895 ipse
2120 2808 2676 2874 animadvertisset
2694 2855 2711 2885 ,
2762 2811 2885 2874 vix

490 2913 804 2988 fecisset’'.
855 2915 980 2978 Ain
1026 2911 1141 2978 tu?
1190 2936 1314 2980 non
1362 2916 1813 2981 animadvertit
1862 2918 2137 2981 rusticus
2186 2937 2252 2981 se
2293 2915 2537 2980 molam
2582 2913 2885 2980 versare?

491 3018 656 3099 Quid
716 3019 975 3085 tandem
1037 3021 1200 3086 credi
1270 3043 1396 3086 non
1458 3025 1696 3109 poterit
1714 3070 1730 3100 ‚
1795 3043 1997 3109 quum
2042 3021 2161 3088 hoc
2209 3019 2544 3088 credatur?
2590 3022 2889 3106 Apparet

490 3127 720 3191 erroris
781 3128 994 3213 origo:
1057 3125 1300 3191 librarii
1361 3131 1472 3212 qui
1538 3126 1847 3193 dederunt
1910 3133 2117 3206 πειρῶν
2166 3130 2396 3205 λαθεῖν,
2452 3125 2885 3193 confuderunt

489 3231 683 3297 verba
731 3236 944 3308 πειρᾶν
991 3239 1054 3296 et
1102 3233 1422 3310 πειρᾶσθαι
1469 3233 1830 3319 habentque
1868 3236 1937 3297 in
1980 3254 2054 3298 eo
2094 3233 2387 3319 pudendo
2427 3255 2633 3300 errore
2653 3236 2883 3318 ipsum

490 3333 938 3404 casaubonum
1004 3341 1250 3404 socium
1269 3387 1284 3416 ,
1351 3342 1462 3424 qui
1524 3343 1755 3404 vertit:
1824 3345 1931 3417 „et
1992 3342 2219 3404 vinum
2280 3342 2593 3405 meracius
2654 3344 2840 3424 potat
2858 3389 2879 3417 ,

491 3442 833 3530 diligenter
887 3447 1151 3510 interim
1169 3493 1185 3521 ,
1252 3466 1329 3510 ne
1389 3445 1507 3511 hoc
1569 3445 1798 3512 ancilla
1861 3446 2128 3532 panifica
2188 3449 2482 3512 resciscat
2500 3494 2516 3524 ‚
2576 3446 2877 3511 cavens'’.

490 3550 616 3616 Sed
659 3550 987 3615 sciendum
1033 3557 1132 3616 est
1175 3553 1244 3615 in
1290 3551 1613 3617 codicibus
1662 3549 1804 3636 κᾷτ’
1853 3553 2089 3625 ἀλέτας
2138 3551 2307 3638 legi,
2348 3550 2516 3616 unde
2555 3558 2881 3636 expuncto
3008 3615 3023 3636 „

487 3656 805 3722 infinitivo
875 3659 1106 3734 λαθεῖν,
1176 3659 1310 3722 iam
1379 3660 1654 3744 emergit
1722 3679 1873 3723 vera
1941 3658 2165 3723 lectio:
2233 3658 2340 3722 καὶ
2403 3637 2506 3748 dv
2570 3657 2879 3722 σιτοποιὸν

491 3766 776 3841 πειρᾶν
849 3759 1020 3846 κᾷτ’
1093 3766 1385 3826 αλέσαι
1449 3768 1591 3838 μετ’
1652 3766 1843 3832 αὐτῆς
1907 3771 2030 3834 τοῖς
2098 3761 2255 3826 ἔνδον
2324 3767 2480 3828 πᾶσι
2546 3764 2647 3827 καὶ
2698 3765 2873 3842 αὖτῷ

489 3869 880 3940 τάπιτήδεια.
947 3869 1109 3933 Rem
1154 3868 1361 3932 vides:
1413 3872 1691 3933 rusticus
1738 3869 2033 3934 ancillam
2080 3871 2445 3955 subagitat:
2496 3869 2739 3934 clamne
2790 3889 2877 3934 an

485 3974 704 4061 palam
722 4023 737 4050 ,
787 3976 1029 4038 ciccum
1075 3995 1201 4038 non
1246 3973 1576 4038 interduit.

575 4078 732 4144 Ibid.
806 4079 908 4142 καὶ
957 4079 1292 4157 ἀργυρίδιον
1342 4082 1462 4159 (ita
1509 4077 1763 4158 Cobet„
1812 4080 2013 4167 vulgo
2064 4083 2131 4144 τὸ
2182 4083 2491 4162 α’ργύριον)
2540 4080 2715 4156 παρά
2758 4103 2874 4145 που

486 4185 701 4262 λαβὼν
749 4183 1244 4264 ἀποδοκιμάζειν,
1289 4187 1432 4250 λίαν
1482 4187 1680 4263 λέγων
1728 4191 2023 4264 λυπρὸν
2070 4183 2221 4252 εἶναι
2264 4187 2367 4252 καὶ
2409 4182 2605 4262 ἕτερον
2642 4188 2879 4250 ἀνταλ-

487 4293 828 4357 λάττεσθαι
909 4296 1028 4372 (ita
1099 4289 1342 4369 Cobet„
1413 4291 1613 4377 vulgo
1683 4289 1823 4367 ἅμα
1896 4295 2372 4373 ἀλλάττεσθαι).
2444 4291 2571 4357 Hic
2630 4291 2877 4358 Ussinx

489 4401 781 4465 omnium
841 4399 1216 4486 longissime
1277 4419 1314 4464 a
1359 4405 1527 4464 recta
1575 4401 1683 4464 via
1727 4399 2071 4477 aberravit3
2123 4401 2361 4466 etenim
2410 4396 2717 4483 explicat:
2771 4404 2875 4476 „si
