3192 5009
1234 370 1627 422 Temenum
1638 369 1733 418 us.
2546 336 2677 407 275

389 559 452 622 p.
500 536 652 603 220.
686 536 790 601 14.
851 561 970 602 non
1041 537 1245 614 habet,
1301 535 1512 621 quibus
1559 536 1667 598 lcoc
1710 532 2119 616 repromittat,
2168 539 2226 596 et
2269 530 2325 594 ei
2370 528 2678 604 habuerit,

295 666 416 708 non
462 644 855 726 repromittnt.
904 643 1152 730 Vulgo:
1201 641 1582 725 repromittit.

389 886 454 950 p.
502 862 655 928 220.
683 862 791 927 21.
866 871 924 926 et
985 863 1140 926 enim
1197 883 1288 924 me
1345 883 1464 924 non
1525 859 1715 940 maqie
1772 856 2147 923 dedecorabit
2205 855 2381 920 utilis
2430 854 2645 918 levitas
2662 902 2680 932 ,

293 993 470 1056 quam
513 969 749 1034 ornarit
795 991 1006 1032 nocens
1056 970 1534 1049 (constantia).

388 1211 451 1274 p.
501 1188 652 1253 222.
685 1186 787 1254 17.
838 1188 996 1252 talia
1043 1194 1101 1251 et
1145 1194 1318 1250 tanta
1347 1186 1591 1272 futilia
1628 1207 1842 1262 eorum,
1885 1185 2099 1271 quibua
2137 1191 2195 1248 et
2217 1185 2323 1247 deo
2349 1182 2681 1245 adulantur

293 1303 355 1358 et
413 1295 530 1358 eibi
588 1295 1023 1371 lenocinantur,
1089 1293 1500 1379 effeminantia
1562 1292 1750 1374 maqis
1796 1315 1971 1377 quam
2018 1289 2365 1372 viqorantia
2411 1285 2682 1369 discipti-

295 1425 437 1465 nam
453 1449 470 1477 ,
534 1401 776 1485 quantis
833 1409 889 1464 et
932 1423 1038 1464 noe
1084 1407 1141 1464 et
1187 1399 1508 1463 contrarii-s·
1539 1421 1725 1481 pose-u
1898 1404 2282 1480 repercutere.
2348 1393 2679 1480 Suspicor:

295 1507 542 1593 quantis
591 1510 709 1590 [et]
758 1529 864 1571 noe
915 1514 973 1570 et
1023 1506 1417 1592 (qualibus)
1469 1505 1809 1570 contrariis.

389 1750 448 1813 p.
499 1725 651 1792 229.
684 1725 763 1790 11
791 1748 882 1812 sq.
955 1727 1076 1790 iam
1141 1732 1198 1789 et
1259 1726 1486 1789 incesta
1547 1725 1797 1788 donabis
1845 1731 2100 1806 propter
2162 1723 2317 1786 Loth
2380 1729 2438 1786 et
2467 1721 2682 1812 forni-

295 1834 557 1898 cationes
598 1856 725 1895 cum
762 1832 980 1896 incesto
1011 1839 1264 1914 propter
1303 1831 1520 1894 Iudam
1537 1905 1542 1912 .
1560 1839 1618 1894 et
1656 1838 1859 1913 turpes
1893 1833 1967 1894 de
1982 1829 2415 1912 prostitutione
2435 1827 2683 1910 nuptiae

286 1948 544 2024 propter
599 1941 742 2004 Osee
757 1989 773 2017 ‚
825 1947 884 2002 et
927 1963 1045 2002 non
1093 1946 1324 2003 tantum
1352 1941 1790 2025 frequentatas
1808 1987 1823 2015 ,
1873 1959 2073 2001 verum
2121 1945 2178 2000 et
2222 1937 2399 2000 semel
2431 1935 2645 2018 plures
2665 1984 2679 2010 ‚

283 2053 542 2130 propter
567 2053 783 2129 patres
821 2052 1068 2109 nostros.
1109 2045 1322 2131 Lego:
1367 2067 1565 2108 verum
1603 2051 1661 2107 et
1704 2044 1944 2108 simul
1975 2044 2208 2126 plures.
2249 2040 2681 2107 Tertullianus

297 2157 438 2238 ipse
499 2155 720 2218 unicas
780 2151 969 2216 modo
1033 2154 1289 2236 nuptias
1351 2151 1607 2236 probat,
1672 2172 1875 2236 neque
1922 2155 2180 2236 propter
2226 2151 2547 2213 maiorum
2593 2149 2685 2210 111-

299 2262 759 2325 continentiam
778 2308 794 2336 ,
850 2261 961 2344 qui
1007 2279 1130 2322 non
1181 2258 1370 2323 modo
1416 2258 1605 2342 plura
1650 2257 1943 2342 deinceps
1990 2258 2400 2321 matrimonia
2445 2262 2683 2319 contra-

299 2367 559 2442 herent,
603 2365 710 2430 sed
749 2362 1125 2451 polygamia
1150 2384 1402 2450 quoque
1426 2369 1762 2428 uterentur
1786 2363 2101 2428 eiusmodi
2122 2363 2683 2448 intemperantiam

303 2479 370 2536 et
417 2473 687 2556 posteris
735 2470 1198 2536 concedendam
1247 2475 1561 2557 opinatur.

393 2713 456 2776 p.
507 2690 660 2756 229.
688 2689 795 2754 28.
843 2691 1192 2754 inhaerebat
1235 2713 1651 2776 usquequaque
1699 2692 1976 2754 libidini-5
2021 2693 2189 2755 virus
2234 2699 2291 2755 et
2336 2693 2529 2755 laetae
2565 2713 2687 2754 eor-

303 2806 392 2861 tee
453 2820 570 2861 non
630 2797 934 2873 habentes,
1001 2798 1250 2860 idoneae
1310 2799 1469 2881 quod
1525 2819 1631 2860 nec
1693 2798 1861 2878 ipsae
1916 2799 2112 2860 adhuc
2156 2821 2346 2883 aquae
2390 2798 2684 2860 laverant.

302 2905 509 2969 Locus
556 2903 1018 2980 conclamatus,
1061 2906 1187 2967 nisi
1227 2903 1396 2988 quod
1436 2907 1705 2988 scriptor
1746 2905 2155 2990 cataclysmi,
2196 2905 2451 2968 omnium
2491 2927 2684 2967 rerum

305 3011 616 3076 abolitor-is
643 3009 715 3090 ¹),
762 3031 955 3096 aquas
995 3009 1200 3074 dicere
1238 3011 1518 3087 videtur,
1558 3011 1727 3096 quod
1768 3010 2150 3076 vocabulum
2184 3015 2404 3096 ipsum
2425 3011 2687 3076 fortasse

307 3121 432 3184 erit
467 3117 874 3182 inserendum
899 3136 911 3179 :
953 3119 1112 3200 quod
1146 3139 1252 3179 nec
1274 3117 1443 3198 ipsae
1470 3117 1937 3204 (cataclysmi)
1963 3120 2160 3182 adhuc
2182 3141 2370 3202 aquae
2393 3118 2685 3181 laverant.

307 3225 570 3288 Idoneae
609 3223 966 3287 subironice
1007 3226 1295 3308 positum
1319 3223 1677 3309 significare
1702 3224 1994 3288 videtur:
2023 3223 2516 3309 exspectandum
2541 3224 2691 3287 fuis-

308 3351 376 3396 se
394 3378 410 3407 ,
460 3333 515 3394 si
563 3350 686 3393 non
733 3328 858 3394 alia
907 3349 1032 3413 qua
1075 3331 1319 3392 ratione
1337 3377 1354 3405 ,
1403 3335 1689 3393 attamen
1736 3333 1961 3415 magni
2005 3328 2185 3394 illius
2224 3328 2455 3395 diluvii
2494 3329 2696 3394 fiucti-

306 3437 428 3502 bus
465 3437 706 3521 peccati
752 3434 1041 3520 maculae
1080 3434 1213 3499 fore
1252 3441 1329 3498 ut
1368 3437 1918 3521 extinguerentur.
1960 3434 2197 3501 Tantae
2218 3437 2557 3501 hominum
2577 3438 2697 3499 im-

309 3545 611 3630 puritati,
681 3561 840 3626 quae
897 3561 974 3604 ne
1023 3540 1403 3627 cataclysmi
1450 3542 1711 3626 quidem
1756 3545 1938 3627 aquis
1985 3542 2319 3608 emundari
2356 3547 2599 3628 posset,
2641 3544 2696 3606 si

308 3751 536 3802 vocabulo
590 3756 713 3811 utar,
766 3754 839 3801 est
887 3751 1127 3816 particula
1173 3753 1534 3816 resignationis,
1581 3770 1676 3818 qua
1722 3754 1979 3816 indicatur,
2022 3753 2063 3804 si
2097 3755 2229 3804 alind
2263 3756 2376 3820 qnid
2414 3755 2491 3804 vel
2526 3755 2697 3805 melin·

308 3834 414 3883 fieri
449 3849 544 3883 non
577 3833 753 3899 possit,
789 3838 1037 3884 contentos
1073 3851 1158 3884 nos
1193 3835 1296 3884 fore
1329 3851 1415 3895 eo,
1453 3836 1579 3900 qnod
1616 3835 1861 3900 obtigerit.
1896 3837 1956 3886 cf.
1994 3837 2114 3887 Adv.
2148 3839 2303 3887 Marc.
2337 3838 2379 3888 1.
2410 3839 2488 3888 13.
2526 3840 2586 3888 Ο.
2626 3839 2698 3890 11.

313 3916 393 3965 ol.
413 3916 443 3964 ὅ
493 3919 544 3965 et
595 3921 778 3972 tamen.
822 3917 866 3964 si
911 3918 1053 3980 quale
1093 3917 1214 3980 quid
1254 3917 1421 3974 fecisse
1465 3917 1711 3981 indi-quum
1754 3923 1829 3966 cst
1873 3919 1983 3976 deo,
2018 3924 2198 3982 quanto
2232 3919 2474 3983 issdiqnius
2504 3922 2589 3970 deo
2624 3926 2697 3970 est

309 3999 440 4048 nihil
479 4009 585 4047 ‘eum
618 3998 803 4062 secisse
835 4000 910 4047 vel
941 3997 1212 4062 indiffusam,
1244 4015 1336 4063 quo
1363 4004 1518 4061 ponet
1552 4001 1701 4048 etiam.
1736 4001 2001 4064 diqniorun
2034 4006 2205 4049 auctor
2235 4003 2433 4065 sperari.
2488 4003 2698 4066 Dignum

311 4081 462 4145 magis
497 4081 583 4129 deo
620 4081 718 4129 erit
748 4095 797 4129 se
831 4081 1081 4144 indignum
1115 4080 1296 4144 aliquid
1333 4081 1523 4140 fecisse,
1559 4083 1602 4130 si
1640 4083 1765 4146 qnod
1806 4099 1854 4131 ee
1891 4084 2088 4147 dignum
2130 4083 2195 4132 nit
2231 4084 2388 4133 facere
2422 4101 2518 4133 11011
2556 4088 2699 4150 potu-

310 4162 432 4221 erit,
485 4179 630 4227 qnam
683 4161 807 4212 nihil
859 4163 1054 4212 omnino
1101 4163 1278 4212 fecisse.
1331 4164 1681 4228 qualicumque
1731 4165 1858 4214 enim
1892 4165 2070 4214 mundo
2102 4169 2287 4224 creato,
2323 4181 2455 4231 spem
2488 4166 2618 4216 dabit
2650 4183 2699 4216 se

311 4245 551 4308 qnondam
595 4243 797 4294 meliora
843 4245 1138 4294 effecturum.
1184 4247 1308 4294 Loco
1354 4246 1544 4309 plenam
1576 4262 1709 4294 snam
1746 4247 2076 4310 integritatem
2111 4248 2387 4306 reddemus,
2422 4248 2697 4300 scribendo:

311 4333 493 4392 quanto
536 4326 780 4391 indiffinitae
823 4328 908 4376 deo
940 4333 1014 4376 est
1049 4328 1176 4377 nihil
1205 4343 1309 4378 cum
1343 4329 1528 4377 omnino
1551 4330 1736 4392 secisse
1776 4337 2017 4394 <quam>
2060 4333 2133 4380 vel
2164 4330 2407 4396 indiqnum
2441 4331 2515 4380 vel
2552 4333 2693 4383 adeo:

311 4409 442 4460 nihil
471 4409 632 4474 [enm]
668 4409 853 4459 omnivm
875 4408 1053 4474 secisse
1085 4408 1318 4474 <qu⁸m>
1352 4414 1426 4461 vet
1458 4411 1720 4476 indiqnun.

261 4533 266 4538 .
345 4493 390 4554 1)
427 4495 468 4541 D
503 4507 528 4540 e
566 4491 699 4540 cultu
733 4491 854 4542 fem.
893 4495 932 4540 1.
973 4494 1019 4541 8.
