3192 5009
534 266 661 333 194
1438 286 1641 339 smus
1687 288 1996 339 sumens.

620 452 784 518 629:
893 493 978 503 —
1028 493 1115 503 —-
1165 494 1249 504 ——
1298 462 1375 521 ut
1419 460 1614 523 inerti
1661 456 1919 544 cuspide
1948 458 2146 543 fusus

886 559 1231 627 Occideret.

524 666 806 732 Verbum
834 668 1031 753 fusus
1068 668 1375 756 languere
1420 671 1583 735 mihi
1632 670 1905 735 videtur.
1955 669 2066 735 Sic
2105 674 2490 757 usurpatum
2527 690 2653 733 non
2695 690 2944 734 occur-

520 776 641 850 rit,
704 776 945 858 optime
1006 780 1225 839 contra
1268 782 1345 839 ut
1391 774 1508 840 Sil.
1556 774 1697 841 XV.
1753 774 1904 855 767,
1937 773 2103 854 7743
2154 775 2346 862 Verg.
2397 776 2554 840 Aen.
2603 774 2700 839 XI
2754 774 2940 839 102.

519 878 747 943 Potius
785 877 1305 965 legerimfoesus.
1350 878 1444 947 Cf.
1473 880 1586 946 Sil.
1616 881 1690 947 V.
1719 880 1846 947 561
1869 903 1885 959 ;
1913 880 1995 945 X.
2024 880 2178 959 400,
2206 880 2376 960 454;
2404 881 2519 945 XI.
2549 880 2700 959 355,
2733 880 2890 947 525
2917 904 2938 959 ;

521 983 703 1049 Ovid.
753 984 872 1070 Ep.
920 984 1035 1049 III.
1077 984 1239 1065 1465
1309 986 1470 1052 Met.
1520 986 1658 1051 VII.
1713 986 1879 1065 314;
1944 989 2091 1053 Am.
2141 987 2256 1051 ΠΙ.
2309 986 2370 1065 5,
2400 987 2509 1065 23,
2538 986 2644 1053 39.
2715 990 2942 1053 Acce-

523 1090 651 1167 dit,
715 1091 884 1176 quod
927 1090 1043 1157 Sil.
1092 1092 1175 1155 X.
1224 1092 1357 1158 400
1402 1097 1470 1158 in
1516 1092 1840 1159 nonnullis
1886 1093 2208 1158 codicibus
2254 1094 2449 1159 verba
2483 1094 2786 1178 perfusus
2853 1100 2942 1157 et

514 1197 840 1281 perfossus
884 1197 1379 1276 confunduntur,
1427 1201 1587 1265 item
1632 1199 1708 1263 Il.
1757 1198 1898 1263 Lat.
1948 1198 2101 1263 616.

522 1399 694 1464 VIII.
727 1400 844 1465 14:
882 1438 967 1449 —-
1017 1439 1102 1449 —
1150 1408 1215 1467 et
1261 1424 1652 1489 quamquam
1699 1401 1844 1466 finis
1877 1422 2204 1484 puqnaque
2250 1423 2538 1485 manuque

878 1507 1075 1572 Haud
1120 1508 1279 1572 dum
1324 1516 1545 1595 partus
1592 1512 1758 1585 erat,
1800 1510 1936 1572 iam
1981 1505 2149 1571 bello
2197 1510 2440 1572 vicerat
2486 1507 2764 1573 hostem.

382 1672 387 1677 .
520 1610 761 1676 Dubito
781 1661 797 1691 ,
870 1634 951 1677 an
1010 1612 1358 1699 legendum
1418 1618 1504 1679 sit
1548 1636 1908 1697 puqnaeque
1965 1635 2315 1697 manusque,
2366 1612 2473 1677 vel
2517 1634 2640 1698 quo
2687 1612 2927 1679 levior

518 1718 715 1781 etiam
752 1720 838 1782 sit
875 1721 1172 1796 mutatio,
1194 1741 1553 1805 puynaeque
1581 1742 1890 1803 manuque,
1917 1725 1992 1783 ut
2016 1740 2307 1802 meumque
2331 1720 2416 1782 sit
2438 1720 2668 1783 tertius
2693 1739 2928 1783 casus,

617 1920 737 1986 51:
884 1922 971 1987 Et
1015 1944 1157 2009 spes
1204 1922 1475 2007 abrupta
1522 1944 1557 1986 e
1599 1924 1848 2001 medi0,
1894 1926 1961 1987 in
2009 1920 2437 2010 penetralibus
2483 1930 2676 1986 atram

885 2029 1173 2094 Festinat
1217 2029 1561 2094 furibunda
1607 2050 1856 2116 pyram.
1994 2039 1998 2045 '

517 2134 773 2222 Optime
840 2134 919 2199 N.
966 2135 1275 2200 Heinsius
1335 2135 1632 2200 emendat
1694 2138 2017 2217 abruptae,
2065 2135 2297 2199 mediis.
2347 2132 2446 2201 Of.
2498 2133 2684 2221 Verg.
2739 2136 2926 2201 Aen.

519 2241 628 2307 IV.
678 2239 832 2318 494,
862 2240 1013 2319 504,
1044 2239 1195 2305 645.
1250 2240 1377 2305 Pro
1424 2248 1619 2304 atram
1665 2240 2052 2307 Schraderus
2096 2242 2436 2306 rescribere
2483 2240 2628 2305 vult
2673 2241 2884 2305 altam
2905 2294 2926 2321 ,

521 2348 630 2413 sed
676 2370 770 2412 vs.
824 2346 952 2411 102
998 2346 1173 2411 idem
1208 2347 1479 2411 verbum
1518 2350 1786 2413 recurrit
1821 2348 2121 2433 idemque
2155 2348 2452 2412 emendat
2489 2346 2924 2413 SchraderuS.

524 2454 767 2518 Parum
826 2455 967 2517 veri
1030 2451 1240 2517 simile
1304 2452 1560 2517 videtur
1621 2454 1914 2518 librarios
1974 2454 2073 2518 bis
2141 2456 2208 2516 in
2278 2452 2552 2517 eundem
2619 2474 2928 2519 errorem

522 2560 839 2625 incidisse.

613 2729 775 2798 1¹76:
879 2769 964 2780 -—
1016 2769 1101 2779 --
1147 2734 1282 2796 iam
1328 2733 1553 2796 tacitas
1596 2738 1871 2813 suspecta
1918 2732 2186 2798 Lavinia
2232 2730 2488 2796 fraudes

873 2834 1167 2901 Molitur.

510 2943 607 3009 Ne
674 2950 945 3025 suspecta
1015 2943 1296 3028 genuina
1358 2944 1445 3005 sit
1504 2940 1696 3007 lectio
1759 2964 2002 3019 vereor,
2067 2943 2237 3027 quod
2297 2942 2420 3007 hoc
2478 2944 2922 3028 participium

512 3053 753 3126 active,
822 3049 993 3133 quod
1056 3048 1311 3125 dicunt,
1379 3068 1506 3112 non
1565 3051 1844 3132 ponitur,
1895 3057 2208 3134 quantum
2253 3048 2484 3113 saltem
2532 3052 2750 3114 sciam.
2821 3049 2920 3115 In

509 3163 797 3222 mentem
839 3155 1005 3219 mihi
1040 3157 1219 3227 venit
1258 3176 1565 3235 suspensa.
1618 3152 1716 3220 Of.
1757 3153 1872 3219 Sil.
1913 3154 2054 3219 XV.
2083 3153 2214 3221 457
2234 3174 2250 3232 ;
2276 3154 2466 3240 Verg.
2493 3158 2650 3221 Aen.
2677 3153 2784 3218 IV.
2815 3154 2868 3220 9
2893 3178 2916 3233 ;

520 3262 665 3327 Sen.
715 3259 905 3325 Herc.
954 3259 1105 3323 Fur.
1158 3258 1306 3323 156.

608 3443 776 3513 23¹7:
881 3483 1784 3496 ———————
1831 3452 2020 3533 atque
2064 3448 2180 3513 illa
2226 3448 2456 3533 rqferto
2475 3495 2492 3524 ,

872 3552 1044 3632 Quae
1088 3552 1300 3617 Marte
1348 3552 1646 3618 exclusus
1695 3556 2068 3639 promittere
2115 3574 2354 3639 magna
2400 3552 2662 3618 solebas.

522 3661 806 3726 Verbum
867 3659 1104 3743 referre
1147 3657 1211 3721 h.
1236 3656 1283 3721 1.
1330 3657 1499 3723 male
1545 3658 1624 3723 ab
1667 3660 2120 3745 interpretibus
2167 3664 2500 3743 acceptum
2544 3678 2678 3723 esse
2719 3658 2920 3725 vide-

514 3776 642 3834 tur.
691 3767 1076 3851 Rupertius:
1129 3766 1358 3850 referto
1381 3792 1460 3816 =
1484 3773 1762 3828 renovato
1781 3814 1796 3843 ,
1839 3767 2052 3830 iterum
2072 3765 2436 3847 promittiw.
2485 3765 2694 3830 Immo
2717 3786 2912 3845 vert),

512 3874 812 3957 promissa
857 3872 1093 3956 referre
1140 3870 1461 3955 significat
1504 3878 1667 3934 stare
1700 3872 2017 3954 promissis
2064 3874 2157 3950 ei,
2207 3874 2312 3936 cui
2359 3870 2624 3935 dederis.
2673 3869 2784 3935 Sic
2835 3880 2914 3936 et

510 3980 886 4043 Ernestium
930 3978 1242 4062 accepisse
1288 3975 1497 4042 vide0.

607 4162 774 4228 246:
875 4164 1068 4245 Atque
1112 4160 1215 4225 iHi
1258 4163 1394 4225 sine
1438 4159 1579 4226 luce
1628 4184 1833 4249 genus
1881 4163 2272 4248 surdumque
2317 4158 2664 4249 parentum

880 4265 1128 4331 Nomen
1176 4272 1235 4329 et
1278 4266 1620 4332 immodice
1666 4270 1946 4333 vibraret
1991 4271 2060 4333 in
2107 4290 2212 4333 ore
2259 4290 2482 4335 canoro

870 4369 1125 4455 Lingua
1174 4392 1419 4456 procax.
