3192 5009
1218 353 1229 362 ι
1256 278 1578 327 nonnus.
2481 257 2614 326 319

346 449 405 506 N
434 439 551 506 805
596 442 769 522 ἀμφὶ
817 441 883 508 δέ
929 443 981 510 ol
1028 440 1386 523 κροτάφοισι
1435 444 1658 524 Φαεινη
1708 444 1904 509 σείετο
1950 444 2180 523 πήληξ.

342 555 386 610 Ρ
434 545 551 614 523
598 549 659 612 ἐν
704 546 770 613 δέ
814 549 869 615 οἱ
916 545 1111 629 ἔγχος
1135 586 1221 598 -
1248 549 1528 625 νηδυίοισι
1576 549 1741 626 μάλ’
1790 547 1893 627 ὀξὺ
1942 547 2427 631 κραδαινόμενον.

340 675 375 717 υ
428 651 547 720 327
592 653 787 734 ἤπιον,
836 653 894 720 εί
938 662 1138 737 σφωιν
1185 656 1396 739 κραδίη
1444 653 1577 722 ἅδοι
1626 653 2043 737 ἀμφοτέροιιν.

339 765 391 838 ψ
430 758 549 824 208
593 761 769 840 ἀμφὶ
819 759 881 826 δὲ
930 769 1151 842 χεῖρας
1203 799 1289 810 ——·
1336 763 1495 842 δειρῇ
1541 761 1748 839 βάλλ’
1799 761 2083 837 Ὀδυσῆϊ.

252 862 431 930 Nunc
460 865 624 931 credi
660 867 827 932 mihi
867 867 1131 934 fortasse
1169 869 1408 954 poterit
1442 873 1614 934 recte
1651 866 1714 932 N
1713 868 2022 934 auckium
2057 867 2326 934 edidisse
2364 893 2413 947 μ
2439 866 2612 933 200:

252 967 309 1034 ὄν
354 977 493 1049 σφιν
540 972 640 1035 ἐπ’
688 973 905 1038 οὔασ’
958 972 1198 1059 ἄλειψ’,
1252 973 1365 1051 ἐμέ
1410 974 1469 1039 τ’
1520 974 1587 1040 3ae
1638 974 1874 1051 δεσμῶν
1914 975 2242 1052 ἀνέλυσαν,
2280 995 2396 1040 nec
2435 974 2614 1060 quid-

252 1096 433 1162 quam
468 1098 689 1143 causae
727 1100 863 1145 esse
882 1127 899 1157 ,
938 1101 1055 1146 cur
1088 1079 1437 1146 Vobiscum
1472 1084 1912 1147 accusativum
1933 1078 2134 1146 οὔατα
2157 1080 2612 1167 praeferamus.

250 1182 373 1247 Nec
420 1182 629 1249 dubito
675 1187 833 1270 quin
876 1187 947 1250 in
992 1189 1332 1251 notissimo
1380 1188 1442 1251 ἐν
1489 1185 1548 1251 τ’
1596 1185 1719 1266 ἄρα
1767 1188 1818 1252 οί
1863 1191 1956 1269 φῦ
2008 1186 2172 1268 χειρί
2219 1187 2476 1252 dativus
2519 1188 2614 1252 in-

248 1288 404 1355 dicet
457 1311 719 1356 manum
783 1313 949 1378 quae
1007 1294 1357 1379 praehensa
1416 1294 1543 1359 fuit
1560 1341 1577 1371 ,
1643 1314 1769 1359 non
1816 1313 1960 1360 eam
2005 1313 2168 1379 quae
2213 1292 2612 1378 praehendit.

250 1393 377 1460 Iam
420 1416 489 1461 eo
535 1397 778 1463 ducunt
824 1406 867 1466 Ξ
894 1397 1027 1463 218
1072 1397 1179 1464 τόν
1225 1398 1301 1479 ῥα
1344 1399 1394 1464 οἱ
1442 1397 1698 1478 ἔμβαλε
1745 1398 1958 1479 χερσίν
2005 1402 2072 1464 et
2115 1406 2170 1478 Φ
2198 1395 2330 1465 379
2379 1399 2442 1462 ἐν
2479 1398 2614 1480 χεί-

248 1499 401 1578 ρεσσ’
464 1501 714 1577 Ὀδυσῆι
780 1501 1057 1584 δαΐφρονι
1120 1506 1263 1580 θῆκε
1311 1507 1608 1586 παραςάς
1627 1528 1641 1544 ·
1693 1506 1806 1572 sed
1850 1527 1952 1571 res
1999 1505 2333 1571 conficitur
2377 1504 2614 1591 plurali

246 1627 495 1672 numero
560 1632 599 1671 κ
640 1606 771 1676 397
836 1607 989 1686 ἔφυν
1052 1609 1112 1674 τ’
1180 1611 1241 1674 ἐν
1303 1611 1515 1691 χερσὶν
1577 1606 1797 1682 ἕκαςος
1860 1617 1928 1677 et
1973 1636 2016 1675 α
2044 1611 2177 1676 410
2225 1613 2286 1675 ἐν
2335 1613 2612 1694 χείρεσσι

246 1713 485 1790 Φύοντο.
538 1712 759 1780 Obiter
818 1715 979 1782 addo
1044 1725 1095 1781 Φ
1123 1715 1256 1782 286
1316 1717 1477 1797 χειρὶ
1542 1717 1606 1783 δὲ
1651 1725 1898 1798 χεῖρα
1951 1717 2298 1796 λαβόντες,
2345 1718 2613 1785 fortasse
2700 1758 2707 1764 -

248 1823 546 1902 praestare
590 1819 850 1886 dualem
892 1831 1158 1902 χεῖρε,
1209 1822 1289 1887 cf.
1337 1848 1390 1904 χ
1420 1821 1573 1888 500.

328 2037 705 2104 LXXXVII.
776 2039 1093 2104 Phaeaces
1154 2045 1306 2106 navi
1364 2045 1712 2127 imponunt
1772 2042 1950 2106 πόσιν
1995 2043 2100 2106 καὶ
2149 2043 2372 2132 βρῶσιν
2420 2041 2618 2109 ἅπα-

247 2166 384 2209 σαν
442 2169 473 2206 ν
498 2142 580 2211 72
599 2165 617 2222 ;
682 2143 913 2210 malim
976 2146 1276 2231 equidem
1336 2146 1682 2226 ἅπασιν,
1735 2169 1887 2212 nam
1933 2152 2236 2214 continuo
2283 2153 2612 2234 sequitur:

250 2248 377 2314 καδ’
426 2249 476 2312 δ’
522 2247 618 2329 ἄρ’
671 2249 979 2324 Ὀδυσσῆϊ
1020 2251 1277 2330 ςόρεσαν
1325 2254 1509 2332 ῥῆγός
1556 2277 1627 2317 τε
1675 2254 1836 2317 λίνον
1880 2278 1972 2318 τε.
2020 2253 2126 2319 Sic
2173 2254 2466 2333 demum,
2515 2257 2618 2320 uti

250 2355 467 2422 videtis
486 2405 503 2434 ‚
552 2355 809 2422 dativus
862 2355 1123 2432 Ὀδυσῆϊ
1168 2363 1339 2424 recte
1386 2363 1733 2446 opponitur
1779 2360 1994 2426 dativo
2039 2357 2297 2426 ἅπασιν.

330 2573 743 2640 LXXXVIII.
806 2575 1177 2642 Nauckium
1214 2580 1417 2643 miror
1464 2581 1577 2663 qui
1623 2578 1892 2644 ediderit
1935 2601 1966 2642 ν
1991 2577 2160 2644 216:

499 2681 649 2746 ἀλλ’
700 2680 827 2759 ἄγε
876 2681 945 2756 δη
992 2682 1077 2748 τὰ
1128 2683 1411 2762 χρήματ’
1462 2684 1774 2762 ἀριθμήσω
1825 2683 1930 2750 καὶ
1981 2682 2204 2762 ἴδωμαι

500 2789 588 2865 μή
634 2787 701 2852 τί
744 2811 850 2863 μοι
896 2786 1293 2868 οίχωνται
1343 2789 1549 2863 κοίλης
1601 2790 1699 2855 ἐπὶ
1749 2790 1883 2865 νηὸς
1929 2787 2249 2868 dyona-ee„

252 2912 389 2957 nam
444 2913 701 2980 prorsus
758 2893 1012 2979 requiro
1079 2895 1503 2961 indicativum
1567 2893 1988 2976 οἴχονται,
2053 2897 2117 2962 h.
2147 2917 2204 2962 e.
2264 2919 2402 2960 num
2431 2899 2618 2984 sorte

258 2997 513 3064 abuerunt.

332 3200 691 3268 LXXXIX.
752 3201 1103 3270 Notissima
1146 3207 1341 3272 verba
1388 3212 1538 3271 sunt
1584 3206 1624 3285 ξ
1651 3203 1952 3272 188=oe
1981 3205 2142 3273 171:

501 3309 595 3380 τίς
644 3307 821 3375 πόθεν
871 3306 1000 3375 ἔσσ’
1052 3311 1273 3390 α’νδρῶν
1290 3333 1306 3390 ;
1361 3309 1495 3377 πόθι
1541 3336 1634 3377 τοι
1681 3312 1859 3384 πόλις
1911 3311 2011 3388 ἠδὲ
2061 3319 2307 3393 watien

503 3415 851 3490 ὁπποίης
900 3416 953 3481 δ’
1003 3416 1103 3481 ἐπὶ
1152 3417 1285 3491 νηὸς
1332 3417 1594 3497 οὶΦίκεος
1648 3425 1775 3491 πῶς
1820 3418 1884 3483 δί
1932 3442 2004 3484 σε
2049 3423 2276 3483 ναῦται

501 3520 747 3598 ἤγαγον
794 3522 879 3594 εἰς
928 3523 1206 3601 'luxum

258 3619 591 3690 Conceditis
639 3627 809 3712 quod
851 3630 921 3692 in
966 3627 1183 3694 oculos
1226 3631 1497 3695 incurrit
1543 3630 1797 3704 ὁπποίης
1843 3651 1958 3716 pro
2006 3631 2177 3708 ποίης
2229 3637 2614 3716 usurpatum

259 3727 551 3797 soloecum
612 3753 749 3797 esse
765 3752 783 3811 3
849 3733 1074 3800 deinde
1135 3734 1367 3799 additis
1429 3756 1661 3801 verum
1725 3735 1914 3800 Vobis
1975 3736 2180 3801 videri
2231 3737 2406 3810 ποίης
2454 3735 2608 3817 δεῦρ’
2679 3805 2684 3810 ,

260 3833 341 3898 ἐπὶ
380 3835 528 3912 νηός.
575 3836 721 3902 Non
757 3841 1065 3905 assentior
1080 3861 1096 3919 3
1138 3840 1543 3906 scribendum
1582 3843 1757 3907 enim
1805 3839 2040 3915 ποίης
2087 3839 2162 3906 εί
2175 3841 2244 3905 π’
2292 3839 2393 3905 ἐπὶ
2443 3839 2610 3920 νηός;

258 3936 479 4008 Videtis
522 3943 915 4029 corruptelae
962 3947 1296 4032 originem.

336 4145 465 4213 XO.
512 4147 775 4213 Frustra
811 4170 918 4214 me
940 4154 1207 4234 torqueo
1230 4170 1437 4234 neque
1459 4171 1772 4236 umquam
1793 4149 2155 4237 inteUigere
2179 4152 2364 4235 potui
2387 4146 2426 4227 ξ
2447 4144 2610 4214 2¹78:

508 4253 707 4334 αὐτὰρ
754 4255 877 4332 ἐγὼ
924 4255 1230 4334 βασιλῆος
1284 4257 1550 4322 ἐναντίον
1599 4255 1810 4332 ἤλυθον
1855 4254 2090 4334 ἵππῳ.

262 4355 403 4442 Quid
472 4359 663 4425 refert
730 4362 972 4428 hiccine
1032 4361 1251 4452 legam
1312 4383 1464 4430 cum
1525 4359 1587 4430 Ν
1588 4362 1816 4430 auckio
1875 4359 2044 4445 ἵππῳ
2087 4383 2168 4430 an
2211 4357 2412 4428 ἵππων
2459 4383 2608 4428 cum
