3192 5009
530 278 664 345 210
1286 295 1372 342 An
1418 293 1766 343 meromffl
1812 294 2145 344 scamoffl.

615 462 914 529 Saeuum
975 468 1270 549 praetura
1334 428 1674 548 Sophoclis
1728 460 1897 527 cadit
1940 465 2010 527 in
2056 461 2300 528 bellum
2350 460 2644 527 Samium
2661 511 2680 539 ,
2732 460 2914 547 quod

526 570 623 636 01.
673 569 781 647 84,
808 571 848 634 4
896 574 959 634 et
1007 568 1105 633 Ol.
1154 568 1261 647 85,
1294 567 1327 633 1
1397 570 1732 634 aestuavit.
1799 568 2016 635 Priore
2079 576 2299 635 autem
2357 568 2510 635 belli
2573 590 2736 633 anno
2794 567 2912 633 So-

523 675 779 763 phocles
839 680 1089 763 praetor
1145 675 1339 740 fuisse
1386 674 1739 754 videtur1).
1803 677 1862 740 Α
1908 674 2152 742 Pericle
2197 676 2476 741 Lesbum
2523 678 2760 740 missus
2807 682 2909 741 est

522 782 601 850 ad
662 782 903 849 auxilia
963 783 1243 869 cogenda
1307 788 1371 847 et
1433 781 1654 847 Ionem
1699 786 1954 869 poetam
2000 782 2164 847 vidit
2209 786 2278 847 in
2322 782 2537 847 insula
2579 779 2762 849 Chio.
2813 818 2906 829 —

520 890 738 956 Testes
800 894 951 953 sunt
1008 886 1312 952 Androtio
1372 890 1440 952 in
1504 886 1702 953 schol.
1764 887 2066 953 Aristidis
2117 909 2178 974 p.
2230 887 2360 954 485
2408 888 2623 966 Dind„
2671 888 2906 954 Strabo

520 1018 582 1081 p.
636 994 787 1073 638,
850 993 1077 1059 Suidas
1125 1015 1175 1057 s.
1202 1015 1265 1057 v.
1320 995 1631 1061 Μέλισσος
1664 991 1738 1074 ²),
1810 1000 1874 1058 et
1921 996 2057 1078 ipse
2104 992 2446 1079 Sophocles
2492 993 2663 1079 apud
2707 994 2910 1059 Athe-

520 1122 755 1167 naeum
792 1099 951 1165 XIII
991 1122 1053 1186 p.
1098 1097 1250 1177 603,
1295 1100 1677 1185 quibuscum
1717 1100 2092 1165 conserenda
2115 1108 2210 1164 est
2234 1099 2630 1187 Thucydidis
2654 1098 2711 1180 (I
2741 1098 2904 1177 116)

520 1214 586 1273 et
646 1206 905 1274 Diodori
930 1204 980 1287 ³)
1050 1204 1204 1287 (XII
1250 1203 1364 1287 27)
1434 1208 1747 1271 enarratio
1815 1226 2032 1271 rerum
2100 1226 2258 1292 quae
2319 1208 2388 1271 in
2448 1204 2618 1271 bello
2679 1204 2902 1271 Samio

520 1319 739 1401 gestae
788 1320 957 1377 sunt.

609 1420 943 1485 Praeterea
1012 1418 1091 1483 ad
1162 1418 1321 1484 hanc
1392 1424 1756 1503 praeturam
1829 1422 2106 1506 pertinet
2167 1416 2644 1485 narratiuncula
2701 1439 2903 1504 quam

520 1524 738 1593 Cicero
802 1524 945 1607 (Off.
996 1524 1026 1589 I
1077 1522 1191 1604 40)
1252 1531 1317 1590 et
1378 1524 1765 1590 Plutarchus
1829 1524 2080 1605 (Pericl.
2129 1547 2191 1611 p.
2246 1524 2446 1605 15611)
2489 1525 2718 1590 iisdem
2765 1522 2904 1589 fere

522 1634 730 1698 verbis
794 1631 1107 1696 referunt:
1174 1631 1315 1694 bene
1364 1630 1629 1695 Pericles
1647 1680 1664 1709 ,
1714 1654 1841 1695 cum
1887 1632 2126 1695 haberet
2172 1632 2456 1712 socceqam
2498 1631 2568 1694 in
2598 1636 2904 1714 praetura

525 1738 862 1821 Sophoclem
882 1787 897 1815 ‚
965 1738 1133 1822 eique
1176 1738 1251 1800 de
1296 1738 1581 1800 communi
1627 1738 1815 1821 officio
1861 1740 2266 1803 convenissent
2311 1746 2370 1802 et
2413 1761 2556 1802 casu
2581 1739 2904 1825 semem

517 1868 669 1927 puer
678 1844 1045 1928 praeteriret
1067 1842 1428 1929 dixissetque
1452 1842 1760 1926 Sophocles
1777 1871 1796 1907 :
1839 1893 1872 1921 ‚,
1891 1844 1940 1907 Ο
1949 1867 2207 1927 puerum
2217 1844 2519 1928 pules-um,
2548 1843 2780 1908 Pericle
2795 1844 2900 1921 !”,

525 1955 647 2029 „At
710 1951 862 2013 enim
912 1956 1270 2032 praetorem,
1334 1949 1634 2032 Sophocle,
1697 1952 1861 2014 decet
1921 1974 2038 2014 nou
2082 1951 2268 2015 solum
2312 1974 2523 2015 manus
2565 1952 2672 2014 sed
2715 1950 2898 2013 etiam

519 2058 717 2121 ocutos
758 2056 1114 2120 abstinentes
1159 2056 1437 2119 habsrffl.
1487 2094 1572 2105 -
1622 2054 1827 2136 Quem
1875 2078 2148 2141 puerum
2195 2060 2249 2121 si
2294 2059 2642 2123 statuimus
2686 2077 2899 2121 unum

518 2167 713 2230 fuisse
778 2185 856 2229 ex
926 2165 1392 2249 quinquaginta
1456 2166 1871 2249 optimatium
1935 2163 2086 2229 filiis
2108 2213 2122 2237 .
2187 2186 2347 2250 quos
2408 2165 2705 2229 obsidum
2749 2162 2898 2228 loco

518 2270 793 2336 Pericles
843 2291 879 2334 a
923 2268 1159 2335 Samiis
1208 2276 1493 2355 acceptos
1538 2268 1857 2335 Lemnum
1906 2270 2169 2335 abduxit
2185 2319 2202 2347 ‚
2249 2269 2688 2357 intellegimus
2736 2268 2896 2355 quid

519 2377 907 2443 adiectivum
966 2375 1130 2441 illud
1191 2376 1548 2439 abstinentes
1612 2379 1910 2457 (κκθκράς
1961 2375 2166 2457 Plut.)
2213 2377 2334 2441 sibi
2381 2375 2540 2442 velit
2565 2376 2638 2455 ⁴).
2688 2378 2892 2441 Accu-

518 2488 718 2549 ratius
778 2489 995 2548 autem
1014 2532 1030 2559 ,
1097 2502 1289 2567 quam
1352 2479 1606 2561 Cicero,
1670 2481 2053 2548 Plutarchus
2098 2482 2402 2567 loquitur,
2454 2489 2668 2547 narrat
2715 2484 2894 2547 enim

517 2612 653 2657 rem
724 2589 1021 2655 accidisse
1088 2586 1189 2652 ὅτε
1260 2594 1699 2668 συστρατηγῶν
1786 2588 2231 2665 ἐξέπλευσε
2319 2588 2660 2675 Sophocles
2731 2610 2890 2653 cum

517 2696 783 2762 Pericle.

607 2801 890 2867 Tamus
952 2799 1285 2867 cuiusdam
1348 2804 1691 2888 strategias
1754 2805 2137 2867 memoriam
2183 2804 2460 2867 servavit
2506 2800 2898 2865 Plutarchus

515 2912 584 2973 iu
644 2912 779 2973 vita
834 2909 1053 2973 Niciae
1114 2928 1259 2994 pag.
1313 2906 1546 2972 533b:
1600 2910 1859 2984 λέγεται
1913 2910 1971 2971 ἐν
2021 2912 2103 2987 τῷ
2153 2909 2506 2986 στρατηγίῳ
2555 2908 2701 2970 ποτὲ
2749 2908 2896 2982 βου-

514 3016 846 3089 λευομένων
897 3025 971 3095 τῇ
1022 3024 1177 3094 κοινῇ
1221 3021 1335 3077 τῶν
1377 3014 1820 3094 συναρχόντων,
1868 3014 2207 3085 κελευσθεὶς
2253 3014 2354 3077 ὑπ’
2397 3015 2588 3079 αὐτοῦ
2614 3018 2676 3093 (a
2699 3012 2896 3075 Nicia

514 3125 850 3201 nimirum)
900 3128 1123 3198 πρῶτος
1177 3120 1367 3183 εἰπεῖν
1414 3121 1662 3197 γνώμην
1719 3128 2042 3199 Σοφοκλῆς
2094 3122 2120 3184 ὅ
2169 3122 2461 3198 notarim,
2503 3120 2579 3189 ‘53
2625 3118 2896 3196 πρεσβύ-

514 3253 702 3299 τκτος
755 3229 830 3291 ὣν
878 3234 993 3291 τῶν
1040 3227 1504 3305 συστρατήγων,
1557 3227 1766 3304 ,,ἔγῶ”
1820 3228 2020 3305 Φάνου
2071 3227 2545 3305 υπαλαιιό’τ·α·τοίτ.·
2596 3228 2760 3303 εἶμι,
2809 3226 2890 3289 σὺ

514 3336 576 3399 δὲ
642 3333 1143 3412 πρεσβύτατος”,
1206 3333 1283 3398 ad
1345 3333 1651 3399 Menoetii
1713 3335 1881 3420 apud
1941 3333 2302 3400 Homerum
2363 3334 2554 3399 verba
2601 3331 2892 3397 alludens

516 3452 571 3506 Α
604 3438 733 3506 ’786
760 3460 851 3526 sq.
878 3459 891 3502 :

783 3546 984 3610 τέκνον
1030 3545 1195 3623 ἐμὸν,
1244 3555 1425 3627 γενεῇ
1473 3546 1585 3621 μὲν
1638 3547 1946 3627 ὑπέρτερός
2000 3549 2160 3612 ἐστιν
2213 3544 2595 3627 Ἀχιλλεὺς,

782 3651 1192 3730 πρεσβύτερος
1243 3651 1306 3716 δὲ
1354 3652 1429 3716 σύ
1478 3654 1632 3718 ἐσσι.

577 3939 625 3997 1)
660 3937 798 3988 Cous.
831 3934 1025 3985 Schultz
1061 3934 1157 3984 Vit.
1194 3934 1339 4000 soph.
1373 3953 1420 4002 p.
1451 3938 1519 3986 48
1534 3952 1634 4001 sqq.

575 4020 633 4083 2)
666 4018 995 4066 Aristodemus
1026 4016 1233 4081 (fragm.
1272 4017 1458 4066 Hister.
1500 4018 1535 4065 V
1574 4035 1621 4083 p.
1657 4016 1740 4079 17)
1772 4034 1862 4083 pro
1895 4018 2128 4083 Sophocle
2161 4016 2528 4071 Themistoclem
2561 4016 2795 4079 nominat,
2823 4018 2886 4069 de

506 4116 599 4165 quo
632 4100 927 4149 simillimam
962 4099 1366 4149 narratiunculam
1402 4100 1550 4149 refert
1588 4100 1833 4149 Plutarch.
1871 4101 2069 4150 Aristid.
2107 4102 2190 4151 24.

575 4184 627 4242 3)
660 4182 719 4231 Id
754 4184 826 4229 eet
858 4180 1065 4245 Ephori,
1105 4180 1197 4230 vid.
1236 4180 1479 4231 Plutarch.
1518 4182 1691 4232 Pericl.
1731 4182 1868 4235 167⁸.

576 4270 629 4329 ⁴)
678 4264 857 4313 Eodem
904 4264 1188 4329 respiciunt,
1234 4264 1389 4314 verbis
1422 4268 1583 4314 tamen
1619 4264 1777 4315 miuus
1809 4265 2068 4331 perspicuis
2103 4264 2200 4325 usi,
2237 4265 2367 4316 stob.
2405 4266 2533 4317 Ποῖ.
2579 4261 2650 4323 17.
2675 4266 2734 4317 1⁹
2771 4264 2884 4317 vd.

508 4350 637 4397 Max.
677 4348 746 4397 1v
783 4349 829 4406 8,
858 4348 896 4395 l.
940 4348 993 4396 lu
1028 4346 1252 4397 Isocratis
1286 4350 1445 4396 autem
1480 4347 1583 4395 vitu
1617 4364 1662 4413 p.
1697 4348 1793 4398 88⁹
1821 4348 1929 4398 init.
1959 4348 2086 4397 idem
2114 4352 2358 4408 narretur,
2387 4350 2466 4397 sed
2495 4348 2565 4398 ita
2593 4352 2647 4397 ut
2678 4347 2883 4398 quenti

504 4430 627 4481 illud
661 4430 844 4479 dictum
878 4427 1121 4479 tribuatur
1154 4444 1307 4493 neque
1341 4444 1435 4493 qua
1466 4430 1709 4479 occasione
1745 4428 1973 4496 Sophocli
2010 4431 2060 4479 id
2095 4430 2452 4496 exprobraverit
2485 4430 2738 4481 iudicetur.
