3192 5009
554 345 686 414 352
1357 366 1442 415 nn
1487 363 1757 416 'nimus
1805 366 2101 417 nomm.

547 635 708 702 litur
766 640 904 722 ipsa
968 657 1040 701 ea
1098 639 1457 702 coniectura
1521 658 1713 723 quam
1761 659 1953 725 supra
1996 643 2299 726 proposui
2316 689 2333 718 ,
2387 640 2515 703 loca
2560 639 2925 722 maqurata

532 743 743 830 fuisse
802 749 1030 806 sancta.
1090 741 1188 806 Ex
1248 741 1363 806 illa
1424 745 1783 809 coniectura
1843 765 2099 829 prorsus
2162 749 2511 811 necessaria
2571 747 2690 811 hoc
2734 747 2925 812 modo

548 848 922 936 supplemus
969 848 1137 934 quod
1181 870 1373 934 supra
1419 869 1700 916 vacuum
1746 848 2045 916 relictum
2094 859 2225 917 est:

637 955 711 1019 B.
763 955 803 1019 2
850 963 1058 1018 sancta
1107 954 1268 1019 fiunt
1313 954 1448 1020 loca
1493 977 1674 1020 cum
1722 959 2387 1044 inaugurentur;

636 1060 706 1129 G.
772 1061 813 1127 2
872 1069 1110 1125 sanctus
1171 1069 1267 1126 est
1325 1064 1530 1126 omnis
1590 1062 1767 1128 locus
1831 1065 1943 1148 qui
1990 1063 2067 1129 ab
2114 1085 2360 1151 augure
2410 1067 2734 1151 auspicato
2784 1087 2931 1130 con·

545 1173 812 1235 stitutus
880 1175 978 1234 est
1045 1189 1247 1253 neque
1318 1172 1560 1234 mutari
1619 1177 1829 1255 potest
1888 1172 2023 1236 sine
2088 1174 2385 1257 auspiciis
2408 1221 2427 1256 2
2489 1175 2531 1236 i.
2562 1193 2616 1237 e.
2689 1191 2725 1236 o
2744 1193 2871 1236 mn
2890 1193 2927 1236 e

549 1284 580 1340 t
596 1274 872 1361 emplu
889 1297 977 1340 m.

637 1382 775 1448 Hoc
837 1389 1055 1447 autem
1117 1381 1288 1467 quod
1349 1382 1554 1446 adhuc
1617 1385 2011 1448 coniecturae
2071 1383 2209 1449 loco
2271 1387 2609 1471 proposui,
2660 1405 2928 1468 prorsus

549 1495 797 1555 certum
840 1488 953 1566 fit,
1003 1490 1058 1553 si
1095 1487 1460 1575 colligimus
1499 1491 1777 1576 vestigia
1816 1490 2125 1574 quaedam
2164 1491 2240 1555 ab
2284 1489 2650 1555 auctoribus
2690 1493 2929 1555 nostris

539 1594 759 1660 relicta
776 1644 793 1672 ,
858 1614 1018 1679 quae
1081 1615 1247 1659 nunc
1308 1593 1570 1660 demum
1635 1601 1803 1660 recte
1850 1597 2171 1660 aestimari
2220 1603 2487 1682 possunt
2506 1644 2523 1672 ,
2572 1601 2927 1682 postquam

541 1701 884 1766 doctrinam
949 1702 1466 1786 iurisperitorum
1527 1721 1656 1765 non
1721 1700 1908 1766 modo
1955 1705 2047 1766 eis
2096 1702 2343 1767 obstare
2362 1751 2379 1780 ,
2428 1701 2535 1766 sed
2582 1723 2660 1767 ne
2708 1723 2929 1767 carere

541 1807 798 1896 quidem
857 1810 948 1872 eis
1008 1828 1190 1892 posse
1237 1807 1744 1872 demonstratum
1792 1816 1907 1872 est.
1956 1808 2050 1872 Ea
2097 1810 2375 1894 vestigia
2422 1808 2727 1892 probant,
2778 1810 2929 1871 vim

539 1912 878 2000 specialem
923 1911 1216 1978 vocabuli
1267 1914 1605 1990 „sanctus”
1655 1915 1969 1998 pertinere
2007 1913 2086 1978 ad
2133 1920 2162 1977 t
2177 1935 2295 1978 em
2311 1912 2479 1998 pla,
2523 1933 2927 1998 quamquam

534 2023 662 2107 ipsi
723 2027 1012 2086 auctores
1056 2018 1123 2082 id
1167 2040 1290 2083 non
1335 2025 1809 2105 perspexerunt.
1862 2020 2159 2084 Primum
2208 2019 2547 2098 „sanctus”
2606 2039 2929 2084 nonnum-

539 2148 733 2213 quam
793 2132 1122 2210 tamquam
1183 2127 1508 2210 epitheton
1555 2146 1783 2190 ornans
1832 2129 2173 2212 apponitur
2219 2125 2296 2191 ad
2344 2128 2603 2190 nomina
2648 2123 2929 2209 templo-

537 2253 685 2298 rum
712 2231 796 2312 1);
867 2231 1090 2298 deinde
1161 2230 1330 2317 quod
1397 2230 1543 2317 plus
1612 2231 1811 2308 valet,
1883 2234 2009 2296 viri
2069 2232 2239 2297 docti
2304 2253 2453 2296 cum
2522 2229 2921 2296 vocabulum

541 2339 940 2428 „augustus”
1001 2341 1093 2402 ita
1153 2341 1558 2423 interpretari
1620 2337 1886 2415 vellent,
1950 2343 2025 2402 ut
2089 2337 2167 2403 ad
2227 2337 2364 2403 loca
2408 2340 2795 2424 inaugurate
2844 2336 2921 2400 id

534 2444 936 2511 referendum
979 2465 1114 2509 esse
1160 2443 1440 2510 dicerent
1457 2493 1473 2522 ‚
1524 2443 1701 2508 aliud
1746 2443 2132 2509 vocabulum
2178 2446 2465 2509 invenire
2516 2464 2642 2508 non
2688 2447 2923 2526 potue-

535 2559 688 2616 runt
747 2572 870 2637 quo
931 2551 1188 2615 brevius
1237 2557 1302 2616 et
1348 2549 1578 2616 clarius
1626 2571 1699 2614 ea
1740 2549 1877 2615 loca
1925 2549 2329 2636 designarent
2345 2599 2361 2626 ‚
2414 2569 2609 2635 quam
2654 2549 2773 2613 hoc
2824 2551 2925 2632 ip-

537 2678 684 2723 sum
734 2657 1094 2736 ,‚sanctus”.

624 2763 793 2829 Fest.
841 2784 987 2850 pag,
1040 2765 1113 2826 1:
1165 2769 1555 2850 ‚,augustu5,
1603 2765 1647 2826 i.
1674 2784 1727 2827 e.
1775 2760 2017 2828 locus
2061 2760 2472 2827 sanctus''.

625 2867 810 2934 Ovid.
860 2869 999 2933 fast.
1055 2868 1112 2932 1.
1143 2867 1308 2933 609:
1375 2876 1705 2946 „sancta
1752 2875 1981 2933 vocant
2027 2875 2305 2954 augusta
2348 2872 2579 2952 patres,
2630 2872 2921 2951 aug-usta

715 2982 1022 3040 vocantur
1067 2974 1382 3061 templa
1431 3023 1444 3038 .
1477 3023 1490 3038 .
1521 2973 1580 3038 .'’

623 3079 956 3146 Praeterea
1013 3080 1398 3167 glossatores
1415 3129 1430 3158 ‚
1495 3101 1646 3145 cum
1702 3084 2156 3166 proprietatem
2203 3079 2598 3165 templorum
2645 3077 2917 3144 definire

534 3188 806 3265 vellent,
871 3187 988 3252 hoc
1050 3185 1357 3252 vocabulo
1420 3189 1524 3252 usi
1583 3192 1782 3252 erant.
1849 3185 2236 3273 „Templa
2306 3189 2545 3251 aiunt
2614 3190 2919 3249 sancta

537 3315 713 3359 6886
759 3296 898 3379 qui
950 3289 1294 3358 Glossas
1345 3294 1961 3377 scripserunt'’;
2014 3294 2131 3357 hoc
2178 3293 2623 3356 testimonium
2675 3309 2713 3354 a
2757 3287 2919 3354 Var-

534 3421 686 3465 rone
747 3400 927 3464 nobis
991 3405 1317 3463 servatum
1335 3447 1352 3475 ,
1415 3397 1859 3462 firmissimum
1919 3419 2085 3462 nunc
2133 3399 2376 3462 factum
2422 3401 2519 3462 est
2562 3403 2913 3482 postquam

533 3505 600 3570 id
659 3505 1126 3568 vindicavimus
1189 3525 1224 3568 a
1283 3506 1749 3589 vituperatione
1820 3502 2145 3580 Vari-onie,
2218 3505 2329 3588 qui
2397 3504 2534 3567 vim
2606 3499 2913 3567 vocabuli

536 3609 875 3690 „sanctus”
947 3630 1070 3673 non
1139 3615 1462 3674 assecutus
1480 3658 1495 3685 ,
1566 3608 1741 3673 idem
1810 3609 1977 3694 quod
2048 3629 2222 3674 sacer
2289 3607 2358 3672 id
2418 3627 2553 3672 esse
2612 3606 2913 3672 credebat

438 3781 451 3798 ,
531 3722 731 3802 (supr.
781 3736 923 3802 pag.
977 3714 1101 3779 341
1153 3715 1293 3778 adn.
1343 3715 1425 3794 1).
1471 3753 1554 3762 —
1596 3714 2032 3781 Eodemmodo
2072 3715 2337 3800 denique
2374 3713 2655 3778 Isidorus
2694 3711 2907 3799 (Orig.

539 3822 641 3888 15.
684 3823 751 3903 4>
825 3829 1156 3900 „sancta
1223 3824 1314 3886 ait
1381 3823 1623 3887 iuxta
1692 3829 2025 3888 veteres
2097 3824 2525 3887 exteriora
2593 3819 2913 3905 templi

532 3930 804 4006 sunt’';
851 3929 952 3993 his
997 3930 1261 4013 opponit
1306 3935 1516 4012 partes
1564 3928 1953 4014 templorum
2002 3929 2400 4006 secretiores,
2466 3947 2622 4012 quas
2685 3932 2909 3992 sancta

531 4041 893 4103 sanctorum
939 4035 1138 4099 dictas
1184 4055 1317 4099 6886
1363 4055 1696 4120 perperam
1743 4035 2035 4099 affirmat.

599 4248 646 4308 1)
679 4247 777 4296 cio.
813 4245 928 4294 lab.
966 4247 1096 4311 perd.
1133 4247 1291 4296 4.11=
1334 4248 1564 4311 »Campus
1597 4249 1798 4296 Sanctus
1834 4247 1953 4306 (scil.
1994 4247 2287 4307 Martius)”;
2344 4245 2454 4294 Mil.
2488 4245 2571 4296 84.
2609 4247 2698 4296 66:
2738 4261 2907 4296 nnnc-

525 4328 767 4379 tissimum
810 4327 1093 4394 templum’‘,
1143 4330 1229 4378 cfr.
1277 4329 1380 4378 Liv.
1413 4331 1497 4378 45.
1519 4331 1577 4394 ὅς
1626 4329 1723 4378 Cic.
1763 4328 1900 4378 Verr.
1940 4333 1983 4378 l.
2006 4331 2048 4379 1.
2070 4330 2151 4378 18.
2169 4327 2248 4378 47.
2306 4329 2457 4378 Iaoous
2488 4329 2539 4377 in
2573 4343 2707 4398 arce.
2744 4345 2773 4377 ο
2804 4345 2901 4393 quo

526 4411 777 4461 verbenam
804 4410 1002 4461 touch-t
1029 4411 1205 4460 fetialis
1238 4427 1266 4460 ι
1301 4413 1582 4475 magistratu
1615 4411 1796 4469 iussus,
1831 4412 1913 4476 qui
1945 4412 2069 4476 quod
2100 4421 2202 4460 erat
2229 4411 2281 4460 in
2309 4425 2415 4460 aree
2444 4415 2549 4459 erat
2564 4411 2901 4474 inauguratus,

527 4493 774 4543 dicebatur
807 4494 979 4543 locun
1012 4499 1268 4542 sanctus
1299 4493 1350 4541 in
1383 4493 1605 4542 formulis
1634 4493 1895 4553 fetialium,
1929 4494 2055 4544 Fest.
2088 4509 2195 4560 με.
2230 4495 2347 4544 821.
