3192 5009
910 309 1626 402 TERTULLIANI
1683 308 2603 403 DECLAMATIONES.

1652 488 1899 531 scmpsn·

1362 610 1421 676 J.
1469 610 1647 677 VAN
1691 610 1866 677 DER
1911 611 2182 677 VLOET.

1589 798 1963 841 ——wffico—

662 941 740 1006 In
781 939 1169 1027 praefatione
1209 940 1508 1005 editionis
1556 940 1924 1005 Pertulbiani
1940 991 1956 1020 ,
2000 962 2195 1027 quam
2218 944 2467 1007 curavit
2490 942 2595 1006 Fr.
2632 942 2921 1006 Oehlms
2942 989 2959 1019 ,

571 1069 636 1134 p.
683 1066 820 1125 m,
884 1046 1104 1124 editor,
1168 1052 1506 1132 postquam
1569 1046 1645 1111 de
1709 1046 1975 1112 diversis
2036 1048 2355 1113 codicibus
2418 1054 2482 1113 et
2528 1047 2916 1113 editionibus
2939 1095 2957 1124 ,

573 1155 803 1241 quibus
848 1155 915 1217 in
960 1152 1336 1218 recensendo
1375 1154 1681 1238 scriptore
1721 1175 1836 1218 suo
1880 1174 2038 1218 usus
2086 1160 2221 1221 erat
2267 1175 2622 1239 quorumve
2672 1153 2753 1219 ad
2798 1174 2958 1218 eum

570 1264 942 1346 pervenerat
981 1262 1210 1324 notitia
1228 1307 1244 1336 ,
1287 1260 1441 1322 satis
1479 1260 1729 1343 copiose
1766 1260 2102 1325 edisseruit
2119 1308 2134 1336 ,
2176 1261 2329 1325 haec
2370 1260 2619 1325 scribit:
2662 1282 2767 1323 nec
2806 1259 2963 1344 quid

571 1366 683 1429 itte
719 1364 1240 1448 splendidissimae
1284 1364 1482 1427 Tkom.
1525 1364 1797 1447 Phillips
1834 1366 1902 1429 in
1940 1366 2307 1429 Middlehicc
2341 1365 2727 1429 bibliothecae
2774 1367 2960 1429 codex

571 1495 723 1537 saec.
772 1469 890 1535 XV
937 1472 1166 1534 membr.
1219 1468 1643 1547 „Tertulliani
1681 1470 2277 1536 Declamationum”
2332 1476 2421 1550 (v.
2461 1470 2712 1537 Haenel
2750 1468 2957 1537 Catal.

568 1575 722 1645 cod.
784 1575 970 1641 MSS.
1032 1598 1095 1661 p.
1163 1575 1321 1657 882)
1392 1578 1846 1659 comprehendat
1915 1579 2110 1641 adhuc
2159 1577 2369 1660 potuit
2431 1576 2767 1660 comperiri.
2839 1576 2955 1641 Me

565 1689 832 1769 rogante
901 1684 1002 1746 vir
1069 1680 1507 1746 nobilissimus
1570 1684 1643 1746 F.
1711 1684 1848 1746 Fitz
1910 1684 2043 1767 Roy
2106 1682 2382 1746 Fenwiclc
2399 1731 2416 1761 ,
2480 1682 2605 1747 hoc
2665 1688 2956 1767 tempore

564 1790 742 1855 illius
803 1786 1249 1865 bibliothecae,
1318 1808 1478 1873 quae
1539 1810 1708 1853 nunc
1759 1787 2205 1855 Cheltenhami
2254 1795 2563 1867 servatur,
2614 1808 2957 1875 possessor,

566 1898 934 1985 gratissimo
995 1895 1159 1959 mihi
1224 1894 1426 1960 officio
1447 1944 1463 1973 ,
1534 1897 1778 1981 primos
1841 1894 2105 1971 codicis,
2156 1898 2268 1981 qui
2313 1916 2579 1960 numero
2629 1892 2805 1959 2357
2855 1900 2959 1959 est

567 2005 889 2090 sig-natus,
940 2022 1160 2065 versus
1205 2000 1556 2086 descripsit.
1608 2002 1841 2088 Incipit
1880 2008 2099 2066 autem
2136 2000 2297 2066 liber
2334 2002 2501 2067 hunc
2540 2004 2608 2066 in
2647 2001 2954 2066 modum:

567 2112 666 2175 Ec
724 2108 1001 2172 mendic
1060 2108 1263 2170 domus
1307 2108 1652 2171 adolescens
1685 2114 1925 2189 patrem
1972 2106 2191 2171 extulit
2236 2108 2375 2170 dum
2420 2114 2662 2170 matrem
2708 2106 2963 2189 repetiit

569 2223 626 2280 et
670 2215 864 2298 ipsam
907 2220 964 2277 et
1011 2213 1208 2277 ocutos
1254 2213 1474 2277 amisit.
1529 2214 1791 2277 Indua-it
1829 2212 1886 2276 ei
1912 2221 2099 2296 pater
2138 2236 2444 2277 novercam
2461 2262 2477 2291 ,
2519 2237 2669 2299 quae
2710 2214 2964 2277 accessit

568 2324 820 2407 quodam
861 2326 1115 2401 tempore
1159 2320 1243 2381 ad
1286 2318 1564 2381 maritum
1614 2325 1732 2383 cet.
1788 2318 1962 2397 Quae
2009 2341 2159 2384 cum
2202 2320 2397 2385 verba
2442 2321 2711 2385 initium
2758 2322 2961 2385 conti-

568 2432 759 2492 neant
805 2426 1172 2513 argumenti
1217 2423 1480 2490 alterius
1526 2445 1605 2489 ex
1652 2424 1812 2489 XIX
1859 2424 2425 2490 declamationibus
2445 2474 2461 2503 ,
2505 2446 2662 2510 quas
2704 2426 2963 2489 maiores

567 2532 790 2597 dicunt
807 2579 823 2608 ,
888 2550 1172 2615 quaeque
1241 2529 1615 2610 Quintiliani
1674 2532 1967 2596 feruntur
2012 2534 2267 2597 nomine
2288 2581 2303 2609 ‚
2354 2532 2769 2597 manifestum
2815 2538 2916 2598 est
2935 2580 2953 2608 ,

567 2659 694 2704 non
751 2640 950 2723 patris
1013 2635 1311 2701 ecclesiae
1373 2636 1686 2703 iuveniles
1751 2641 1963 2703 nescio
2011 2658 2167 2723 quas
2216 2637 2689 2703 lucubrationes
2736 2638 2955 2703 codice

568 2743 658 2812 Cb
666 2743 1126 2810 eltenhamensi
1170 2745 1478 2807 contineri
1494 2792 1510 2821 ,
1561 2743 1671 2809 sed
1712 2743 2081 2829 exemplum
2118 2744 2383 2809 illarum
2422 2746 2954 2810 exercitationum

565 2852 1024 2917 rhetoricarum
1043 2897 1060 2926 ,
1125 2869 1281 2933 quas
1345 2852 1820 2913 recentissimus
1865 2853 2192 2915 minorum
2240 2848 2779 2916 declamationum
2824 2850 2959 2915 edi-

565 2965 687 3036 tor,
736 2956 1024 3021 Ritterus
1041 3003 1057 3032 ,
1107 2952 1265 3019 falso
1314 2954 1708 3033 Quintiliano
1756 2956 2103 3021 adiudicari
2142 2956 2454 3041 probavit.
2506 2956 2581 3020 In
2619 2955 2763 3020 aliis
2803 2977 2955 3041 quo-

571 3085 692 3151 que
759 3061 940 3126 libris
1008 3062 1287 3146 primam
1359 3066 1423 3125 et
1486 3060 1757 3126 alteram
1819 3060 2305 3127 declamationes
2367 3061 2580 3127 locum
2626 3068 2913 3127 mutasse
2934 3110 2950 3140 ,

569 3175 831 3257 apparet
868 3190 948 3233 ex
995 3167 1432 3233 observatione
1482 3166 1554 3230 P.
1608 3167 1952 3231 Burmanni
1998 3167 2077 3231 ad
2124 3167 2390 3231 Declam.
2443 3167 2493 3231 Ι.
2549 3167 2621 3232 1;
2663 3168 2809 3231 haec
2854 3169 2954 3230 de-

571 3275 847 3341 clamatio
891 3274 960 3337 in
1019 3274 1076 3336 V
1069 3295 1179 3338 088.
1218 3296 1326 3356 pr.
1377 3279 1435 3337 et
1489 3274 1647 3337 Colb.
1686 3296 1792 3356 pr.
1846 3279 1935 3337 est
1978 3276 2237 3337 secanda
2252 3323 2269 3352 ,
2309 3280 2368 3337 et
2390 3273 2797 3357 praeponitur
2832 3273 2953 3337 itta

559 3403 681 3466 pro
726 3402 992 3443 noverca.
1055 3378 1272 3443 Etiam
1320 3400 1488 3443 nunc
1533 3381 1601 3442 in
1648 3377 2043 3444 Bibliotheca
2092 3378 2386 3444 Leidensi
2434 3386 2769 3444 servantur
2816 3399 2953 3465 sep-

571 3494 705 3553 tem
762 3487 1081 3551 maiorum
1141 3482 1698 3550 Declamationum
1756 3485 1941 3562 libri,
2005 3484 2183 3550 Voss.
2234 3485 2305 3566 Q.
2361 3484 2443 3551 77
2495 3493 2560 3551 et
2612 3485 2761 3563 111,
2812 3484 2952 3551 Lei-

572 3594 794 3659 denses
840 3589 1032 3671 (Bibl.
1079 3589 1268 3655 Publ.
1315 3590 1487 3669 Lat.)
1552 3589 1591 3654 9
1640 3595 1705 3655 et
1753 3589 1901 3669 132,
1950 3590 2154 3677 Lipsii
2202 3591 2308 3670 40,
2355 3591 2673 3657 Perizonii
2715 3590 2788 3657 F.
2844 3590 2948 3669 14,

572 3706 636 3766 et
698 3697 770 3763 O.
823 3696 966 3761 4A.
1029 3696 1103 3760 In
1164 3694 1342 3761 Voss.
1397 3695 1546 3774 111,
1596 3696 1827 3761 B.P.L.
1882 3697 1943 3773 9,
1995 3696 2169 3782 Lips.
2220 3697 2307 3762 40
2358 3704 2423 3763 et
2467 3698 2668 3763 Periz.
2724 3696 2807 3761 14
2857 3717 2954 3763 ea-

571 3806 720 3871 dem
765 3804 930 3869 redit
973 3802 1260 3869 locorum
1304 3806 1697 3889 permutatio
1716 3852 1733 3881 ‚
1785 3824 1980 3890 quam
2025 3806 2096 3867 in
2140 3804 2351 3869 codice
2394 3802 2953 3871 Cheltenhamensi

571 3910 1124 3998 deprehendimus.
1188 3908 1263 3973 ln
1312 3910 1488 3975 Leid.
1544 3908 1675 3975 132
1724 3918 1788 3975 et
1832 3912 1900 3975 in
1946 3908 2146 3975 Periz.
2198 3910 2273 3976 Ο.
2324 3910 2366 3975 4
2389 3911 2448 3975 A
2493 3914 2703 3996 prima
2750 3910 2951 3977 decla-

569 4019 769 4083 matio
814 4023 957 4101 post
1001 4014 1300 4079 ultimam
1349 4014 1610 4103 leg-itur,
1663 4018 1774 4101 qui
1822 4016 2062 4083 codices
2108 4018 2314 4104 igitur
2360 4024 2424 4083 et
2465 4020 2594 4103 ipsi
2632 4017 2710 4083 ab
2750 4016 2951 4086 altera

566 4125 833 4190 initium
877 4122 1137 4187 faciunt.
1181 4118 1468 4206 Denique
1502 4124 1571 4186 in
1612 4120 1789 4186 Voss.
1837 4119 1919 4187 ‘77
1960 4125 2166 4209 prima
2188 4122 2565 4189 declamatio
2590 4123 2689 4188 bis
2714 4126 2949 4210 scripta

567 4238 667 4297 est
683 4279 700 4309 ,
748 4226 948 4295 semel
989 4230 1156 4293 inter
1201 4226 1296 4292 XJ
1344 4234 1410 4293 et
1452 4225 1658 4305 XVII,
1705 4230 1945 4293 iterum
1981 4235 2126 4316 post
2163 4228 2401 4293 xlxam
2423 4278 2439 4308 ,
2481 4229 2697 4295 addita
2726 4228 2949 4295 notula

566 4336 688 4401 iota
733 4335 1238 4419 aper-habundat.

1589 4452 1931 4463 —-.-———-
