3192 5009
1145 1027 1618 1119 FLUCTUS
1676 1029 1791 1118 IN
1852 1030 2343 1121 SIMPULO.

1632 1250 1878 1292 sompsu·

1377 1417 1482 1484 -S.
1545 1419 1622 1484 A.
1686 1417 2082 1484 NABEB.

1624 1743 1904 1773 ’.000040-

658 2010 1051 2076 Admirabile
1119 2017 1216 2077 est
1276 2011 1445 2096 quod
1507 2009 1764 2077 Tacitus
1828 2010 2024 2076 tradit
2083 2014 2152 2075 in
2195 2011 2531 2076 undecimo
2578 2011 2811 2076 Annali
2868 2011 2949 2077 de

569 2115 916 2182 Messalina
977 2138 1100 2202 quo
1147 2118 1276 2183 fato
1323 2119 1600 2204 perierit.
1650 2117 1791 2203 Ipse
1838 2118 2234 2205 tragoediam
2280 2121 2371 2183 ita
2415 2139 2669 2183 narrare
2705 2119 2954 2183 institit

570 2245 622 2287 c.
671 2220 792 2288 27:
845 2222 1079 2300 „Haud
1127 2244 1275 2289 sum
1320 2227 1583 2310 ignarus
1604 2273 1619 2301 ‚
1669 2223 2031 2289 fabulosum
2073 2227 2291 2289 visum
2334 2227 2451 2302 iri,
2495 2229 2750 2289 tantum
2788 2224 2953 2289 ullis

568 2327 944 2403 mortalibus
990 2332 1348 2395 securitatis
1394 2330 1590 2395 fuisse
1609 2379 1625 2407 ,
1673 2333 1743 2394 in
1788 2333 2049 2396 civitate
2100 2333 2393 2396 omnium
2438 2351 2635 2417 gnara
2673 2334 2739 2395 et
2777 2330 2953 2396 nihil

568 2438 869 2502 reticente
889 2485 905 2513 ‚
967 2437 1205 2501 nedum
1265 2437 1592 2502 consulem
1655 2437 2061 2525 designatum
2080 2487 2096 2516 ,
2158 2459 2309 2504 cum
2352 2458 2549 2504 uxore
2596 2441 2909 2526 principis
2928 2487 2945 2516 ,

569 2542 891 2628 praedicta
955 2543 1056 2608 die
1076 2592 1091 2620 ‚
1158 2543 1460 2608 adhibitis
1523 2546 1635 2629 qui
1694 2545 2102 2630 obsignarent
2165 2543 2344 2610 velut
2389 2544 2945 2629 suscipiendorum

567 2649 917 2714 liberorum
961 2669 1150 2715 causa
1198 2652 1560 2715 convenisse
1610 2654 1799 2735 atque
1836 2650 2018 2715 illam
2056 2650 2303 2716 audisse
2342 2653 2674 2736 auspicum
2712 2653 2914 2716 verba
2931 2701 2947 2728 ,

568 2754 813 2820 subisse
829 2752 927 2834 (Y),
997 2753 1372 2821 sacrificasse
1442 2756 1612 2841 apud
1674 2757 1854 2834 deos;
1923 2757 2313 2822 discubitum
2372 2759 2539 2821 inter
2596 2759 2943 2834 convivas;

569 2860 782 2927 oscula
798 2910 814 2938 ,
879 2861 1285 2947 complexus;
1347 2867 1600 2928 noctem
1665 2863 1935 2948 denique
1998 2870 2207 2929 actam
2265 2862 2523 2956 licentia
2588 2864 2942 2951 coniugali.

568 2967 692 3033 Sed
738 2966 902 3032 nihil
948 2971 1374 3053 compositum
1419 2968 1716 3034 miraculi
1761 2990 1949 3035 causa
1964 3019 1981 3047 ‚
2045 2991 2272 3035 verum
2320 2969 2539 3035 audita
2584 2972 2949 3055 scriptaque

569 3075 920 3140 senioribus
963 3075 1276 3139 tradam.’'
1325 3075 1425 3140 Ita
1465 3083 1593 3141 est:
1636 3076 1791 3142 haec
1827 3076 2020 3140 fidem
2055 3075 2249 3163 longe
2287 3075 2603 3161 longeque
2628 3076 2949 3141 excedunt

567 3184 784 3265 itaque
848 3180 1066 3245 sedulo
1112 3180 1459 3247 videndum
1507 3203 1666 3245 num
1712 3181 1873 3246 forte
1918 3179 2175 3246 Tacitus
2218 3184 2412 3246 nimis
2460 3181 2689 3266 cupide
2738 3182 2947 3266 plebis

569 3285 970 3350 rumusculos
1031 3273 1380 3372 captaverit
1428 3293 1619 3373 atque
1668 3287 1909 3373 aliquid
1956 3290 2331 3353 remanserit
2378 3309 2455 3353 ex
2500 3285 2633 3352 illis
2680 3291 2949 3354 recenti-

569 3393 688 3457 bus
752 3391 912 3456 odiis
931 3440 946 3468 ‚
1013 3393 1244 3476 quibus
1307 3414 1405 3457 res
1467 3391 1669 3458 Iuliae
1730 3397 1941 3480 gentis
2005 3393 2163 3458 olim
2226 3396 2611 3479 compositae
2658 3393 2945 3459 fuerunt.

569 3497 877 3562 Omnium
913 3501 1203 3584 primum
1241 3499 1575 3566 audiamus
1615 3500 1770 3585 quid
1809 3501 2068 3566 tandem
2107 3521 2323 3565 rerum
2346 3499 2692 3566 Messalina
2716 3505 2947 3588 egerit.

569 3603 706 3684 Quo
775 3604 940 3669 forte
1011 3610 1296 3689 tempore
1366 3603 1614 3669 Ostiam
1686 3603 1913 3672 Caesar
1980 3613 2351 3682 secesserat,
2418 3627 2581 3672 uxor
2640 3609 2949 3692 principis

571 3731 740 3787 „non
801 3708 955 3774 alias
1017 3708 1285 3775 solutior
1343 3709 1504 3775 luxu
1523 3760 1539 3788 ,
1604 3710 1822 3776 adulto
1871 3718 2215 3776 auctumno
2264 3710 2681 3777 simulacrum
2730 3713 2949 3778 vinde-

567 3819 734 3883 miae
773 3839 884 3902 per
922 3816 1190 3882 domum
1227 3815 1516 3882 celebrat.
1567 3815 1801 3904 Urgeri
1834 3817 2008 3904 prela
2028 3867 2043 3895 ,
2084 3817 2277 3882 fluere
2315 3817 2526 3916 lacus-3
2568 3826 2633 3883 et
2670 3817 2947 3884 feminae

566 3922 839 4009 pellibus
897 3925 1211 3988 accinctae
1270 3921 1712 4000 adsultabant,
1776 3929 1851 3988 ut
1912 3921 2327 3989 sacrificant-es
2390 3921 2497 3989 vel
2556 3925 2946 3990 insanientes

568 4029 881 4094 Bacchae:
945 4031 1084 4113 ipsa
1143 4031 1315 4094 crine
1376 4029 1547 4094 fluxo
1566 4078 1582 4105 ,
1647 4030 1947 4115 thyrsum
2010 4031 2298 4113 quatiens
2318 4079 2333 4107 ‚
2388 4033 2696 4116 iuxtaque
2742 4029 2945 4096 Silius

566 4133 797 4198 hedera
840 4137 1094 4198 vinctus
1113 4182 1128 4210 ‚
1171 4155 1391 4220 gerere
1431 4135 1772 4199 cothurnos
1792 4183 1809 4211 ,
1850 4137 2051 4200 iacere
2092 4143 2282 4220 caput
2302 4184 2317 4212 ‚
2359 4141 2677 4222 strepente
2701 4139 2945 4202 circum

568 4243 811 4326 procaci
876 4240 1130 4304 chor0.’'
1193 4240 1336 4305 Non
1397 4244 1827 4325 praestiterim
1874 4241 2253 4307 Messalinae
2306 4245 2749 4315 castimoniam
2770 4291 2785 4321 ‚
2836 4245 2947 4309 sed

571 4352 786 4411 tamen
831 4345 1017 4410 video
1065 4367 1187 4410 non
1233 4349 1590 4411 insecutam
1638 4347 1832 4412 fuisse
1881 4354 2133 4412 noctem
2184 4354 2433 4426 „actam
2489 4348 2745 4414 licentia
2804 4370 2949 4414 con·

469 4451 481 4463 “
569 4450 840 4539 iugali.’'
891 4451 1048 4517 Mox
1096 4451 1296 4517 Silius
1345 4474 1395 4517 c.
1447 4452 1532 4518 32
1579 4453 1658 4518 ad
1706 4457 1929 4518 munia
1974 4453 2093 4518 fori
2134 4455 2492 4541 digreditur
2528 4457 2743 4540 itaque
2778 4454 2945 4522 illud
