3192 5009
1034 870 1620 961 HOMERICA.

1226 1077 1475 1118 sempslr

879 1232 966 1297 H.
1015 1231 1191 1298 VAN
1235 1229 1814 1297 EERWERDEN.

626 1354 1100 1434 (Continuoenbur
1145 1376 1218 1418 ea·
1278 1355 1407 1418 Vol.
1458 1355 1710 1418 XVIII
1735 1377 1884 1436 paq.
1938 1352 2074 1434 49.)

1140 1661 1538 1698 m

319 1911 491 1982 r413.
533 1920 637 1993 τὴν
681 1919 743 1984 δὲ
790 1918 1202 1999 χολωσαμένη
1254 1919 1636 2000 προσεφώνεε
1687 1916 1770 1982 δῖ’
1818 1917 2156 1998 ’Λφροδὶτη
2182 1899 2218 1955 ·’

529 2025 613 2102 μή
660 2027 731 2103 μ’
780 2023 973 2106 ἔρεθε,
1022 2025 1331 2106 σχετλίη,
1378 2025 1467 2102 μὴ
1517 2023 1854 2105 χωσαμένη
1905 2047 1975 2087 σε
2019 2023 2261 2102 μεθήω,

529 2139 640 2203 τῶς
690 2131 754 2196 δέ
802 2134 861 2196 σ’
907 2133 1239 2213 ἀπεχθήρω
1287 2133 1362 2204 ὥς
1414 2137 1517 2205 νῦν
1564 2129 1841 2209 ἔκπαγλ’
1889 2130 2198 2212 ἐφίλησα,
2265 2117 2272 2124 ’

532 2237 763 2320 [μέσσῳ
812 2237 868 2303 δ’
921 2238 1290 2321 ἀμφοτέρων
1336 2238 1680 2317 μητίσομαι
1733 2234 1926 2316 ἔχθεα
1972 2235 2216 2316 λυγροὶ,

532 2345 745 2426 Τρώων
795 2345 899 2408 καὶ
952 2347 1241 2422 Δαναῶν,
1288 2346 1365 2424 σὺ
1409 2343 1472 2411 δέ
1522 2366 1622 2410 κεν
1670 2346 1857 2408 κακὸν
1907 2339 2060 2408 οἶτον
2109 2339 2338 2424 ὄληαι]

264 2435 327 2501 Ad
371 2463 445 2510 vs.
487 2447 611 2516 417
676 2454 1006 2516 annotavit
1055 2453 1212 2516 haec
1256 2449 1712 2516 Doederlinus:
1766 2449 1935 2527 „Hic
1978 2469 2202 2514 versus
2249 2445 2550 2512 delendus

264 2544 456 2630 videtur,
498 2562 569 2621 ut
615 2557 983 2637 ἀμφοτέρων
1031 2558 1107 2623 (16
1154 2557 1402 2623 Helena
1449 2565 1513 2624 et
1559 2557 1788 2622 Paride
1807 2606 1822 2634 ,
1873 2578 1999 2621 non
2045 2555 2120 2620 de
2159 2553 2450 2619 Troianis
2488 2559 2554 2619 et

265 2642 445 2724 Graecis
496 2662 759 2729 dicatur.
823 2664 967 2729 Hoc
1026 2667 1200 2729 enim
1254 2667 1504 2752 proprie
1550 2685 1742 2749 penes
1786 2662 2048 2728 Veneris
2096 2683 2334 2726 numen
2381 2666 2517 2726 erat
2535 2707 2551 2738 ,

264 2766 351 2822 tam
401 2785 662 2835 amorem
731 2773 1007 2836 excitare
1076 2792 1275 2856 quam
1332 2771 1732 2838 concordiam
1793 2772 2153 2835 amantium
2199 2771 2555 2854 coniugum

265 2865 438 2936 turbare
478 2879 539 2939 et
585 2875 719 2941 odii
762 2896 981 2942 causas
1030 2897 1235 2942 serere
1255 2927 1269 2952 ‚
1322 2877 1593 2963 talisque
1635 2879 1960 2942 minitatio
2001 2875 2382 2962 dignissima
2422 2879 2556 2938 erat

264 2965 337 3034 hac
380 2975 489 3045 dea.
560 2979 797 3048 Contra
858 2985 915 3047 si
974 2983 1051 3048 de
1114 2982 1400 3049 Troianis
1471 2989 1535 3049 et
1599 2980 1859 3050 Graecis
1919 2981 2416 3068 intelligendum
2460 2986 2557 3045 est

265 3075 558 3163 ἅμφοτέρων,
599 3110 908 3174 quorsum
952 3089 1213 3155 tandem
1249 3089 1748 3176 intelligendum
1795 3094 1892 3154 est
1938 3088 2326 3168 ἀμφοτέρων,
2375 3107 2558 3171 quor-

264 3201 355 3250 sum
398 3195 639 3259 tandem
701 3195 1045 3281 pertinebit
1104 3195 1325 3260 odium
1388 3197 1662 3261 excitare
1724 3199 1892 3260 inter
1938 3215 2044 3261 eos
2062 3243 2079 3272 ‚
2127 3196 2240 3280 qui
2285 3199 2383 3259 tot
2424 3195 2558 3258 iam

265 3305 389 3359 mos
433 3299 859 3365 infestissimis
931 3303 1163 3366 animis
1224 3300 1587 3367 bellabant?
1659 3302 1746 3366 At
1806 3323 1884 3366 ne
1947 3303 2038 3366 sic
2099 3300 2359 3385 quidem
2422 3305 2558 3365 erat

265 3391 437 3469 Veneris
492 3403 659 3471 bella
720 3409 1027 3485 excitare,
1090 3413 1167 3472 ut
1227 3410 1333 3473 cui
1380 3429 1505 3472 non
1551 3406 1700 3472 data
1745 3412 1954 3472 essent
2001 3408 2313 3481 πολεμήια.
2365 3405 2518 3484 ἔργα
2538 3453 2554 3482 ,

266 3502 331 3566 sed
361 3508 652 3592 ἕμερέεντα
702 3509 858 3592 ἔργα
908 3512 1204 3591 γάμοιο.”
1256 3512 1381 3593 Qui
1426 3515 1666 3599 partim
1710 3518 1879 3578 recte
1926 3515 2165 3598 partim
2210 3533 2388 3577 secus
2437 3511 2562 3576 dis-

265 3618 451 3688 putavit.
500 3617 696 3684 Recte
742 3622 915 3684 enim
962 3641 1086 3684 non
1132 3618 1394 3684 Veneris
1434 3641 1570 3685 esse
1611 3619 1855 3684 bellum
1895 3621 2172 3684 excitare
2210 3618 2555 3696 contendit,

266 3715 331 3780 sed
361 3723 622 3811 neglexit
662 3727 797 3789 iam
842 3725 1061 3790 foedus
1108 3728 1307 3791 ictum
1360 3747 1495 3791 esse
1540 3729 1712 3791 inter
1749 3733 2054 3811 utrosque
2080 3725 2184 3806 (cf.
2214 3724 2345 3789 264
2373 3730 2558 3809 sqq.)‚

264 3819 401 3908 itaque
456 3831 532 3895 de
592 3852 759 3896 novo
821 3830 988 3897 bello
1049 3832 1380 3897 excitando
1444 3835 1718 3918 cogitari
1763 3829 1967 3918 posse.
2037 3831 2478 3897 Nihilominus
2523 3851 2560 3895 a

266 3922 441 4000 Veneris
506 3957 773 4022 persona
830 3937 1027 4003 talem
1087 3941 1559 4004 minitationem
1624 3938 1898 4003 alienam
1961 3959 2096 4004 esse
2157 3941 2399 4024 optime
2467 3940 2562 4002 in-

265 4031 427 4106 tellexit
444 4091 462 4120 ‚
530 4042 642 4108 sed
712 4045 929 4109 minus
991 4043 1261 4110 feliciter
1319 4045 1525 4110 deleto
1587 4044 1720 4110 solo
1786 4067 1880 4111 vs.
1936 4043 2066 4110 417
2131 4045 2422 4118 ἀλλήλων
2485 4045 2561 4111 (16

266 4135 409 4213 Paride
469 4154 536 4214 et
594 4147 841 4214 Helena
888 4151 1330 4235 accipiendum
1376 4172 1511 4216 esse
1559 4154 1809 4216 statuit.
1862 4150 2106 4216 Parum
2151 4153 2324 4216 enim
2370 4151 2564 4216 credi-

265 4243 339 4314 bile
380 4275 446 4319 ex
491 4276 637 4321 mea
697 4256 957 4342 quidem
1019 4259 1334 4322 sententia
1398 4263 1534 4322 erat
1580 4256 1898 4322 eiusmodi
1944 4259 2150 4322 minas
2211 4257 2563 4342 quidquam

266 4353 396 4423 valere
432 4359 513 4424 ad
551 4364 883 4427 incensum
923 4362 1213 4429 mulieris
1258 4366 1550 4429 animum
1588 4363 2024 4450 mitigandum
2042 4410 2058 4441 ,
2100 4363 2210 4427 sed
2235 4362 2562 4449 aliquanto

2209 4481 2269 4530 11
