3192 5009
935 937 1568 1029 GALLAEGI
1626 981 1719 993 -·
1776 939 2443 1072 GALLAEGI.

1577 1146 1826 1188 summu·

1289 1299 1368 1365 U.
1415 1298 1556 1364 PH.
1605 1297 2120 1365 BOISSEVAIN.

601 1800 727 1881 Qui
785 1800 891 1866 vel
948 1807 1242 1867 veterum
1301 1800 1410 1867 vel
1469 1803 1899 1867 recentiorum
1958 1803 2347 1888 scriptorum
2404 1801 2576 1868 locos
2592 1850 2610 1880 ,
2657 1803 2771 1867 ubi
2819 1801 2909 1867 de

517 1906 811 1973 Callaecis
827 1957 842 1984 ‚
887 1907 1238 1994 Hispaniae
1285 1907 1522 1995 populo
1541 1957 1556 1982 ‚
1605 1915 1672 1974 et
1724 1907 2029 1972 Gallaecia
2074 1929 2282 1975 sermo
2332 1915 2429 1974 est
2446 1958 2464 1987 ‚
2514 1907 2714 1974 oquis
2758 1929 2911 1994 per-

509 2014 812 2080 lustrabit
827 2063 845 2092 ,
885 2014 1120 2079 horum
1157 2017 1496 2080 nominum
1519 2015 1757 2080 formas
1780 2014 1973 2080 modo
1999 2036 2112 2101 per
2133 2013 2185 2082 G
2208 2015 2528 2096 (Callaeci,
2564 2014 2907 2094 Callaecia)

511 2120 699 2188 modo
767 2141 882 2206 per
951 2118 1014 2187 G
1079 2120 1367 2186 litteram
1438 2121 1749 2200 (Gallaeci
1763 2171 1780 2198 ,
1852 2121 2192 2201 Gallaecia)
2262 2124 2533 2206 scriptas
2592 2123 2907 2185 inveniet.

516 2226 690 2292 Adeo
749 2229 976 2291 incerti
1045 2227 1307 2292 haerent
1367 2226 1572 2305 docti,
1638 2232 1856 2292 utram
1904 2227 2178 2292 formam
2224 2227 2583 2312 praeferant
2600 2275 2617 2304 ,
2666 2231 2744 2291 ut
2792 2225 2903 2291 vel

512 2332 683 2420 apud
743 2331 1018 2398 eundem
1083 2336 1464 2419 scriptorem
1525 2339 1810 2400 veterem
1872 2353 2041 2397 nunc
2086 2333 2246 2399 hanc
2291 2353 2460 2399 nunc
2504 2331 2690 2398 illam
2736 2333 2907 2398 ferre

511 2461 639 2505 non
698 2444 1012 2504 recusent.
1085 2437 1410 2519 Quaenam
1470 2436 1793 2524 praestat?
1864 2441 1963 2504 An
2023 2444 2293 2525 utraque
2354 2440 2512 2504 bene
2575 2459 2643 2504 se
2706 2437 2905 2504 habet

510 2547 868 2633 promiscue
914 2567 952 2610 a
997 2544 1303 2610 Romanis
1347 2551 1654 2631 usurpata
1672 2594 1688 2623 ‚
1738 2545 2116 2611 differuntve
2164 2545 2283 2611 hoc
2330 2550 2587 2610 tantum
2625 2548 2797 2610 inter
2834 2566 2905 2610 se

513 2651 683 2738 quod
743 2651 942 2716 altera
1004 2650 1203 2717 altera
1264 2659 1361 2717 est
1420 2649 1773 2717 recentior?
1834 2650 2225 2738 Scripsitque
2288 2671 2342 2716 e.
2369 2673 2469 2739 gr.
2530 2649 2786 2716 Plinius
2832 2653 2907 2716 in

513 2757 812 2824 Naturali
877 2758 1147 2824 historia
1220 2764 1286 2824 et
1357 2758 1625 2822 Callaeci
1691 2765 1757 2824 et
1828 2757 2103 2822 Gallaeci
2164 2763 2356 2844 prout
2418 2761 2487 2822 in
2548 2757 2725 2823 fonte
2784 2778 2907 2822 suo

512 2866 762 2952 legerat
778 2913 794 2942 ‚
855 2864 1292 2950 habemusque
1347 2865 1614 2931 fortasse
1660 2866 1730 2929 in
1778 2883 1853 2930 ea
1898 2863 2211 2930 scribendi
2256 2866 2683 2930 inconstantia
2730 2863 2907 2928 haud

516 2970 944 3057 spernendum
1015 2969 1462 3038 adiumentum
1532 2971 1613 3036 ad
1682 2973 2020 3055 scriptores
2037 3019 2053 3048 ‚
2136 2971 2369 3056 quibus
2438 2990 2688 3056 quoque
2761 2969 2905 3036 loco

518 3098 676 3144 usus
723 3079 810 3141 sit
828 3125 844 3154 ‚
891 3073 1424 3162 investigandos?

607 3181 704 3248 De
763 3183 882 3248 hac
931 3185 1299 3268 quaestione
1319 3233 1336 3260 ,
1381 3181 1645 3248 levioris
1692 3203 1840 3248 sane
1888 3183 1998 3248 sed
2046 3187 2263 3247 tamen
2306 3203 2434 3248 non
2481 3180 2727 3247 nullius
2776 3203 2909 3248 mo-

517 3291 720 3356 menti
735 3337 753 3367 ,
803 3310 952 3354 cum
999 3310 1104 3355 me
1147 3288 1362 3354 iudice
1403 3295 1574 3354 certo
1613 3287 1947 3354 diiudicari
1986 3291 2188 3374 possit
2205 3339 2222 3366 ,
2262 3310 2391 3354 non
2430 3289 2539 3354 abs
2578 3309 2645 3353 re
2686 3291 2907 3354 visum

517 3403 615 3464 est
631 3445 648 3474 ,
694 3397 916 3481 paucis
963 3399 1328 3480 opinionem
1375 3416 1590 3461 meam
1639 3395 2020 3482 sig-nificare.

607 3501 701 3568 Ut
747 3504 1116 3587 saepissime
1159 3504 1231 3565 in
1273 3523 1341 3567 re
1382 3501 1873 3590 orthographica
1891 3551 1907 3580 ‚
1950 3501 2055 3566 hic
2093 3521 2342 3587 quoque
2378 3499 2697 3566 auxilium
2724 3500 2905 3566 nobis

518 3609 866 3697 petendum
929 3613 1026 3673 est
1087 3628 1165 3672 ex
1221 3606 1562 3694 lapidibus.
1630 3607 1812 3688 Quod
1856 3609 2099 3672 mirum
2146 3609 2205 3672 ei
2250 3606 2547 3671 videatur
2592 3608 2699 3671 cui
2748 3605 2907 3672 forte

520 3718 732 3783 animo
795 3715 1215 3779 obversantur
1273 3715 1768 3801 inscriptionum
1826 3716 2194 3779 testimonia
2254 3733 2291 3778 a
2351 3711 2794 3799 Marquardtio
2839 3715 2905 3776 in

521 3820 868 3888 enchiridio
938 3817 1027 3898 1⁸,
1094 3818 1226 3884 254
1251 3840 1344 3905 sq.
1411 3819 1677 3886 collecta
1696 3868 1712 3897 ,
1778 3841 1902 3905 quo
1946 3819 2084 3884 loco
2132 3819 2209 3884 de
2258 3819 2531 3883 dioecesi
2576 3819 2905 3884 Asturicae

521 3933 588 3994 et
651 3923 1002 3994 Callaeciae
1063 3928 1300 4012 agitur,
1349 3946 1508 4012 quae
1555 3933 1775 4012 postea
1821 3927 2147 4011 provincia
2191 3925 2357 3989 facta
2402 3929 2518 3990 est.
2586 3923 2757 3990 Nam
2816 3923 2903 3988 ibi

528 4051 781 4118 quoque
844 4031 1086 4096 formae
1147 4050 1261 4116 per
1321 4028 1373 4097 G
1435 4036 1499 4096 et
1556 4052 1672 4116 per
1731 4027 1794 4096 G
1852 4030 2141 4096 litteram
2203 4033 2475 4116 scriptae
2538 4052 2665 4095 non
2724 4029 2905 4095 aliter

524 4139 776 4204 variant
823 4141 1014 4222 atque
1061 4139 1128 4200 in
1179 4137 1562 4223 scriptorum
1608 4136 2018 4203 editionibus.
2075 4134 2258 4201 Unde
2305 4139 2503 4202 etiam
2550 4137 2763 4222 mag-is
2808 4135 2903 4201 ad-

529 4246 828 4310 ducimur
871 4249 948 4306 ut
1003 4241 1334 4308 credamus
1389 4251 1731 4329 utramque
1775 4244 2049 4308 formam
2097 4242 2268 4329 apud
2304 4241 2624 4307 Romanos
2671 4245 2741 4306 in
2786 4263 2899 4306 usu

527 4351 742 4416 fuisse.
793 4347 973 4429 Quod
1019 4354 1239 4413 contra
1284 4353 1399 4413 est.
1449 4347 1721 4435 Lapides
1767 4369 1988 4413 omnes
2033 4349 2497 4414 recensebimus
2544 4369 2623 4413 ex
2670 4347 2895 4424 ordine,

529 4455 738 4543 quoad
783 4454 920 4520 fieri
967 4459 1214 4540 potest,
1263 4453 1732 4542 chronologica
