3192 5009
1225 372 1469 419 ’11180111
1478 371 1732 420 merus.
2540 349 2669 415 335

384 535 542 602 Ibid.
609 537 712 601 καὶ
779 537 1084 616 μακρὸν
1133 535 1585 615 ἀνδριάντα
1636 534 1877 616 παίζειν
1926 535 2066 615 πρὸς
2116 534 2219 598 τὸν
2267 536 2485 598 ἑαυτοῦ
2532 531 2673 598 οἰκό-

281 645 517 707 λουθον.
578 643 718 708 Non
787 646 943 708 novi
988 644 1107 709 hoo
1151 642 1291 708 ludi
1337 664 1574 730 genus,
1624 642 1733 707 sed
1778 640 2229 707 verosimiliter
2271 640 2470 706 latere
2515 646 2672 725 puto

278 751 662 817 adverbium
724 755 792 815 in
842 754 1000 816 -ίνδα
1024 799 1040 829 ,
1094 750 1170 816 (18
1217 751 1450 836 quibus
1497 749 1811 816 adverbiis
1858 753 1923 814 et
1968 749 2079 814 alii
2126 755 2397 836 egerunt
2443 755 2507 812 et
2554 744 2671 813 Go-

275 859 476 923 betus
542 857 786 922 Mnem.
859 856 1030 923 1858
1101 879 1162 942 p.
1230 856 1382 922 448.
1470 856 1694 942 Ipsum
1763 856 2142 922 adverbium
2210 876 2337 920 non
2406 873 2669 939 possum

275 969 636 1049 praestare3
704 967 1004 1049 quoniam
1059 970 1277 1028 autem
1326 964 1497 1049 apud
1543 963 1775 1028 Athen.
1824 962 1975 1028 XIV
2026 963 2155 1028 629
2182 959 2233 1028 O
2280 965 2669 1040 μακτρισμὸς

275 1077 663 1136 numeretur
707 1074 874 1136 inter
919 1072 1035 1140 τὰς
1087 1073 1340 1148 γελοίας
1392 1071 1713 1151 ὀρχήσεις,
1756 1073 2041 1158 cogitavi
2081 1071 2159 1136 de
2203 1066 2668 1144 μακτρίνδα

275 1176 553 1258 παίζειν,
617 1176 728 1242 sed
786 1178 902 1242 1100
958 1176 1178 1242 ludere
1233 1189 1348 1242 est.
1405 1176 1609 1242 Paulo
1657 1179 1899 1242 maiore
1946 1198 2096 1242 oum
2142 1175 2463 1241 evidentia
2509 1175 2674 1237 Ana-

275 1303 477 1347 creon
525 1283 846 1348 emendari
893 1285 1128 1368 poterit
1175 1283 1343 1368 apud
1392 1284 1624 1348 Athen.
1666 1283 1730 1348 X
1769 1307 1832 1370 p.
1875 1281 2005 1348 427
2032 1282 2128 1348 D:
2186 1285 2498 1346 Σικελικὸν
2543 1281 2675 1346 κότ-

273 1388 509 1466 ταβον,
573 1393 900 1468 ἀγκύλῃ
947 1389 1260 1470 δαΐζων.
1310 1390 1454 1455 Νο11
1499 1411 1759 1476 prorsus
1806 1390 1960 1454 haec
2006 1389 2337 1477 inteDigO,
2390 1387 2499 1453 sed
2542 1384 2674 1473 pel-

275 1493 464 1559 lucet
510 1497 980 1572 α’γκυλίνδα
1032 1496 1360 1577 παίζων.

383 1598 535 1686 Gap.
587 1600 694 1666 29.
746 1603 1209 1680 Φιλοπονηρίας.

385 1709 489 1773 ἐὰν
537 1708 850 1786 βούληταί
892 1733 984 1779 τις
1033 1710 1116 1778 εἷς
1166 1733 1213 1771 π
1241 1757 1254 1773 .
1285 1757 1299 1773 .
1332 1757 1346 1773 .
1375 1757 1390 1773 .
1440 1708 1698 1774 Lacuna
1744 1716 1841 1774 est
1878 1712 1948 1772 in
1988 1709 2218 1774 codice.
2268 1705 2540 1794 Supple:
2585 1707 2670 1778 εἰς

277 1823 506 1890 πεῖραν
554 1814 766 1879 ἐλθεῖν.

385 1917 536 2006 Cap.
588 1919 696 1985 30.
749 1919 1270 2001 αἰσχροκερδείας.

385 2025 790 2103 ὑποπρίασθαι
857 2029 1045 2106 Φίλου
1107 2015 1414 2096 δοκοῦντος
1481 2029 1797 2104 ἐπιλαβὼν
1862 2029 2231 2093 ἀποδόσθαι·
2294 2031 2387 2093 ita
2435 2027 2673 2092 Ussinx

279 2131 522 2210 edidit,
575 2133 682 2198 sed
727 2155 986 2219 prorsus
1032 2138 1168 2201 sine
1217 2156 1426 2200 sensu.
1475 2135 1667 2202 Forte
1706 2136 1811 2200 1110
1850 2135 2029 2201 100118
2069 2143 2212 2200 111111
2254 2138 2321 2198 111
2362 2135 2672 2198 Parisinis

275 2239 472 2303 libris
539 2242 884 2317 invenitur,
957 2245 1100 2305 tum
1167 2244 1236 2305 in
1297 2240 1461 2307 libro
1523 2241 1833 2306 Palatino.
1896 2241 2039 2306 Illio
2100 2249 2197 2306 est
2259 2241 2669 2316 ὑποπρίασθαι

279 2345 482 2422 φίλου
545 2346 863 2422 ἐπιλαβὼν
927 2348 1299 2426 ἀποδόσθαι,
1363 2347 1604 2414 Romae
1667 2355 1920 2414 autem:
1998 2349 2409 2426 ὑποπρίασθαι
2480 2347 2668 2426 Φίλου

281 2451 600 2522 δοκοῦντος
666 2454 809 2528 πρὸς
873 2455 1092 2532 τρόπου
1155 2455 1514 2520 πωλεῖσθαι.
1579 2453 1920 2534 Quaeritur
1968 2455 2120 2541 quid
2170 2455 2430 2520 tandem
2477 2451 2674 2518 Theo-

281 2557 590 2643 phrastus
660 2559 922 2625 dederit.
1008 2561 1366 2626 Audiamus
1437 2559 1791 2627 Oobetum:
1867 2560 2162 2647 „Duplex
2232 2562 2547 2646 scriptura
2610 2563 2675 2624 et

283 2664 618 2729 emendari
685 2671 895 2750 potest
963 2672 1028 2732 et
1089 2669 1158 2732 in
1217 2689 1425 2732 unum
1487 2670 1783 2752 componi
1846 2669 1969 2732 sio:
2024 2667 2431 2747 ὑποπρίασθαι
2487 2668 2672 2744 φίλου

284 2770 596 2841 δοκοῦντος
648 2773 789 2848 πρὸς
841 2772 1062 2850 τρόπον
1104 2797 1178 2837 τι
1228 2775 1604 2838 ὠνεῖσθαι
1656 2771 1797 2838 εἶτα
1846 2774 2060 2849 λαβὼν
2108 2775 2465 2838 ἀποδόσθαι.
2529 2772 2671 2838 Non

287 2883 485 2964 egent
545 2878 696 2943 haec
756 2881 1138 2965 interpret03
1204 2883 1345 2958 πρὸς
1396 2880 1614 2960 τρόπον
1664 2888 1762 2945 est
1808 2865 2017 2960 δ’ρθῶς,
2068 2888 2306 2957 καλῶς,
2357 2879 2676 2955 προσηκόν-

287 3006 446 3060 τως,
494 2995 568 3048 ut
615 2985 738 3047 ἀπὸ
789 2987 1004 3062 τρόπου
1045 2986 1366 3073 significat
1404 2995 1597 3053 κακῶς
1622 3036 1637 3064 ,
1680 2987 1947 3052 ἀτόπως.
1998 2985 2103 3052 Sic
2144 2993 2209 3052 et
2250 2987 2417 3050 κατὰ
2459 2985 2673 3062 τρόπον

289 3091 660 3174 saepissime
709 3090 958 3156 dicitur.
1017 3091 1264 3177 Ecquid
1311 3099 1528 3158 autem
1576 3097 1830 3178 turpius
1879 3100 1976 3158 est
2022 3101 2087 3158 et
2126 3093 2441 3159 sordidius
2482 3113 2675 3177 quam

291 3197 482 3275 φίλου
525 3196 833 3265 δοκοῦντος
877 3200 1152 3262 ὠνεῖσθαί
1191 3223 1250 3261 τι
1294 3199 1436 3274 πρὸς
1479 3198 1701 3274 τρόπον
1744 3199 2151 3275 unanimam
2202 3195 2343 3262 εἶτα
2384 3197 2673 3274 λαβόντα

294 3299 720 3365 ἁποδόσθαιῖ”
771 3301 949 3382 Quod
997 3301 1272 3370 Gobetus
1320 3308 1657 3369 πωλεῖσθαι
1710 3308 2034 3390 rescripsit
2082 3305 2569 3389 emendavitque
2619 3327 2676 3365 τι

294 3411 605 3485 ὠνεῖσθαι,
669 3413 906 3494 poterit
971 3431 1044 3475 ea
1105 3413 1312 3495 primo
1376 3411 1609 3476 obtutu
1660 3411 1975 3477 medicina
2020 3415 2213 3476 nimis
2262 3411 2542 3476 violenta
2586 3411 2681 3473 vi-

297 3512 463 3590 deri,
513 3514 621 3580 sed
667 3535 794 3578 non
839 3522 936 3579 est
980 3519 1110 3592 ita,
1160 3537 1309 3580 nam
1357 3517 1639 3581 erebrius
1686 3538 1880 3602 quam
1925 3521 2251 3602 putaveris
2305 3519 2571 3580 ὠνεῖσθαι
2614 3523 2679 3581 81

299 3623 634 3684 πωλεῖσθαι
676 3621 1167 3699 confunduntur,
1211 3625 1396 3687 0111118
1434 3627 1526 3688 181
1566 3627 1765 3690 etiam
1804 3624 1974 3709 apud
2006 3623 2311 3689 Flavium
2333 3622 2676 3709 Iosephum

297 3725 671 3811 exemplum
714 3734 830 3791 est.
881 3726 976 3792 De
1015 3727 1279 3812 reliquis
1320 3727 1556 3794 Cobeto
1594 3752 1720 3794 non
1759 3733 2067 3795 assentior
2084 3751 2099 3807 ;
2144 3733 2430 3816 primum
2470 3731 2673 3804 enim,

295 3835 352 3896 si
407 3831 624 3897 locum
673 3839 838 3898 recte
885 3834 1108 3898 fuisset
1155 3837 1613 3920 interpretatus
1635 3884 1650 3913 ,
1700 3839 2131 3921 requireretur
2177 3836 2479 3904 δοκοῦντος
2532 3835 2673 3910 πρὸς

296 3939 519 4016 τρόπου
583 3961 643 4000 τι
707 3939 1070 4016 ὠνήσεσθαι,
1138 3939 1396 4018 deinde,
1463 3947 1776 4026 quantum
1839 3942 2066 4019 videO,
2114 3942 2385 4006 verbum
2435 3942 2678 4020 ὑποπρί-

295 4046 484 4110 ασθαι
532 4065 865 4131 perperam
913 4048 1172 4131 aocepit.
1223 4044 1391 4125 Quid
1437 4045 1653 4112 enim?
1700 4049 2050 4112 secundum
2090 4069 2423 4113 summum
2460 4049 2677 4112 virum

297 4151 707 4224 ὑποπρίασθαι
783 4151 1017 4216 dicitur
1080 4152 1156 4216 de
1217 4173 1289 4216 eo
1357 4153 1462 4238 qui
1526 4155 1686 4238 quod
1746 4154 1881 4238 qui-3
1942 4156 2225 4217 commode
2272 4161 2329 4216 et
2374 4177 2445 4216 ex
2491 4152 2678 4215 animi

292 4256 592 4320 sententia
631 4279 813 4319 emere
840 4264 1032 4338 parat
1069 4259 1210 4320 dato
1252 4258 1473 4322 maiore
1501 4259 1703 4341 pretio
1730 4260 2059 4342 praeripit.
2103 4259 2313 4344 Turpe
2353 4260 2470 4325 hoc
2510 4267 2674 4336 est03

294 4362 408 4428 sed
470 4363 582 4426 ubi
629 4368 726 4426 881
769 4363 837 4425 τὸ
887 4361 1357 4443 αἱσχροκερὸέςῖ
1405 4363 1476 4429 Si
1524 4363 1727 4449 pluris
1776 4369 2041 4443 emeris,
2096 4386 2288 4450 quam
2334 4368 2681 4430 emturien·

297 4475 394 4534 tes
441 4471 566 4554 ipsi
603 4467 846 4535 solvere
886 4473 1090 4556 parati
1129 4471 1390 4536 fuerunt
1409 4520 1424 4547 ,
1465 4472 1827 4556 perieulum
1866 4479 1963 4538 est
2002 4493 2080 4538 ne
2120 4473 2427 4538 damnum
2464 4475 2677 4558 potius
