3192 5009
543 328 673 394 234
1544 345 1893 394 nomnium.

540 518 685 578 ante
746 511 905 591 ὄφρα
926 560 941 588 ,
1005 517 1081 577 ut
1141 509 1427 576 absolute
1489 510 1731 576 dictum
1785 514 1870 576 sit
1915 512 2177 576 studiose
2194 560 2209 589 ,
2259 511 2564 581 alacriter.
2615 510 2922 597 quemad-

536 619 801 683 modum
846 620 1163 693 μεμαότες
1213 629 1253 681 Β
1283 616 1437 695 818,
1490 619 1640 702 quia
1686 618 1968 699 cupiendi
2014 618 2208 684 verba
2251 618 2654 684 infinitivum
2701 626 2918 705 postu-

534 724 672 790 lant
715 746 829 789 nec
875 725 1226 789 admittunt
1272 728 1664 788 structuram
1711 745 1862 789 cum
1907 727 2346 790 coniunctione
2387 723 2582 789 finali.
2634 723 2818 803 Quod
2857 726 2920 789 si

533 834 629 896 ita
696 836 825 908 est,
896 830 1117 896 eadem
1186 831 1487 895 correctio
1558 829 1914 895 adhibenda
1977 835 2074 895 est
2137 840 2186 895 E
2219 829 2370 908 690,
2435 830 2548 895 ubi
2593 830 2663 894 id
2707 830 2918 895 facere

533 935 821 1025 neglexit
865 936 1304 1003 Doederlinus.

629 1150 681 1203 Δ
710 1139 843 1206 473
882 1142 1052 1205 ’Ἔνθ’
1101 1138 1291 1217 ἔβαλ’
1342 1139 1734 1215 Ἀνθεμίωνος
1785 1141 1906 1205 υἱὸν
1954 1140 2351 1217 Τελαμώνιος
2410 1138 2569 1213 Δίας

895 1248 1080 1321 ἠίθεον
1125 1247 1392 1327 θαλερόν,
1444 1248 1810 1325 Σιμοείσιον,
1860 1242 1923 1310 ὅν
1969 1271 2121 1311 ποτε
2171 1246 2372 1328 μήτηρ

885 1352 1118 1426 Ἴδηθεν
1165 1356 1467 1419 κατιοῦσα
1517 1352 1665 1433 παρ’
1713 1350 1957 1436 ὄχθῃσιν
2009 1354 2336 1431 Σιμόεντος

893 1459 1135 1537 γείνατ’
1177 1460 1313 1524 ἐπεί
1348 1462 1424 1541 ῥα
1464 1463 1847 1524 τοκεῦσιν
1887 1457 2005 1536 ἅμ’
2041 1457 2265 1524 ἕσπετο
2305 1466 2482 1535 μῆλα
2525 1457 2866 1524 ἰδέσθαι.

531 1568 592 1631 N
595 1567 743 1631 aber
806 1571 1037 1643 noster,
1100 1568 1283 1631 cuius
1349 1568 1609 1653 ingenio
1680 1572 1744 1631 et
1808 1566 2122 1631 doctrinae
2166 1565 2448 1651 plurima
2496 1566 2682 1631 debet
2730 1568 2918 1630 crisis

532 1672 902 1749 Homerica,
964 1671 1081 1737 hoc
1136 1672 1396 1757 quidem
1456 1670 1593 1737 loco
1658 1672 1823 1736 mihi
1881 1694 2006 1738 non
2052 1674 2368 1757 persuasit
2413 1693 2614 1757 nuper
2661 1671 2914 1736 Mnem.

540 1777 733 1855 1891,
796 1798 943 1864 pag.
1008 1776 1139 1843 298
1201 1780 1522 1863 corrigens
1585 1784 1862 1853 νομεῦσιν
1929 1799 2042 1863 pro
2107 1782 2404 1842 τοκεῦσιν.
2475 1776 2642 1857 Quid
2690 1773 2914 1843 enim?

532 1884 822 1949 Fallorne
890 1905 969 1949 an
1039 1885 1266 1959 νομήων
1336 1883 1495 1949 011111
1558 1889 1727 1961 erat,
1793 1891 1868 1948 ut
1929 1890 2026 1949 est
2085 1884 2307 1962 hodie,
2378 1882 2647 1960 νομεύειν
2690 1884 2914 1969 itaque

531 1996 837 2076 perpetuo
885 1992 1177 2054 comitari
1222 2008 1450 2076 greges
1471 2038 1486 2067 ,
1529 1989 1757 2054 ἰδέσθαι
1797 1995 2016 2055 contra
2053 2011 2521 2075 possessorum,
2567 1991 2680 2075 qui
2719 1992 2916 2055 inter-

534 2095 689 2160 dum
760 2101 1116 2182 spectatum
1174 2099 1469 2173 veniant,
1529 2096 1578 2160 εί
1630 2097 1856 2159 εὐθενεῒ
1899 2094 1981 2159 τοὶ
2031 2094 2330 2169 ποίμνιαῗ
2378 2095 2584 2175 Quare
2633 2100 2914 2159 τοκεῦσιν

532 2204 718 2267 1111100
781 2202 1177 2288 probandum
1239 2224 1373 2268 esse
1433 2202 1722 2267 arbitror.
1787 2200 2022 2267 Filiam
2075 2209 2293 2268 autem
2338 2209 2630 2287 parentes
2676 2223 2914 2290 greges

532 2310 809 2373 visentes
868 2311 1238 2373 comitatam
1299 2330 1432 2374 esse
1496 2308 1659 2373 nihil
1720 2314 1815 2373 est
1873 2309 2041 2395 quod
2088 2312 2418 2375 miremur.
2467 2308 2710 2374 Parum
2755 2330 2913 2373 vero

532 2435 728 2500 grave
776 2419 1231 2499 argumentum
1280 2435 1414 2479 esse
1462 2415 1629 2499 quod
1672 2414 1843 2478 idem
1891 2413 2274 2479 vocabulum
2320 2417 2604 2501 primum
2653 2414 2728 2478 de
2775 2435 2912 2479 ma-

532 2522 649 2583 tris
710 2519 933 2584 deinde
997 2520 1073 2585 de
1137 2518 1425 2584 Simoisii
1469 2520 1838 2605 parentibus
1882 2527 2264 2607 usurpatum
2311 2527 2442 2599 est,
2494 2522 2586 2585 ita
2633 2542 2783 2585 vero
2832 2525 2912 2584 ut

532 2624 694 2691 nihil
739 2627 823 2689 sit
866 2626 935 2689 in
982 2646 1053 2690 ea
1097 2646 1165 2690 re
1214 2626 1465 2690 obscuri
1484 2674 1499 2703 ,
1552 2625 1737 2692 facile
1783 2625 1948 2690 mihi
1993 2630 2130 2711 ipse
2177 2626 2466 2691 Naberus
2513 2624 2830 2691 concedet.

625 2840 834 2908 Δ527
884 2842 984 2907 τὸν
1033 2844 1095 2908 δὲ
1145 2844 1310 2917 Θόας
1363 2843 1633 2914 Αἰτωλὸς
1683 2846 2239 2921 ἐπεσσύμενον
2287 2844 2458 2921 βοὶλε
2509 2846 2684 2923 δουρί.

529 2948 739 3016 Schol.
800 2952 859 3015 A
920 2952 1326 3031 Ἀρίσταρχος
1388 2950 1489 3015 διὰ
1554 2955 1658 3014 τοῦ
1721 2952 1766 3014 α’
1818 2953 2428 3029 ἀπεσσύμενον,
2479 2952 2752 3016 ἀπιόντα
2801 2952 2908 3015 τὸν

532 3059 803 3134 Πείρωα·
872 3058 929 3121 ἒν
991 3058 1051 3121 δὲ
1102 3067 1179 3137 τῇ
1228 3057 1401 3141 ἑτέρᾳ
1450 3061 1518 3139 (1.
1546 3079 1600 3123 e.
1649 3068 1726 3138 τῇ
1778 3058 2033 3139 ὑστέρᾳ,
2083 3061 2150 3122 111
2199 3058 2406 3139 fallor)
2457 3058 2908 3133 ἐπεσσύμε-

530 3186 687 3241 νος,
745 3162 839 3228 ἵνα
891 3160 989 3227 ἐπὶ
1041 3168 1146 3227 τοῦ
1196 3164 1465 3235 Θόαντος
1514 3164 1803 3240 λέγηται.
1856 3162 2158 3235 ἄτοπος
2207 3164 2268 3229 δὲ
2318 3163 2599 3228 τέλεον
2649 3164 2682 3237 ἦ
2730 3172 2908 3241 φερο-

529 3271 680 3343 μένη
730 3268 1308 3343 ἐπεσσύμενον.
1370 3269 1487 3333 Est
1534 3277 1752 3334 autem
1801 3290 1874 3334 ea
1921 3268 2106 3335 lectio
2153 3269 2466 3355 hodieque
2511 3271 2582 3333 in
2626 3267 2909 3334 meliori·

530 3376 647 3440 bus
715 3374 927 3452 libris,
1001 3377 1197 3439 etiam
1263 3375 1331 3436 in
1397 3394 1641 3459 papyro
1691 3373 1862 3438 Mus.
1915 3374 2076 3439 Brit.
2128 3372 2460 3441 CXXXVI
2505 3394 2686 3439 verso
2737 3378 2904 3439 teste

529 3481 836 3567 Kenyone
905 3501 1053 3565 pag.
1120 3477 1225 3544 97.
1310 3478 1442 3543 Nec
1524 3480 1690 3544 mihi
1771 3478 1954 3547 valde
2024 3479 2261 3567 placet,
2329 3481 2481 3547 licet
2550 3501 2678 3546 non
2749 3502 2901 3545 cum

529 3587 893 3651 Aristarcho
956 3584 1176 3657 τελέως
1240 3582 1466 3647 ἄτοπον
1528 3591 1642 3649 aut
1687 3608 1834 3651 cum
1882 3588 2226 3653 editoribus
2272 3588 2532 3652 Batavis
2581 3588 2900 3650 absurdam

528 3694 912 3758 vocaverim.
960 3690 1190 3755 Pirous
1236 3689 1555 3755 Thracum
1604 3691 1732 3757 dux
1778 3692 2037 3757 Diorem
2077 3691 2398 3760 Graecum
2435 3696 2685 3759 eminus
2720 3690 2900 3757 letali

527 3798 786 3866 volnere
847 3804 1189 3875 straverat,
1255 3796 1546 3882 deinceps
1611 3798 1946 3873 ἐπέδραμεν
2008 3804 2071 3863 et
2131 3803 2417 3863 cominus
2477 3800 2696 3863 hastae
2761 3801 2898 3862 ictu

528 3905 825 3979 confecit,
912 3910 1056 3966 tum
1136 3904 1505 3987 supervenit
1572 3902 1780 3969 Thoas
1851 3904 2111 3969 Aetolus
2177 3908 2518 3992 ipsumque
2587 3907 2898 3969 victorem

528 4009 821 4075 trucidat.
862 4008 1000 4073 lam
1047 4007 1457 4082 ἐπεσσύμενον
1495 4031 1620 4074 11011
1657 4030 1803 4073 sane
1843 4014 2051 4094 potest
2089 4010 2444 4096 significare
2485 4010 2804 4073 irruentem
2829 4008 2897 4071 in

526 4115 769 4179 Diorem
790 4164 805 4191 ,
847 4116 994 4199 quia
1032 4116 1125 4178 ita
1162 4114 1314 4178 huic
1352 4135 1593 4179 novum
1630 4113 1794 4178 illud
1833 4113 2060 4179 volnus
2098 4115 2387 4202 infligere
2409 4138 2535 4181 non
2559 4117 2894 4202 potuisset,

527 4222 635 4286 sed
680 4241 805 4285 non
850 4217 1036 4303 plane
1083 4218 1340 4283 exclusa
1386 4226 1480 4282 cst
1526 4219 1679 4284 haec
1724 4221 2199 4305 interpretatio:
2239 4223 2394 4285 hunc
2426 4222 2615 4286 Thoas
2648 4220 2896 4286 Aetolus

526 4328 847 4389 irruentem
906 4327 1000 4403 (in
1045 4344 1110 4389 se
1156 4326 1371 4413 ipsum
1420 4330 1532 4404 sc.)
1578 4325 1754 4388 hasta
1786 4326 2103 4407 percu-veit.
2169 4326 2395 4393 Paullo
2442 4335 2658 4393 tamen
2705 4325 2900 4391 artifi-

526 4435 854 4499 ciosiorem
922 4452 1054 4495 esse
1123 4429 1387 4495 concedo
1408 4478 1423 4507 ,
1494 4432 1709 4517 itaque
1769 4432 2032 4497 fortasse
2093 4434 2495 4518 praeferenda
2555 4441 2649 4498 est
2696 4432 2896 4498 altera
