3192 5009
456 195 544 263 24
1489 213 1801 265 memus.

454 381 741 460 dextra'’,
805 400 1001 468 quam
1061 402 1145 447 sc.
1209 382 1330 447 tibi
1377 402 1504 445 non
1549 386 1919 467 porrexerat
1964 380 2213 449 Marius
2259 388 2567 468 tanquam
2613 380 2842 447 salutis

466 490 721 575 pignus.
792 487 1184 553 Plutarchus
1251 486 1421 553 Mar.
1489 486 1576 552 43
1650 488 1717 553 ἐκ
1786 487 1847 553 δὲ
1920 490 2135 554 τούτου
2202 490 2605 571 (Φονεύουσιν)
2676 484 2845 558 ὅσους

461 594 941 673 ἀσπασαμένους
1011 597 1099 675 μὴ
1148 594 1658 676 προσαγορεύσειε
1698 595 1852 672 μηδὲ
1902 596 2387 661 &uraca-dextro
2436 597 2490 676 (ὁ
2539 594 2801 675 Μοίριος)
2827 646 2847 680 ,

453 706 632 767 τοῦτο
693 701 806 783 (δ’)
871 701 1024 766 αὐτὸ
1098 701 1414 780 σύμβολον
1479 698 1548 775 ἦν
1610 700 2049 783 ἀποσφάττειν
2112 704 2285 775 εὐθὺς
2351 704 2409 766 ἐν
2477 710 2617 775 ταῖς
2667 702 2839 773 ὁδοῖς.

451 809 676 875 Florus
701 808 816 873 ΙΠ.
845 807 952 874 21.
986 808 1068 873 16
1109 809 1465 874 Ancharius
1492 846 1577 857 -
1606 809 1929 874 confossus
1969 815 2066 874 est
2082 859 2097 887 ,
2145 812 2295 895 quia
2338 808 2600 875 fatalem
2646 812 2841 875 istam

454 916 695 981 scilicet
765 936 1033 981 manum
1092 914 1395 996 (Marius)
1457 936 1583 979 non
1645 921 2011 1000 porrexerat
2068 914 2438 981 salutanti.”
2502 915 2603 980 Ita
2649 919 2760 1001 qui
2806 935 2843 979 a

452 1022 662 1088 Mario
727 1043 855 1087 non
917 1021 1251 1087 resalutati
1315 1027 1493 1086 erant
1510 1070 1526 1099 ,
1580 1025 1805 1086 statim
1850 1024 1919 1085 in
1966 1024 2073 1087 via
2119 1022 2623 1100 trucidabantur,
2674 1022 2843 1108 quod

452 1152 577 1194 non
626 1132 922 1194 convenit
968 1150 1119 1193 cum
1168 1128 1355 1193 caede
1393 1131 1461 1192 in
1499 1126 1726 1193 Vestae
1771 1131 2040 1193 sacrario
2083 1132 2447 1207 commissa,
2490 1129 2841 1194 secundum

451 1236 719 1301 Florum
762 1239 873 1321 qui
910 1234 1026 1299 III.
1069 1234 1175 1299 21.
1207 1234 1290 1300 21
1335 1234 1413 1300 de
1452 1234 1793 1301 Scaevolae
1820 1234 2205 1301 salutatione
2227 1236 2410 1301 nihil.
2461 1236 2844 1301 Exsecratur

453 1343 749 1407 Lucanus
795 1363 903 1408 eos
947 1344 1058 1427 qui
1105 1341 1323 1407 oscula
1368 1341 1655 1427 pollutae
1704 1341 1901 1407 Marii
1948 1342 2205 1409 dextrae
2254 1342 2523 1408 fixerant
2572 1364 2634 1407 v.
2690 1341 2840 1419 114,

455 1448 604 1515 cum
667 1471 792 1535 quo
858 1452 1157 1514 convenit
1213 1449 1482 1530 neqleetec
1538 1448 1814 1514 violatae
1863 1448 2119 1514 dextrae
2139 1498 2154 1526 ,
2206 1470 2253 1515 s.
2306 1449 2590 1535 pollutae
2608 1499 2624 1526 ,
2677 1449 2843 1535 quod

453 1555 758 1621 Scaevola
802 1578 928 1620 non
973 1554 1215 1621 solebat
1261 1575 1529 1619 manum
1567 1561 1897 1619 cruentam
1937 1554 2229 1621 osculari.
2258 1556 2535 1621 Weisius
2554 1605 2571 1633 ,
2611 1556 2669 1618 V
2662 1563 2839 1633 escae,

451 1666 665 1749 inquit
683 1712 699 1739 ,
746 1665 816 1726 in
863 1662 1248 1747 quibusdam
1293 1661 1468 1726 codd.
1519 1661 1655 1747 leg-i
1702 1662 1954 1727 dicitur.
2005 1661 2149 1727 Non
2198 1668 2293 1727 est
2338 1684 2507 1727 nunc
2556 1662 2726 1748 quod
2766 1662 2842 1727 de

455 1790 529 1836 ea
585 1790 651 1833 re
701 1767 1031 1834 dubitetur
1047 1789 1064 1845 ;
1113 1768 1311 1832 Ashb.
1353 1788 1392 1833 a
1442 1767 1510 1832 1⁸
1554 1789 1753 1832 manu
1800 1774 1943 1853 post
1990 1789 2277 1833 rasuram
2331 1768 2365 1832 1
2416 1769 2543 1833 fere
2588 1768 2842 1834 litterae

462 1876 636 1955 (fort.
685 1880 832 1940 ante
878 1874 1089 1940 fuerat
1132 1874 1460 1955 scaevolae)
1508 1875 1700 1940 habet
1744 1882 1901 1937 veste
1918 1922 1934 1953 ‚
1982 1895 2070 1938 m.
2121 1873 2162 1939 2
2208 1877 2277 1939 111
2323 1895 2533 1961 marg.
2576 1877 2843 1939 dextrae.

455 1981 628 2047 Illud
691 1990 847 2046 veste
911 2003 1037 2047 non
1095 1980 1497 2046 intellectum
1559 1980 1744 2045 alteri
1804 1979 2067 2047 lectioni
2128 2002 2348 2047 ansam
2396 1981 2570 2047 dedit
2586 2031 2603 2059 ,
2651 1984 2846 2067 inque

458 2110 530 2155 eo
571 2111 721 2154 cum
761 2087 1051 2155 Bentleio
1093 2086 1621 2174 acquesciendum
1654 2086 1945 2151 videtur:
1979 2086 2277 2173 neglectu
2298 2087 2571 2153 violatae
2595 2087 2843 2166 Vestae,

460 2200 504 2261 i.
534 2218 587 2261 e.
637 2195 802 2261 nihil
849 2200 1144 2261 curantes
1194 2214 1260 2259 se
1309 2193 1572 2258 Vestam
1617 2191 1878 2257 violare.

552 2401 633 2466 H.
691 2398 841 2466 165.
890 2400 953 2466 N
954 2422 1022 2464 ec
1071 2397 1338 2466 Graecia
1383 2418 1672 2464 moerens
1714 2399 1725 2483 Ι
1766 2404 1851 2461 tot
1895 2396 2135 2463 laceros
2178 2404 2353 2463 artus
2392 2399 2620 2465 Pisaea
2668 2400 2848 2466 flevit

455 2513 526 2574 in
573 2507 763 2573 aula''
812 2507 1007 2571 Ashb.
1062 2527 1211 2570 cum
1259 2504 1677 2570 deterioribus
1726 2504 2109 2589 quibusdam
2158 2525 2271 2589 pro
2320 2512 2405 2567 tot
2449 2505 2642 2571 habet
2688 2514 2808 2569 tam
2829 2556 2845 2585 ‚

457 2620 676 2681 contra
724 2615 1107 2680 sententiam
1125 2661 1142 2689 ‚
1183 2618 1362 2698 puto.
1415 2609 1747 2698 Cogitavit
1786 2616 1974 2696 poeta
2012 2612 2251 2689 turbas,
2290 2610 2509 2697 quales
2550 2612 2849 2679 describit

460 2718 808 2806 Sophocles
857 2718 956 2783 El.
1011 2716 1162 2795 724,
1189 2739 1327 2803 sqq.

551 2825 735 2890 Ponti
781 2846 876 2892 vs.
932 2823 1060 2889 189
1110 2823 1635 2910 supplementum
1673 2826 1970 2909 ineptum
2010 2830 2106 2889 est
2143 2845 2258 2909 pro
2301 2824 2609 2890 vocabulo
2649 2826 2849 2889 &unci

460 2935 622 3000 forte
669 2935 924 2999 omisso.

495 3052 500 3057 ’
550 3039 762 3104 Hostis
806 3060 922 3125 pro
969 3038 1162 3102 hastis
1180 3087 1196 3115 ,
1247 3038 1420 3101 clade
1464 3059 1576 3125 pro
1625 3040 1801 3102 caede
1848 3038 1953 3118 (de
1994 3059 2120 3102 uno
2162 3038 2419 3103 homine
2461 3060 2667 3104 sermo
2703 3044 2845 3118 est),

449 3149 709 3231 perdere
753 3166 866 3231 pro
901 3146 1171 3227 pendere
1209 3166 1275 3211 v.
1318 3143 1450 3209 310
1476 3166 1611 3230 sqq.
1654 3150 1804 3209 sunt
1840 3146 2198 3211 festinantis
2239 3151 2303 3209 et
2340 3168 2570 3231 parum
2596 3148 2849 3211 attenti.

461 3252 670 3317 Bonas
713 3250 1019 3316 lectiones
1065 3249 1160 3314 M.
1211 3253 1278 3314 in
1327 3272 1549 3315 rasura
1593 3251 1807 3315 habet.
1877 3250 2242 3337 „Quidquid
2289 3251 2563 3317 Romani
2606 3273 2851 3319 merue-

461 3363 612 3423 runt
660 3380 896 3421 cernere
941 3356 1194 3420 mortes”
1243 3378 1358 3442 pro
1388 3358 1659 3439 pendere
1704 3379 1891 3421 mores
1936 3363 2033 3421 est
2078 3356 2482 3443 interpolatio
2537 3358 2848 3423 secundae

462 3485 690 3529 manus
752 3466 823 3527 in
869 3465 1160 3550 margine
1179 3512 1195 3539 ,
1244 3466 1384 3549 ipsa
1431 3484 1681 3548 quoque
1728 3470 2026 3550 corrupta
2072 3485 2186 3529 ex:
2236 3488 2472 3529 eernere
2515 3488 2733 3543 mores,
2782 3469 2852 3531 in

464 3595 588 3659 quo
648 3594 883 3635 cernere
946 3593 1059 3657 pro
1120 3570 1438 3656 adspicere
1460 3620 1476 3649 ,
1524 3573 1661 3655 pati
1685 3596 1767 3621 =
1789 3592 2197 3657 quascunque
2242 3571 2513 3637 Romani
2556 3595 2671 3659 pro
2720 3576 2851 3639 suis

462 3679 654 3745 malis
703 3680 990 3744 moribus
1037 3698 1270 3763 poenas
1319 3677 1531 3742 subire
1576 3677 1805 3742 debent
1853 3676 2155 3758 (ἐπιδεῖν).
2207 3678 2551 3745 Manifesto
2598 3703 2722 3745 non
2759 3683 2848 3745 in-

463 3786 801 3852 tellexerat
849 3783 1262 3871 interpolator
1295 3786 1583 3867 pendere.

553 4004 671 4068 ΙΠ.
721 4003 762 4069 2
811 4026 1038 4069 verum
1087 4010 1273 4089 puto:
1345 4004 1800 4090 „mediumque
1865 4010 2032 4069 rates
2096 4011 2333 4069 tenuere
2380 4007 2768 4093 profundum
2786 4008 2848 4086 ,'’

466 4109 758 4176 oblatum
819 4112 897 4176 ab
959 4112 1035 4175 A.
1095 4133 1182 4175 m.
1235 4110 1277 4176 2
1324 4109 1483 4175 Vere
1532 4111 1824 4176 observat
1874 4109 2282 4176 Burmannus
2329 4116 2541 4199 aptius
2590 4134 2725 4178 esse
2774 4121 2854 4178 te-

465 4240 664 4294 nuere,
714 4216 883 4302 quod
930 4216 1007 4281 de
1053 4219 1322 4283 navibus
1371 4222 1562 4282 vento
1607 4220 1800 4283 motis
1850 4224 2115 4304 agatur:
2165 4217 2452 4304 propulit
2490 4226 2565 4283 ut
2588 4218 2855 4285 classem

465 4326 717 4389 Auster.
789 4320 1024 4389 Contra
1087 4324 1201 4389 ubi
1246 4324 1323 4388 de
1372 4326 1565 4389 remis
1614 4345 1822 4390 sermo
1870 4331 1999 4406 est,
2049 4328 2104 4389 si
2153 4328 2326 4411 optio
2378 4325 2585 4403 datur,
2633 4348 2857 4391 movere
