3192 5009
1233 248 1534 299 rum-us.
2488 226 2573 295 47

241 439 289 501 p.
332 414 442 481 144
465 424 606 503 sq.)‚
670 438 823 483 cum
887 423 1042 495 „aut
1089 415 1288 482 adeo'’
1339 417 1536 482 semel
1587 420 1844 481 tantum
1888 418 1957 479 in
2004 415 2236 491 Plauto
2285 420 2573 481 occurrat

241 522 404 601 (Men.
448 522 626 604 826).
693 522 892 589 Mitto
955 523 1398 611 gradationem
1416 572 1432 601 ,
1481 543 1677 609 quam
1722 521 2165 587 Lachmannus
2212 524 2576 587 coniectura

243 628 414 695 Sosiae
449 633 720 696 orationi
756 630 980 695 intulit
996 680 1013 709 ‚
1056 630 1228 695 haud
1266 629 1449 695 facile
1488 632 1792 714 concoqui
1830 649 2032 714 posse.
2078 625 2357 694 Ournam
2382 628 2581 692 dicere

241 758 384 802 servo
425 739 686 823 gravius
731 744 923 823 atque
969 737 1123 803 adeo
1170 735 1547 801 laboriosius
1597 735 1860 800 videtur
1909 755 2041 800 esse
2088 756 2281 821 quam
2314 730 2580 820 facere?

239 842 336 907 Sed
393 842 678 929 pluribus
747 844 1126 929 redarguere
1197 864 1322 907 non
1383 862 1542 928 opus
1610 847 1743 921 est;
1805 844 2023 927 ipsum
2084 847 2367 906 metrum
2414 841 2575 906 hanc

238 952 624 1015 coniecturam
671 952 934 1035 respuit.

305 1158 392 1225 ΙΙ.
448 1162 936 1250 Amphitryonis
988 1181 1208 1227 versus
1248 1158 1381 1226 550
1405 1182 1495 1246 sq.
1538 1160 1838 1226 mendose
1876 1160 2143 1225 traditos
2196 1158 2393 1225 multi
2439 1166 2571 1225 ten·
2593 1174 2764 1240 Amph.
2786 1176 2965 1241 ποις.

237 1275 510 1333 taverunt.
557 1268 646 1334 Et
691 1276 788 1335 est
824 1267 1000 1334 locus
1041 1267 1489 1335 conclamatus.
1531 1266 1689 1333 Vide
1733 1288 1875 1332 ann.
1916 1268 2055 1332 crit.
2092 1268 2159 1331 in
2198 1266 2294 1331 ed.
2321 1263 2571 1333 Goetzii

233 1379 284 1436 et
331 1372 580 1439 Loewii.
653 1374 793 1463 Ego
860 1395 1020 1460 quae
1081 1373 1334 1440 medela
1393 1376 1706 1459 cogitanti
1756 1374 2026 1437 subnata
2072 1378 2169 1439 est
2186 1421 2203 1450 ,
2250 1394 2325 1437 eo
2369 1371 2570 1438 liben-

235 1482 338 1544 tius
389 1484 452 1545 in
509 1480 804 1546 medinm
861 1480 1111 1567 profero
1130 1530 1147 1559 ,
1211 1481 1378 1568 quod
1439 1479 1798 1566 corruptela
1854 1482 1945 1545 sic
1988 1478 2222 1544 melius
2269 1478 2573 1563 explicari

231 1585 466 1652 videtur.
515 1584 690 1655 Cum
738 1591 912 1654 enim
959 1587 1107 1653 libri
1152 1608 1306 1652 mss.
1355 1588 1697 1673 praebeant

463 1700 632 1757 tanto
677 1694 911 1758 brevior
956 1694 1086 1757 dieo
1131 1700 1198 1757 ut
1227 1696 1357 1777 fiat
1386 1693 1635 1780 faciam
1678 1700 1747 1756 ut
1792 1714 1975 1777 aeque
2018 1692 2290 1774 ἄφατοί

463 1806 522 1863 et
565 1800 696 1863 dice
743 1822 774 1864 e
819 1807 986 1864 nocte
1031 1802 1274 1864 accedat

229 1900 544 1990 legendum
588 1926 812 1972 censeo

469 2019 638 2075 tanto
686 2011 918 2075 brevior
963 2012 1094 2075 dies
1135 2014 1362 2095 utfiat
1391 2011 1674 2097 faciam,
1722 2018 1791 2074 ut
1834 2032 2017 2095 aeque
2062 2010 2401 2092 dispari

464 2117 760 2200 dispar
805 2117 980 2181 dies
1023 2117 1239 2181 nocti
1283 2120 1685 2181 succedat.

229 2221 454 2305 hispan·
498 2226 570 2287 in
613 2222 739 2288 fine
785 2244 1006 2289 versus
1047 2221 1178 2288 550
1218 2226 1307 2288 sic
1349 2226 1664 2308 scriptum
1698 2239 1991 2287 msPARm
2027 2224 2096 2285 in
2133 2222 2406 2305 disparet
2428 2241 2577 2287 cum

229 2328 376 2395 facile
420 2330 596 2395 abire
641 2336 886 2417 posset,
927 2330 1176 2394 aditum
1222 2328 1397 2394 dedit
1436 2331 1596 2395 vitio
1614 2377 1630 2407 ,
1675 2328 1845 2414 quod
1884 2327 2107 2392 deinde
2129 2326 2324 2393 latius
2349 2331 2578 2414 serpsit

227 2434 390 2501 altero
425 2436 544 2503 fflo
589 2434 910 2523 „dispar’'‚
949 2438 1132 2521 quasi
1169 2457 1282 2521 per
1308 2436 1811 2521 dittographiam
1836 2436 2121 2520 positum
2144 2440 2329 2512 esset,
2357 2437 2577 2501 eiecto.

293 2646 424 2713 111.
491 2648 766 2715 Versum
831 2648 1044 2714 16811111
1098 2650 1428 2715 Asinariae
1489 2648 1631 2714 leve
1679 2648 1988 2713 mendum
2032 2650 2346 2734 inquinat.
2412 2647 2581 2713 Nam
2618 2674 2838 2726 Anium.
2858 2676 2972 2726 168.

225 2756 454 2820 initium
507 2755 700 2821 huius
749 2775 972 2821 versus
991 2804 1008 2834 ‚
1057 2754 1242 2841 quale
1289 2758 1358 2819 in
1402 2755 1583 2819 libris
1633 2776 1785 2819 mss.
1835 2755 2173 2819 exhibetur
2218 2756 2385 2818 modo
2424 2756 2585 2839 quod

225 2860 495 2942 accepisti,
540 2861 620 2927 ad
655 2860 970 2947 reliquam
1007 2863 1390 2927 sententiam
1413 2882 1540 2925 non
1566 2860 1851 2945 quadrat.
1906 2859 2126 2925 Solent
2150 2866 2369 2925 autem
2396 2859 2579 2927 edere

225 2967 360 3029 nodo
415 2988 588 3052 quom
649 2966 934 3049 accepisti
995 2988 1074 3033 ex
1121 2975 1336 3032 vetere
1385 2968 1769 3031 correctione
1816 2968 1971 3030 satis
2020 2968 2301 3052 speciosa
2316 3015 2334 3044 ,
2384 2987 2581 3051 quam

225 3075 408 3136 tamen
469 3070 702 3137 falsam
760 3072 989 3138 iudico,
1053 3072 1288 3138 Manus
1351 3078 1574 3159 poetae
1622 3071 1979 3150 reducetur,
2028 3075 2083 3137 si
2129 3093 2243 3157 pro
2291 3075 2449 3157 quod
2492 3094 2585 3138 re-

228 3197 388 3259 pones
423 3179 639 3263 quid.
687 3177 1049 3265 Utrumque
1081 3186 1158 3244 ut
1183 3178 1530 3255 ostendam,
1558 3198 1781 3243 versus
1812 3175 2167 3244 167—170
2190 3179 2577 3244 exscribam:

299 3283 484 3353 ABG.
531 3284 703 3365 Quid
747 3286 984 3351 modist
1032 3286 1237 3351 dando
1282 3283 1476 3350 nam?
1532 3305 1861 3371 nunquam
1912 3290 1986 3349 tu
2032 3284 2291 3370 quidem
2342 3285 2584 3372 expleri

535 3496 734 3563 Modo
795 3498 946 3583 quid
1004 3500 1302 3583 accepisti
1317 3544 1336 3576 ,
1401 3497 1575 3562 haud
1633 3496 1845 3562 multo
1906 3503 2051 3583 post
2110 3495 2352 3582 aliquid
2382 3398 2583 3584 Ρὲιξίῗὶ

2111 3622 2329 3688 poscas
2376 3624 2578 3689 paras.

363 3706 484 3777 GL.
533 3708 704 3790 Quid
765 3709 1001 3775 modist
1073 3709 1385 3776 <luctando
1453 3705 1765 3774 amando?
1835 3729 2269 3794 numquamne
2338 3709 2581 3796 expleri

2366 3813 2585 3903 potes?

535 3920 734 3987 Modo
780 3924 1122 4001 remisisti,
1161 3924 1461 3988 continuo
1502 3923 1636 3985 iam
1676 3925 1754 3985 ut
1792 3923 2121 3985 remittam
2159 3921 2238 3986 ad
2278 3928 2342 3987 te
2366 3942 2581 4009 rogas.

231 4022 374 4091 laena
410 4031 712 4095 amatoris
759 4028 1084 4115 querelam
1123 4028 1352 4094 festive
1392 4028 1755 4107 παρῳδοῢσα
1794 4027 1989 4093 huius
2025 4027 2324 4113 loquendi
2346 4028 2582 4095 formu-

233 4130 306 4196 las
365 4135 702 4224 dilig-enter
761 4142 1008 4213 servat,
1065 4157 1339 4221 cumque
1403 4157 1495 4201 vs.
1551 4132 1681 4201 170
1746 4135 2083 4207 ἀσυνδέτως
2135 4133 2305 4200 dicat
2354 4136 2585 4214 „modo

233 4242 570 4321 remisisti”‚
616 4242 730 4309 ille
776 4264 1025 4329 quoque
1072 4264 1165 4308 vs.
1215 4241 1341 4307 168
1381 4240 1683 4307 similiter
1721 4243 2164 4307 coniunctione
2205 4243 2585 4309 abstinuerit

234 4364 448 4413 necesse
507 4356 626 4414 est.
689 4348 895 4429 Quare
957 4370 1159 4435 neque
1219 4349 1378 4434 quod
1418 4370 1624 4434 neque
1674 4369 1843 4433 quom
1891 4369 2119 4414 verum
2167 4370 2304 4415 esse
2350 4355 2580 4435 potest.
