3192 5009
1217 275 1523 323 rnAtrrus.
2522 251 2609 317 43

507 446 670 528 [ipse
720 442 1017 507 dominus
1063 440 1240 506 dives
1285 443 1489 527 operis
1536 446 1601 506 et
1644 440 1877 505 laboris
1921 444 2172 526 expers]

505 548 784 635 quidque
812 545 836 583 ⁸
880 548 1125 613 1161111111
1172 547 1390 612 lubere
1415 552 1440 591 ⁴
1487 546 1717 612 accidit
1759 568 1942 632 posse
1988 546 2183 623 retur,

506 658 805 741 [aequom
851 675 986 721 esse
1033 660 1221 739 putat
1238 703 1253 732 ,
1305 676 1430 719 non
1475 659 1733 740 reputat
1776 652 2011 719 laboris
2056 654 2210 739 quid
2256 656 2389 737 sit.]

259 760 582 827 Schoellius
630 766 851 828 autem
867 810 884 838 ,
933 764 1163 826 tertius
1209 762 1277 824 in
1325 762 1625 825 societate
1642 808 1659 836 ,
1702 779 1739 824 a
1778 762 1963 825 sociis
1999 758 2261 845 reliquis
2305 758 2612 824 hactenus

259 868 527 934 dissentit
589 874 666 933 ut
727 889 822 933 vs.
878 862 1006 933 170
1063 866 1196 949 ipse
1259 866 1531 930 dominus
1592 873 1709 931 etc.
1777 864 2010 932 Plauto
2055 866 2337 931 vindicet
2353 915 2370 943 ,
2418 886 2611 951 quem

260 996 391 1039 cum
434 977 721 1059 sequenti
767 976 858 1038 sic
901 974 1206 1037 informat

501 1080 682 1167 ipsus
707 1084 798 1128 ⁸³⁸
845 1080 1022 1145 dives
1068 1080 1274 1166 operis
1319 1083 1386 1144 et
1431 1079 1653 1165 expers
1696 1077 1929 1143 laboris
1954 1077 1979 1113 ⁷

505 1187 788 1273 quidque
835 1186 1035 1251 animi
1063 1184 1088 1222 ⁸
1133 1187 1256 1265 (vel
1293 1186 1534 1263 animo)
1577 1184 1798 1250 lubere
1846 1184 2074 1250 accidit
2117 1205 2300 1270 posse
2346 1184 2526 1249 retur

259 1314 368 1379 quo
426 1293 592 1358 facto
637 1290 933 1358 codicum
977 1291 1281 1358 lectiones
1325 1296 1394 1357 in
1458 1311 1714 1362 summa
1774 1291 1953 1355 octies
1994 1290 2409 1376 repudiantur
2454 1289 2610 1370 (vid.

259 1400 340 1464 ed.
385 1396 604 1465 Goetz.
657 1404 722 1464 et
767 1398 1007 1463 Loewii
1052 1399 1244 1483 praef.
1292 1421 1354 1484 p.
1403 1404 1542 1478 m).

334 1503 547 1589 Nuper
627 1502 700 1567 F.
771 1503 899 1569 Leo
980 1506 1050 1567 in
1109 1524 1225 1569 sua
1284 1502 1734 1569 Plautinarum
1793 1501 2158 1567 fabularum
2216 1503 2574 1567 recensione
2595 1549 2611 1579 ,

259 1631 400 1695 quae
446 1610 618 1696 apud
681 1608 1130 1675 Weidmannos
1191 1610 1442 1695 prodire
1504 1612 1713 1694 coepit
1760 1606 1913 1687 (vol.
1962 1607 2013 1684 Ι,
2064 1606 2269 1673 adhuc
2314 1609 2581 1671 unicum
2599 1655 2616 1684 ‚

259 1720 516 1783 continet
564 1716 1102 1802 Amphitryonem
1121 1764 1138 1793 ,
1179 1716 1539 1780 Asinariam
1559 1764 1574 1791 ,
1616 1712 2019 1779 Aululariam
2037 1761 2053 1790 ,
2096 1712 2465 1790 Bacchides)
2503 1712 2619 1776 hos

259 1845 458 1888 versus
475 1873 492 1901 ,
541 1822 619 1887 de
666 1822 898 1907 quibus
945 1824 1198 1905 agimus
1218 1870 1233 1897 ,
1282 1823 1376 1887 ita
1412 1823 1745 1886 constituit
1784 1826 1858 1884 ut
1901 1819 2107 1896 „binis
2142 1818 2431 1883 baccheis
2468 1838 2616 1883 cum

258 1930 468 1994 iambis
513 1932 585 2009 (i.
613 1950 667 1994 e.
718 1931 1153 2006 anacreonteo)
1199 1926 1476 1992 iunctis'’
1531 1932 1890 1991 constarent
1932 1927 2003 1989 in
2048 1925 2218 1989 hunc
2262 1924 2530 1989 modum

505 2034 725 2101 noctes
774 2032 942 2119 quod
967 2032 990 2073 1
1039 2032 1296 2117 diesque
1343 2031 1676 2114 881181ᾶ116
1721 2032 1877 2097 satis
1926 2029 2301 2117 superquest
2319 2079 2336 2107 ,

506 2139 676 2226 quod
701 2138 728 2179 ³
775 2137 940 2204 fficto
987 2146 1099 2203 aut
1148 2137 1315 2204 dicto
1363 2138 1583 2203 adeost
1612 2135 1689 2221 311
1718 2137 1875 2222 opus
1924 2136 2177 2221 quietus
2223 2136 2301 2201 ne
2350 2138 2457 2200 sis.

505 2247 684 2333 ipsus
711 2250 734 2283 ⁴
787 2245 1082 2311 dominus
1131 2245 1308 2311 dives
1355 2266 1391 2309 o
1420 2248 1444 2329 ΙΙ
1473 2248 1640 2330 peris
1688 2244 1753 2309 et
1799 2243 2035 2309 laboris
2080 2242 2301 2327 expers

510 2353 958 2439 quodcumque
1005 2352 1257 2417 homini
1301 2351 1531 2417 accidit
1575 2349 1795 2417 lubere
1840 2370 2023 2436 posse
2070 2353 2277 2413 retur:

509 2480 644 2525 esse
668 2461 693 2497 ⁵
743 2458 1015 2543 aequom
1057 2456 1247 2543 putat
1293 2479 1419 2522 non
1447 2464 1472 2545 ΙΙ
1498 2456 1758 2543 reputat
1803 2455 2037 2521 laboris
2084 2454 2238 2539 quid
2284 2456 2389 2518 sit.

259 2567 451 2652 Atque
521 2566 626 2630 hic
685 2564 990 2629 traditam
1048 2563 1388 2630 lectionem
1447 2566 1642 2628 metri
1704 2582 1893 2627 causa
1939 2560 2252 2645 quinquies
2295 2560 2579 2623 mutavit
2599 2607 2615 2637 ,

257 2680 491 2737 sextam
557 2672 988 2735 coniecturam
1007 2718 1022 2745 ‚
1096 2690 1256 2754 quae
1320 2689 1580 2734 versum
1644 2673 1946 2753 quartum
2006 2669 2087 2731 iis
2134 2667 2418 2730 numeris
2464 2684 2621 2749 quos

255 2778 373 2863 ipse
418 2778 670 2842 invenit
711 2776 1212 2841 accommodaret
1233 2824 1247 2851 ,
1294 2778 1363 2839 in
1411 2780 1665 2839 textum
1712 2776 1990 2859 recipere
2029 2775 2273 2837 veritus
2312 2778 2429 2835 est.
2480 2769 2621 2834 Nisi

259 2887 412 2949 enim
457 2905 574 2969 pro
621 2882 846 2946 accidit
890 2881 1066 2968 legas
1112 2881 1434 2959 acciderit,
1485 2882 1787 2945 metricae
1832 2881 2106 2943 rationes
2146 2898 2271 2941 non
2308 2880 2617 2941 constent.

263 2990 422 3066 Quod
469 2992 609 3075 ipse
655 2988 784 3053 Leo
831 2988 1032 3064 vidit,
1083 3008 1234 3051 nam
1278 2986 1438 3051 hanc
1478 2992 1725 3052 sextam
1765 2988 2193 3050 coniecturam
2230 2983 2622 3047 annotationi

263 3098 502 3161 criticae
546 3096 850 3171 inseruit,
897 3113 1288 3178 quamquam
1334 3098 1446 3157 aut
1483 3092 1637 3157 haec
1678 3112 1927 3177 quoque
1969 3092 2225 3154 omnino
2265 3086 2622 3174 recipienda

265 3208 383 3264 erat
427 3206 544 3265 aut
589 3200 665 3264 de
713 3206 918 3264 metro
963 3198 1150 3263 aliter
1195 3197 1627 3263 statuendum.

341 3304 515 3370 Haec
585 3305 845 3390 quidem
907 3304 1180 3369 editores
1240 3306 1593 3369 novissimi.
1659 3302 1955 3368 Aliorum
2017 3304 2345 3387 opiniones
2362 3349 2379 3377 ,
2442 3297 2623 3363 velut

265 3410 676 3479 Studemundi
743 3411 847 3491 (de
910 3414 1168 3475 canticis
1229 3410 1549 3476 Plautinis
1611 3432 1673 3495 p.
1722 3406 1855 3490 27),
1919 3407 2215 3495 Seyfferti
2274 3405 2377 3488 (de
2431 3425 2622 3471 versu

265 3517 462 3583 bacch.
527 3540 590 3603 p.
639 3516 774 3597 21),
840 3514 1106 3582 Christii
1174 3514 1653 3603 „Sitzungsben
1705 3515 1815 3580 der
1859 3514 2015 3580 bair.
2063 3512 2415 3578 Akademie
2462 3510 2619 3595 phil.

265 3622 396 3688 hist.
437 3621 583 3690 013⁹
621 3643 764 3688 ann.
812 3620 979 3688 1871
1024 3644 1084 3707 p.
1118 3620 1201 3688 76
1241 3602 1347 3687 hic
1384 3622 1615 3687 referre
1653 3619 2029 3707 supersedeo
2046 3639 2062 3696 ;
2110 3622 2403 3685 omnium
2449 3619 2623 3682 enim

267 3750 588 3795 commuue
632 3736 728 3794 eet
773 3736 848 3793 ut
893 3728 969 3793 de
1014 3728 1134 3793 fide
1183 3734 1374 3813 atque
1421 3730 1782 3792 sinceritate
1827 3726 2096 3791 traditae
2140 3724 2431 3789 lectionis
2476 3721 2623 3807 plus

267 3839 543 3901 minusve
591 3835 901 3901 dubitent.
950 3834 1130 3899 Unus
1156 3831 1227 3900 O.
1255 3833 1324 3898 F.
1351 3832 1451 3898 W.
1480 3832 1719 3899 Miiller
1758 3832 2060 3913 (Plautia.
2088 3830 2376 3895 Prosocbie
2398 3851 2461 3915 p.
2491 3827 2617 3893 351

269 3949 490 4023 annot.)
554 3944 808 4006 etiamsi
852 3939 1018 4005 nihil
1059 3944 1447 4004 immutetur
1491 3946 1775 4005 metrum
1824 3937 2136 4024 quoddam
2187 3937 2288 4001 his
2336 3936 2623 4001 versibus

265 4048 448 4114 inesse
507 4054 720 4113 censet
767 4054 831 4113 et
878 4046 1134 4132 quidem
1179 4046 1530 4111 iambicum
1549 4095 1566 4124 ,
1617 4046 1914 4111 Reiziano
1962 4043 2172 4109 simile
2201 4042 2271 4121 ¹),
2320 4043 2439 4109 sub
2484 4064 2625 4108 con-

329 4304 370 4363 l)
403 4306 531 4355 Haec
563 4305 719 4367 igitur
759 4303 982 4353 Muelleri
1015 4303 1254 4353 sententia
1281 4319 1377 4353 non
1406 4303 1614 4353 multum
1642 4303 1832 4352 videtur
1859 4301 2016 4351 abesse
2045 4302 2173 4351 81108
2190 4316 2334 4369 quem
2351 4301 2621 4371 protulerat

279 4386 478 4449 anthim,
511 4388 644 4439 ulva
677 4394 838 4439 tamen
869 4387 1090 4455 prosodia
1121 4390 1172 4437 et
1207 4387 1432 4454 rhythmo
1467 4391 1556 4455 (cp.
1593 4401 1741 4453 supra
1774 4402 1879 4456 pag.
1916 4386 2021 4451 42).
