3192 5009
1352 286 1700 336 cunnus.
2578 261 2710 329 223

406 448 691 518 Codices
759 456 1058 518 unanimo
1128 473 1435 518 consensu
1496 455 1565 517 in
1628 473 1723 517 vs.
1776 451 1859 518 21
1924 453 2230 538 praebent
2292 452 2458 532 leqit.
2525 450 2706 531 Quod

296 578 477 623 011111
530 558 969 625 ΙιΔοΗΜΔΝΝΠΒ
1010 562 1079 624 10
1118 562 1327 645 prima
1365 559 1642 625 editione
1682 562 1989 644 reciperet
2006 609 2022 641 ‚
2064 560 2413 624 necessario
2450 561 2520 621 in
2558 558 2709 622 duo—

298 666 582 731 decimo
645 688 890 752 quoque
948 688 1139 731 versu
1186 666 1639 752 corrigendum
1683 669 1744 731 ei
1789 667 1918 730 fuit
1962 665 2110 746 leqit
2153 685 2268 750 pro
2316 665 2438 745 leyi
2452 713 2469 742 ,
2515 670 2707 749 atque

296 773 743 837 statuendum
785 771 1115 839 Catullum
1154 773 1518 839 interfuisse
1558 794 1746 837 cenae
1764 822 1781 849 ‚
1821 776 1885 836 in
1929 793 2085 857 qua,
2125 770 2233 837 vel
2271 774 2485 856 potius
2523 776 2708 836 ante

295 898 556 963 quam,
625 878 900 944 Sestium
966 882 1319 944 orationem
1385 900 1571 943 suam
1631 882 1850 963 ipsum
1911 880 2288 943 recitantem
2332 878 2706 942 audivisset.

294 983 497 1049 Huic
570 990 783 1049 tamen
844 987 1358 1070 interpretationi
1418 1005 1570 1049 cum
1630 986 2105 1071 refragarentur
2165 1004 2316 1049 cum
2377 982 2503 1048 alia
2564 988 2709 1047 tum

290 1093 647 1175 imprimis
704 1094 911 1176 prima
956 1112 1222 1177 persona
1268 1114 1504 1173 recep-eo
1549 1094 1619 1156 in
1666 1112 1760 1157 vs.
1815 1089 1920 1169 19,
1971 1111 2124 1155 mox
2167 1092 2420 1154 inversa
2464 1092 2708 1153 ratione

296 1204 598 1283 utroque
659 1197 793 1262 loco
844 1198 1138 1263 exhibuit
1182 1202 1463 1283 primam
1510 1217 1850 1283 personam
1898 1197 2019 1277 leqi
2036 1245 2053 1273 ,
2101 1199 2285 1281 eique
2330 1194 2707 1281 adstipulati

293 1308 471 1366 sunt
539 1302 870 1367 BBRGKIUS
937 1308 1003 1368 et
1065 1302 1478 1381 Scnvmnms,
1545 1307 1658 1389 qui
1719 1306 1786 1366 in
1855 1301 2198 1383 Quaestion.
2273 1301 2494 1364 catull.
2561 1303 2710 1365 anni

300 1406 503 1473 1862
549 1430 613 1494 p.
666 1406 797 1473 302
846 1429 1101 1474 carmen
1149 1412 1239 1476 sic
1288 1412 1640 1475 enarravit:
1693 1408 1933 1487 „Sestii
1967 1407 2337 1484 cuiusdam,
2378 1406 2534 1471 mali
2573 1409 2709 1492 qui·-

296 1514 515 1591 „dem
578 1517 903 1600 scriptoris
965 1516 1074 1580 sed
1136 1518 1237 1580 sui
1302 1515 1706 1581 admiratoris
1721 1564 1738 1593 ,
1788 1516 2188 1599 arrogantiae
2232 1512 2708 1600 gratificaturus

300 1628 431 1697 „ut
502 1623 573 1684 in
631 1619 809 1687 illius
873 1620 1380 1686 familiaritatem
1446 1627 1510 1687 et
1528 1669 1545 1698 ,
1611 1627 1688 1685 ut
1746 1624 1840 1685 ita
1903 1620 2109 1685 dicam
2126 1668 2142 1697 ,
2187 1623 2255 1684 in
2302 1640 2484 1685 cenas
2528 1618 2707 1684 illius

300 1726 761 1804 „lautissimas
832 1748 899 1792 se
966 1730 1323 1793 insinuaret
1391 1727 1688 1795 Catullus
1706 1775 1722 1804 ,
1810 1748 1963 1791 cum
2031 1728 2383 1792 orationem
2451 1724 2707 1811 plenam

300 1835 597 1909 „veneni
646 1838 711 1897 et
750 1832 1149 1918 pestilentiae
1169 1883 1185 1911 ,
1229 1854 1425 1919 quam
1466 1837 1533 1898 in
1570 1835 1846 1897 Antium
1884 1835 2230 1918 petitorem
2266 1835 2476 1897 nescio
2516 1853 2710 1917 quem

297 1944 417 2015 „et
462 1937 728 2022 qualem
763 1937 875 2003 ille
916 1942 1286 2025 scripserat,
1326 1939 1539 2026 legere
1580 1961 1706 2004 non
1745 1950 2098 2005 recusasset
2114 1988 2132 2015 ‚
2173 1939 2368 2003 huius
2405 1942 2710 2005 orationis

300 2045 605 2129 „frigore
654 2046 889 2108 tussim
936 2050 1001 2109 et
1046 2046 1463 2133 gravedinem
1509 2052 1648 2110 tam
1691 2046 2142 2110 vehementem
2189 2051 2411 2109 nactus
2461 2050 2590 2122 est,
2633 2051 2710 2109 ut

300 2150 435 2229 „ad
504 2151 659 2215 haec
720 2150 891 2215 mala
934 2152 1211 2217 curanda
1255 2156 1325 2217 in
1370 2151 1600 2217 villam
1646 2150 2054 2217 Tiburtinam
2099 2154 2160 2216 ei
2205 2150 2710 2237 confugiendum

300 2262 551 2335 ΙΙ,00001
619 2257 711 2321 1111
754 2277 906 2321 mox
955 2256 1323 2323 valetudine
1370 2260 1533 2324 bona
1562 2260 1931 2343 ‘reciperata
1979 2255 2274 2324 0111111100
2319 2256 2510 2323 villae
2558 2278 2710 2323 suae

303 2365 613 2449 „gratias
674 2366 991 2427 maximas
1057 2367 1193 2451 egit
1242 2366 1413 2450 quod
1460 2371 1798 2450 peccatum
1844 2363 2028 2429 facile
2075 2364 2198 2428 sibi
2241 2366 2598 2451 ignovisset
2643 2371 2708 2429 et

300 2472 605 2554 „scripta
664 2468 1087 2556 frigidissima
1149 2473 1205 2535 si
1255 2492 1292 2536 a
1338 2470 1544 2536 Sestio
1596 2473 1969 2535 transmissa
2014 2473 2255 2535 iterum
2300 2469 2569 2556 legenda
2615 2491 2710 2535 ac-

300 2577 671 2659 „cepisset‚
720 2595 787 2640 se
834 2579 1099 2662 negavit
1146 2579 1646 2643 intercessurum
1694 2598 1820 2661 quo
1866 2578 2083 2640 minus
2128 2579 2347 2661 ipsum
2382 2574 2669 2641 Sestium
2688 2624 2705 2654 ,

298 2684 471 2767 „qui
520 2683 651 2744 nisi
696 2688 879 2746 antea
916 2680 1286 2748 libellorum
1324 2703 1591 2748 suorum
1632 2686 2060 2767 pessimorum
2100 2681 2369 2747 lectione
2393 2684 2707 2747 cruciatos

302 2808 487 2864 „non
534 2788 877 2864 invitaret,
927 2808 1128 2873 paena
1164 2792 1361 2853 tussis
1409 2795 1474 2854 et
1518 2788 1891 2874 gravedinis
1939 2790 2170 2852 merita
2215 2787 2620 2853 adficerent''.

390 2894 591 2959 Idem
634 2896 702 2958 in
747 2893 1144 2959 Fleckeiseni
1192 2897 1358 2959 Ann.
1410 2916 1465 2960 a.
1520 2893 1696 2961 1878
1743 2916 1806 2981 p.
1855 2894 1988 2959 262
2037 2896 2106 2958 10
2151 2896 2510 2959 recensione
2551 2893 2702 2959 edit.

298 3000 660 3066 Ellisianae
720 3002 875 3065 haec
942 3003 1232 3086 scripsit:
1302 3000 1415 3079 „O.
1482 3000 1727 3066 erziihlt
1785 3000 2013 3086 launig
2077 3000 2221 3065 dass
2269 3022 2337 3065 er
2383 3001 2518 3065 sich
2565 3002 2706 3065 eine

302 3107 503 3185 „rede
554 3106 665 3171 des
710 3106 956 3172 Sestius
1002 3129 1133 3173 von
1179 3109 1387 3173 ihrem
1435 3108 1750 3173 verfasser
1794 3110 1864 3171 in
1911 3107 2022 3172 der
2066 3106 2376 3194 hoffnung
2421 3107 2588 3171 dann
2626 3128 2704 3171 zu

302 3217 579 3291 „einem
624 3212 831 3277 feinen
877 3233 1057 3277 essen
1107 3212 1481 3300 eingeladen
1531 3235 1610 3277 zu
1659 3213 1912 3278 werden
1978 3234 2118 3277 zur
2165 3211 2494 3278 lectiire
2539 3234 2708 3278 aus-

306 3320 727 3406 „gebeten
773 3320 983 3385 habe
1033 3320 1165 3384 und
1212 3320 1417 3385 davon
1465 3314 1678 3385 krank
1725 3320 2064 3405 geworden
2109 3319 2266 3384 sei''.

401 3426 715 3491 Emsms
765 3429 834 3489 in
884 3424 1245 3493 Comment.
1296 3424 1535 3493 Catull.
1588 3448 1646 3490 a.
1701 3423 1874 3491 1876
1924 3426 2092 3491 edita
2137 3426 2433 3511 probavit
2473 3429 2711 3491 coniec-

306 3540 537 3597 turam
583 3532 701 3611 leqi
748 3534 1107 3618 sumsitque
1158 3529 1495 3598 Catullum
1542 3532 1719 3596 domi
1765 3552 1916 3597 suae
1964 3534 2317 3597 orationem
2361 3531 2709 3619 perlegisse

304 3660 379 3702 ac
430 3638 587 3702 dein
630 3638 991 3703 interfuisse
1040 3658 1228 3703 cenae
1249 3687 1264 3715 ‚
1316 3659 1393 3702 ex
1428 3639 1547 3702 hac
1588 3642 1809 3703 autem
1845 3644 2105 3723 propter
2142 3636 2371 3723 gulam
2405 3637 2706 3702 morbum

308 3746 709 3809 contraxisse
729 3791 744 3819 ‚
795 3764 986 3829 quem
1033 3746 1455 3828 imputaverit
1504 3746 1810 3809 orationis
1857 3744 2100 3829 frigori.
2149 3740 2390 3807 Statuit
2433 3742 2555 3807 hoc
2605 3744 2707 3808 ad-

307 3849 554 3913 ductus
621 3852 899 3915 maxime
970 3848 1395 3915 similitudine
1465 3849 1743 3935 quadam
1809 3851 2185 3914 narrationis
2247 3847 2576 3915 Tullianae
2636 3852 2704 3914 in

308 3954 431 4039 Ep.
486 3952 573 4018 ad
620 3954 769 4017 fam.
813 3953 872 4021 7.
899 3954 1007 4034 26,
1055 3955 1170 4020 11111
1217 3954 1437 4022 Cicero
1487 3978 1640 4021 cum
1684 3958 1751 4020 in
1799 3976 1955 4021 cena
2003 3953 2302 4041 augurali
2340 3955 2511 4040 apud
2547 3955 2707 4021 Len-

308 4060 545 4126 tulum
597 4061 917 4128 incidisset
961 4065 1029 4126 in
1080 4063 1314 4149 fungos
1364 4062 1646 4148 aliasque
1696 4062 1886 4148 dapes
1907 4110 1923 4139 ,
1971 4065 2064 4126 ita
2110 4061 2389 4126 conditas
2433 4070 2503 4126 ut
2546 4063 2711 4127 nihil

300 4172 529 4250 posset
588 4186 711 4228 esce
764 4167 1037 4246 suavius,
1106 4168 1229 4234 sibi
1278 4172 1369 4234 sic
1414 4168 1690 4234 indulsit
1735 4174 1811 4232 ut
1860 4170 2264 4233 tenacissima
2313 4166 2575 4252 διαρροίᾳ
2621 4172 2706 4234 sit

314 4292 505 4337 corre
556 4276 687 4333 tus.
2427 4321 2432 4327 .

402 4292 645 4441 ALILX·
702 4374 947 4444 Rmsms
1005 4381 1073 4444 in
1134 4380 1232 4445 ed.
1283 4400 1340 4444 a.
1395 4377 1567 4444 1884
1616 4379 1910 4445 exhibuit
1957 4380 2077 4460 leyi
2095 4428 2111 4457 ,
2162 4383 2420 4445 tametsi
2465 4380 2704 4445 fatetur
