3192 5009
1285 233 1634 282 nommuoa.
2520 212 2644 281 167

292 427 329 466 ε
362 401 444 468 70.
542 409 743 479 κρῆναι
794 401 846 466 δ’
907 399 1097 478 ἑξείης
1154 401 1401 478 πίσυρες
1450 399 1573 479 ῥέον
1623 397 1804 463 ὕδατι
1856 401 2052 478 λευκῷ

540 507 886 582 πλησίαι
937 508 1323 580 ἀλλήλων
1370 505 1801 585 τετραμμέναι
1849 505 2106 576 ἄλλυδις
2158 503 2348 580 ἄλλη.

292 611 652 699 Legitimam
698 614 976 678 formam
1023 613 1400 678 femininam
1445 614 1876 677 nanciscimur
1918 610 2243 677 scribendo

535 717 725 801 ἄγχ’
778 719 1217 789 ἆλληλαων
1264 720 1692 797 τετραμμέναι
1738 715 1994 788 ἄλλυδις
2043 715 2236 792 ἄλλη.

288 825 671 890 Adiectivum
716 825 1003 892 adverbii
1048 824 1369 912 glossema
1416 846 1549 890 esse
1594 823 1872 890 videtur.

378 977 541 1042 0400
565 999 651 1064 sq.
712 977 985 1064 Euryali
1046 980 1265 1065 imago
1328 978 1408 1042 ab
1458 976 1777 1063 Odysseae
1826 983 2080 1042 auctore
2130 975 2508 1040 adumbrata
2554 977 2646 1040 vi-

282 1083 459 1147 detur
496 1083 571 1148 ad
614 1083 989 1170 exemplum
1034 1082 1403 1148 Archilochi
1446 1086 1513 1146 in
1558 1082 1778 1147 Iliadis
1825 1082 1990 1147 libro
2040 1081 2457 1167 paenultima

280 1262 319 1300 κ
350 1236 480 1302 198.
532 1234 601 1306 ὦς
651 1239 944 1313 ἔΦοὶμην·
996 1245 1183 1301 τοῖσιν
1233 1239 1295 1302 δὲ
1344 1237 1747 1310 κατεκλάσθη
1793 1237 1977 1315 Φίλον
2027 1230 2186 1312 ἦτορ,

528 1344 968 1418 μνησαμένοισ·
1020 1343 1267 1421 ἔργων
1317 1343 1776 1422 Λαιστρυγόνος
1830 1342 2234 1419 ’ΛντιΦοίτοιο

532 1451 863 1520 Κύκλωπος
911 1474 982 1513 τε
1026 1449 1168 1527 βίης
1221 1452 1650 1528 μεγαλήτορος
1699 1446 2135 1529 ἀνδροφάγοιο.

274 1553 407 1618 Vox
449 1553 623 1634 ἔργων
670 1559 807 1621 sine
850 1556 1069 1621 littera
1115 1555 1370 1621 Aeolica
1415 1556 1680 1620 fortasse
1726 1554 2038 1620 indicium
2086 1558 2184 1618 est
2229 1554 2480 1617 serioris
2526 1554 2644 1617 ori-

274 1663 436 1746 ginis
490 1684 793 1727 versuum
852 1661 979 1726 199
1004 1683 1118 1747 sq„
1185 1683 1346 1747 quos
1418 1667 1714 1746 suspecta
1778 1660 1986 1725 reddit
2052 1661 2442 1744 comparatio
2492 1679 2642 1722 cum

276 1787 365 1830 vs.
416 1765 535 1832 566
584 1774 649 1833 et
696 1767 850 1833 496.

362 1943 398 1981 κ
422 1918 543 1984 208
567 1943 700 2006 sqq.
761 1921 1160 1986 Annotatum
1206 1920 1425 1995 video:
1480 1921 1727 1997 „Acute
1774 1921 2139 1986 observavit
2185 1918 2522 1983 Kirchhoff
2561 1919 2639 1984 ab

278 2027 447 2109 „ipso
489 2033 669 2110 poeta
715 2027 870 2092 haec
916 2023 1063 2112 apte
1110 2029 1391 2113 potuisse
1433 2029 1746 2104 enarrari,
1793 2047 1920 2090 non
1958 2046 2110 2092 vero
2151 2025 2228 2090 ab
2269 2023 2457 2089 Ulixe
2478 2073 2493 2101 ,
2537 2027 2640 2090 cui

282 2151 393 2205 „ne
458 2137 599 2196 nota
667 2132 928 2217 quidem
996 2154 1131 2198 esse
1200 2139 1584 2218 potuerunt,
1655 2153 1808 2197 nam
1871 2133 2128 2196 etiamsi
2191 2129 2639 2216 Eurylochum

279 2245 587 2310 „accurate
662 2236 917 2322 sing-ula
985 2238 1310 2303 rettulisse
1376 2237 1714 2304 contendat
1776 2238 2008 2324 aliquis
2026 2287 2042 2315 ,
2109 2257 2183 2301 ea
2248 2241 2416 2301 certe
2479 2257 2638 2320 quae

281 2362 435 2412 „vss.
478 2341 833 2407 233—243
897 2343 1207 2430 leguntur
1271 2365 1348 2408 ex
1409 2343 1776 2430 Eurylocho
1838 2345 2168 2408 resciscere
2229 2363 2355 2406 non
2424 2343 2640 2426 potuit

278 2444 585 2520 „Ulixes”
638 2487 723 2497 --
772 2450 1077 2514 Attamen
1140 2453 1471 2515 resciscere
1518 2452 1731 2534 potuit
1779 2471 1816 2513 a
1863 2451 2084 2525 sociis,
2137 2428 2554 2535 posteaquam
2601 2469 2638 2512 a

276 2548 435 2616 Circe
492 2553 746 2619 liberati
807 2560 991 2632 sunt;
1044 2558 1260 2641 potuit
1304 2558 1501 2620 etiam
1550 2561 1720 2620 certa
1765 2554 2232 2641 propemodum
2279 2557 2639 2619 coniectura

274 2656 493 2722 efficere
539 2681 615 2724 ex
662 2663 745 2724 iis
795 2682 955 2746 quae
1003 2663 1140 2746 ipse
1191 2667 1490 2746 expertus
1538 2665 1636 2725 est
1682 2682 1808 2725 yse.
1863 2659 1994 2725 314
2024 2683 2156 2746 sqq.
2231 2659 2436 2740 Quare
2483 2661 2636 2725 haec

274 2765 381 2826 viri
424 2764 727 2848 praeclari
769 2770 1245 2853 argumentatio
1284 2767 1449 2830 mihi
1490 2765 1751 2852 quidem
1791 2765 1962 2830 haud
1999 2767 2094 2830 ita
2141 2771 2312 2830 certa
2359 2765 2633 2831 videtur.

276 2913 473 2978 λ171.
520 2915 612 2985 τίς
666 2916 733 2980 νύ
782 2939 851 2980 σε
900 2919 1007 2996 κὴρ
1056 2916 1375 2993 ἐδάμασσε
1424 2915 1799 2992 τανηλεγέος
1852 2917 2128 2981 θανάτοιο

522 3021 555 3093 ἢ
606 3023 640 3086 δ
658 3037 781 3086 ολι
800 3025 903 3102 χὴ
955 3026 1178 3100 νοῦσος,
1235 3023 1269 3093 ἢ
1311 3026 1616 3101 ’Ἄρτεμις
1669 3022 1952 3103 ἰοχέαιρα

518 3120 633 3189 οἶσ’
682 3131 975 3205 ἀγανοῖσι
1026 3128 1316 3206 βέλεσσιν
1366 3129 1734 3206 ἐποιχομένη
1790 3127 2192 3206 κατι-ἔπεφνες

272 3229 595 3314 Aptissima
639 3231 872 3319 longus
920 3234 1187 3299 morbus
1234 3238 1577 3319 opponitur
1623 3235 1811 3300 celeri
1853 3233 1982 3299 leto
2003 3283 2019 3312 ,
2065 3256 2189 3319 quo
2229 3233 2634 3319 pestilentiae

274 3341 533 3402 auctores
596 3341 707 3423 qui
768 3339 1183 3404 credebantur
1241 3340 1329 3403 dii
1378 3339 1608 3424 Apollo
1659 3347 1724 3405 et
1770 3339 1976 3404 Diana
2026 3340 2149 3420 (sol
2194 3345 2385 3425 atque
2430 3340 2632 3420 luna),

271 3437 361 3502 ille
394 3462 598 3507 mares
618 3491 635 3516 ‚
676 3443 1134 3517 haecfeminas
1180 3446 1642 3530 opprimebant.
1689 3445 2040 3510 Infeliciter
2062 3448 2270 3531 igitur
2293 3466 2398 3509 me
2422 3446 2631 3511 iudice

275 3543 517 3613 editores
565 3548 772 3636 Lugd.
824 3553 1193 3636 cogitarunt
1243 3550 1318 3614 de
1367 3551 1696 3616 scribendo
1749 3551 1780 3623 ἢ
1833 3549 2065 3622 δόλος
2117 3551 2150 3624 ἢ
2201 3556 2426 3622 νοῦσος.

278 3695 463 3763 λ302.
509 3691 565 3763 οἳ
611 3701 713 3763 καὶ
764 3703 1034 3780 νέρθεν
1082 3709 1235 3778 γῆς
1287 3704 1471 3777 τιμὴν
1520 3701 1662 3776 πρὸς
1715 3704 1897 3774 Ζηνὸς
1951 3699 2220 3780 ἔχοντες.

348 3802 459 3868 Vix
535 3808 835 3891 cuiquam
902 3806 1373 3892 persuadebunt
1434 3808 1634 3872 iidem
1698 3815 2116 3892 proponentes
2174 3806 2328 3884 νέρθε
2404 3809 2591 3883 γαίης
2613 3856 2628 3884 ,

279 3919 533 3996 correpta
592 3915 799 3995 priore
862 3912 1142 3998 syllaba,
1193 3934 1354 3998 quae
1404 3913 1575 3998 apud
1624 3911 1986 3978 Homerum
2034 3917 2100 3977 in
2151 3913 2270 3977 hoc
2321 3912 2630 3978 vocabulo

277 4023 603 4080 constanter
648 4017 841 4104 longa
885 4025 1001 4083 est.
1050 4016 1119 4082 Si
1167 4017 1321 4103 quid
1359 4018 1748 4083 mutandum
1767 4067 1782 4095 ‚
1829 4021 2046 4105 potius
2065 4066 2080 4094 ,
2123 4018 2367 4083 abiecta
2405 4018 2634 4084 vocula

281 4121 393 4196 καί,
432 4142 593 4206 quae
632 4124 963 4188 commode
1000 4125 1214 4189 abesse
1250 4131 1493 4209 potest,
1527 4127 1938 4190 coniecerim:
1978 4120 2032 4188 οἳ
2072 4127 2335 4203 νέρθεν
2379 4129 2526 4202 γαί
2545 4151 2627 4198 ης

282 4225 401 4304 nra,
443 4248 597 4292 nam
638 4229 755 4294 hoc
804 4251 993 4295 sensu
1038 4251 1263 4296 vereor
1302 4239 1376 4294 ut
1418 4252 1627 4295 sermo
1667 4231 2051 4295 Homericus
2091 4230 2392 4294 admittat
2432 4223 2484 4295 οἳ
2525 4233 2626 4294 καὶ

283 4331 395 4405 νέρθ’
439 4333 599 4406 αἴης.
