3192 5009
1362 333 1719 382 vrrauvms.
2583 305 2711 374 425

440 501 730 568 Editores
776 523 966 587 supra
1012 503 1322 566 nominati
1369 503 1460 566 sic
1504 499 1767 587 legunt:

446 607 562 683 „In
608 605 998 674 Graecorum
1045 609 1312 672 theatris
1356 628 1480 671 non
1528 608 1743 672 omnia
1786 605 1993 670 isdem
2037 605 2390 670 rationibus
2432 609 2583 667 sunt
2626 601 2715 666 fa-

345 713 601 790 cienda,
651 713 822 799 quod
867 716 1152 799 primum
1199 715 1266 776 in
1312 715 1444 777 ima
1491 715 1895 778 circinatione
1942 717 2017 776 ut
2060 713 2129 776 in
2172 710 2398 776 Latino
2436 711 2717 795 trigono·

345 841 497 884 rum
559 817 704 895 1111,
752 822 819 883 in
867 839 940 884 eo
988 819 1442 904 quadratorum
1487 821 1689 882 trium
1736 817 1961 904 anguli
2008 817 2433 882 circinationis
2477 813 2715 878 lineam

347 930 628 1011 tangunt
677 930 754 1016 pt
810 927 994 990 cuius
1056 924 1350 1011 quadrati
1409 923 1580 989 latus
1628 931 1723 990 est
1769 928 2136 1010 proximum
2184 943 2437 988 scaenae
2484 923 2717 1007 praeci-

347 1030 570 1116 ditque
631 1038 1042 1096 curvaturam
1105 1033 1528 1096 circinationis
1546 1079 1562 1108 ,
1627 1052 1699 1096 ea
1759 1033 2016 1117 regione
2080 1031 2449 1116 designatur
2510 1027 2716 1092 finitio

346 1138 716 1221 proscaenii.
771 1135 857 1200 Et
901 1136 980 1202 ab
1028 1156 1102 1200 ea
1147 1139 1402 1222 regione
1449 1135 1529 1201 ad
1574 1143 1929 1202 extremam
1973 1138 2451 1201 circinationem
2496 1153 2715 1199 curva-

347 1250 530 1308 turae
569 1241 912 1328 parallelos
938 1242 1107 1307 linea
1129 1242 1502 1330 designatur
1522 1245 1591 1307 in
1615 1263 1741 1327 qua
1762 1243 2174 1308 constituitur
2197 1241 2369 1306 frons
2392 1240 2713 1314 scaenae,''

439 1347 513 1412 In
583 1349 684 1413 his
755 1347 920 1413 nihil
987 1351 1083 1414 est
1151 1369 1277 1434 quo
1347 1347 1756 1414 offendamur.
1843 1349 2069 1435 Pergit
2142 1351 2342 1414 oratio
2410 1347 2579 1412 hunc
2646 1348 2716 1410 in

349 1454 652 1521 modum:

443 1583 598 1648 „per
659 1569 1074 1646 centrumque
1135 1561 1490 1626 orchestrae
1550 1582 1587 1626 a
1649 1564 1999 1648 proscaenii
2060 1564 2315 1648 regione
2374 1556 2709 1645 parallelos

347 1667 516 1732 linea
587 1667 964 1732 describitur
1029 1672 1095 1732 et
1161 1687 1285 1752 qua
1355 1673 1523 1732 secat
1590 1670 2015 1733 circinationis
2082 1667 2282 1732 lineas
2344 1666 2564 1730 dextra
2642 1684 2715 1729 ac

349 1777 607 1840 sinistra
651 1777 719 1838 in
767 1774 1062 1838 cornibus
1107 1772 1473 1860 hemicyclii
1522 1779 1737 1838 centra
1781 1773 2180 1861 signantur’'.

435 1880 781 1964 Nunquam
828 1881 1165 1965 quisquam
1211 1879 1317 1944 vel
1362 1879 1763 1944 mediocriter
1806 1883 1961 1944 artis
2007 1879 2497 1944 mathematicae
2557 1877 2717 1961 peri-

345 1991 452 2050 tus
496 1987 592 2050 ita
637 1984 906 2050 scribere
968 1988 1198 2070 potuit.
1249 1983 1372 2063 Qui
1417 1985 1552 2049 fieri
1600 1991 1811 2070 potest
1857 1993 1929 2050 ut
1975 1985 2315 2050 diametros
2335 2032 2350 2059 ,
2400 2002 2560 2067 quae
2600 1984 2715 2046 cir-

345 2093 730 2156 cinationem
792 2090 1036 2154 dividat
1081 2094 1149 2154 in
1194 2089 1322 2155 duo
1367 2089 1751 2176 hemicyclia
1767 2140 1782 2168 ‚
1834 2093 2259 2156 circinationis
2304 2088 2501 2154 lineas
2549 2093 2719 2152 secet

343 2201 414 2262 in
459 2196 752 2262 cornibus
813 2199 1006 2261 unius
1065 2195 1432 2283 hemicyclii
1495 2195 1566 2262 Si
1625 2217 1751 2282 qua
1811 2195 1979 2261 linea
2040 2199 2108 2260 in
2165 2196 2569 2260 circinatione
2617 2191 2717 2256 de-

345 2305 580 2390 scripta
647 2305 1072 2367 circinationis
1140 2302 1338 2367 lineas
1399 2308 1570 2367 secat
1614 2304 1683 2366 in
1730 2303 2023 2368 cornibus
2068 2304 2263 2366 unius
2315 2297 2679 2387 hemicyclii
2696 2347 2713 2376 ,

345 2408 484 2474 fieri
544 2429 668 2473 non
730 2414 942 2495 potest
1005 2413 1078 2471 ut
1138 2429 1249 2494 per
1309 2413 1601 2472 centrum
1662 2407 1853 2472 ducta
1915 2410 2017 2472 sit.
2088 2406 2187 2471 Ex
2254 2427 2380 2491 quo
2448 2405 2719 2470 efficitur

347 2520 424 2579 ut
479 2517 550 2578 in
593 2513 710 2579 hac
755 2516 1070 2579 sententia
1117 2513 1192 2578 de
1241 2512 1486 2579 duabus
1533 2519 1765 2600 agatur
1807 2512 1994 2578 lineis
2040 2510 2393 2599 parallelis,
2444 2531 2715 2596 quarum

347 2617 546 2685 altera
609 2619 999 2684 describatur
1056 2640 1169 2706 per
1231 2624 1521 2684 centrum
1540 2667 1556 2695 ,
1621 2617 1819 2684 altera
1880 2621 1946 2683 in
2004 2616 2405 2704 hemicyclio.
2446 2615 2716 2681 Disertis

347 2725 558 2790 verbis
621 2723 954 2788 Vitruvius
1013 2723 1321 2788 indicavit
1381 2725 1448 2787 in
1512 2729 1659 2788 utro
1722 2723 2105 2810 hemicyclio
2167 2722 2337 2787 linea
2382 2721 2715 2809 parallelos

349 2830 752 2896 describenda
797 2834 962 2895 esset
979 2877 996 2907 ‚
1049 2829 1324 2894 scribens
1375 2833 1767 2915 „proscaenii
1816 2833 2077 2916 regione
2145 2828 2480 2915 parallelos
2548 2827 2719 2893 linea

347 2937 744 3002 describitur.
792 2935 896 3000 Sic
943 2938 1116 3000 enim
1165 2956 1314 3000 cum
1359 2934 1547 3000 MSS.
1597 2935 1943 3022 legendum
1992 2943 2107 3001 est.
2156 2935 2338 3001 Hanc
2381 2935 2718 3000 lectionem

347 3048 533 3108 antea
579 3040 910 3106 emendare
956 3047 1218 3106 conatus
1263 3047 1360 3106 est
1404 3040 1758 3106 Salmasius
1812 3041 2192 3107 rescribens:
2246 3043 2637 3127 „proscaenii
2681 3063 2715 3106 6

349 3147 673 3234 regione''.
724 3146 896 3226 Quae
941 3149 1302 3212 coniectura
1345 3149 1410 3212 in
1452 3147 1757 3213 editiones
1796 3146 2111 3232 plurimas
2134 3153 2385 3232 recepta
2408 3146 2719 3212 reicienda

349 3259 447 3320 est
465 3301 482 3332 ,
547 3253 714 3338 quod
778 3255 834 3317 si
896 3253 1283 3318 orchestram
1347 3261 1491 3318 ante
1551 3255 1992 3339 proscaenium
2038 3256 2230 3318 sitam
2278 3274 2411 3318 esse
2458 3255 2589 3318 iam
2636 3275 2717 3318 ex

349 3360 768 3444 descriptione
828 3362 1126 3446 apparuit
1143 3409 1159 3436 ,
1227 3360 1596 3425 diametros·
1630 3381 1755 3424 non
1816 3361 1938 3424 nisi
1989 3362 2337 3445 proscaenii
2383 3381 2417 3424 6
2465 3360 2720 3445 regione

351 3466 620 3531 describi
667 3470 898 3551 potest.
947 3464 1120 3530 Male
1175 3468 1385 3551 igitur
1432 3465 1783 3531 abundaret
1829 3464 2068 3530 locutio
2120 3468 2508 3551 „proscaenii
2550 3485 2585 3530 6
2632 3486 2723 3529 16-

350 3572 604 3658 gione”.
657 3572 798 3637 lure
847 3569 1044 3636 talem
1088 3569 1430 3636 lectionem
1479 3577 1857 3656 spreverunt
1902 3571 2133 3635 Rosius
2180 3576 2245 3635 et
2285 3569 2725 3635 Miiller-Strii-

349 3679 608 3764 bingius
628 3725 644 3756 ,
709 3681 821 3763 qui
881 3683 1095 3743 tamen
1154 3678 1324 3742 hunc
1383 3677 1599 3742 locum
1654 3683 2088 3763 comparantes
2135 3677 2213 3742 ad
2260 3676 2552 3762 exempla
2598 3677 2722 3742 duo

350 3783 504 3848 haec
571 3783 688 3860 „ab
737 3804 809 3848 eo
856 3783 995 3848 Ioco
1041 3803 1153 3868 per
1201 3791 1491 3849 centrum
1535 3782 1867 3869 parallelos
1918 3782 2086 3849 linea
2133 3782 2441 3848 ducatur”
2492 3791 2557 3848 et
2606 3783 2724 3860 „ab

351 3911 426 3954 ea
469 3891 726 3975 regione
766 3889 844 3954 ad
881 3893 1236 3953 extremam
1275 3892 1746 3954 circinationem
1786 3896 2163 3953 curvaturae
2202 3888 2537 3974 parallelos
2562 3888 2728 3954 linea

351 3994 768 4081 designatur'’
819 3997 1220 4059 coniecerunt
1271 4015 1348 4072 „a
1394 3997 1743 4079 proscaenii
1790 3995 2109 4080 regione’'.

442 4100 802 4166 Proscaenii
865 4103 1122 4186 regione
1186 4099 1504 4186 significat
1551 4121 1588 4165 a
1634 4108 1812 4185 parte
1868 4103 2232 4185 proscaenii.
2289 4099 2477 4164 Iubet
2522 4103 2727 4187 igitur

351 4205 687 4270 Vitruvius
747 4213 997 4290 praeter
1065 4205 1418 4270 diametron
1482 4205 1720 4270 lineam
1784 4205 2055 4272 describi
2114 4209 2181 4269 in
2228 4226 2301 4269 eo
2347 4205 2727 4293 hemicyclio

353 4310 521 4396 quod
595 4317 692 4376 est
766 4331 802 4375 a
870 4317 1047 4396 parte
1124 4313 1491 4395 proscaenii.
1575 4310 1755 4375 Unde
1832 4313 2122 4396 sequitur
2196 4311 2504 4376 vocabula
2576 4333 2729 4398 „per

353 4421 766 4502 centrumque
831 4416 1228 4482 orchestrae'’
1293 4423 1358 4482 et
1419 4437 1492 4481 ea
1554 4437 1713 4502 quae
1762 4423 2115 4502 sequuntur
2162 4417 2241 4481 ad
2288 4418 2552 4482 eandem
2598 4439 2732 4485 sen-
