3192 5009
1059 258 1143 306 nn
1189 258 1339 306 nnus
1387 258 1842 308 onnunmmm.
2518 239 2641 305 101

308 422 428 489 adn.
478 423 549 502 1;
606 421 831 490 eodem
886 422 1077 488 modo
1122 443 1247 508 quo
1294 419 1453 490 Cato
1497 427 1754 509 praetor
1799 443 1856 488 a.
1909 420 1996 486 54
2043 443 2162 486 non
2207 444 2447 486 servare
2493 422 2648 490 sole-

300 531 395 595 bat
433 530 637 618 legem
683 528 922 596 Iuliam
969 530 1047 597 de
1093 529 1459 617 repetundis
1478 579 1494 609 ,
1539 533 1636 595 ita
1680 528 1922 596 scilicet
1939 578 1956 608 ‚
1999 534 2076 594 ut
2122 550 2200 594 ex
2247 550 2322 595 ea
2358 529 2505 617 lege
2541 533 2647 596 ius

300 636 509 702 diceret
550 638 805 724 quidem
851 637 962 704 sed
999 659 1355 724 numquam
1394 640 1533 704 eius
1566 639 1958 703 mentionem
1998 637 2265 715 faceret,
2307 638 2475 724 quod
2499 659 2647 705 sane

296 742 609 809 ridiculum
656 749 827 822 erat,
874 743 998 809 Dio
1046 742 1151 809 38.
1182 741 1241 809 7.
1271 743 1310 810 6
1340 742 1410 824 ¹).

366 849 573 936 Itaque
632 852 735 916 his
799 850 877 916 ad
924 849 1116 916 finem
1162 850 1487 936 perductis
1504 898 1520 927 ‚
1573 851 1962 914 revertimur
2006 849 2087 914 ad
2133 849 2647 915 obnuntiationes

298 957 425 1022 illas
468 956 896 1024 describendas
946 977 1106 1042 quae
1152 955 1435 1022 valerent
1480 959 1801 1042 spectione
1839 962 1905 1021 et
1938 958 2090 1021 iure·
2117 959 2643 1043 magistratuum.

288 1063 561 1130 Solebant
606 1069 826 1130 autem
876 1066 937 1130 ei
983 1065 1095 1150 qui
1141 1084 1255 1149 pro
1302 1065 1443 1127 iure
1494 1082 1611 1127 suo
1660 1064 2036 1129 obnuntiare
2074 1061 2347 1141 vellent,
2391 1085 2541 1128 cum
2579 1085 2646 1129 se
2762 1121 2766 1126 ,

284 1179 455 1236 noctu
511 1178 622 1237 aut
684 1191 876 1236 mane
941 1169 1017 1235 de
1083 1167 1257 1234 caelo
1320 1171 1680 1255 auspicatos
1729 1190 1864 1236 esse
1911 1191 2061 1256 prae
2109 1191 2176 1236 se
2223 1171 2460 1236 ferrent
2476 1219 2493 1248 ,
2545 1191 2647 1236 ex-

284 1285 503 1362 pectare
568 1277 728 1342 dum
778 1278 835 1340 is
888 1279 1001 1362 qui
1049 1278 1311 1342 comitia
1355 1277 1697 1341 habiturus
1748 1283 1884 1341 erat
1900 1326 1917 1355 ,
1967 1275 2373 1342 tabernaculo
2421 1276 2646 1343 relicto

284 1391 337 1448 et
378 1383 688 1450 destructo
710 1433 725 1461 ,
776 1385 1039 1449 comitia
1082 1403 1306 1469 parare
1352 1387 1418 1448 et
1456 1381 1780 1469 templum
1818 1385 1887 1464 (i.
1915 1405 1968 1449 e.
2013 1383 2323 1465 tribunal)
2349 1381 2402 1464 ²)
2442 1383 2645 1448 facere

284 1497 579 1576 coeperat,
648 1495 715 1556 et
760 1493 894 1554 iam
938 1491 1007 1554 in
1057 1510 1130 1554 eo
1181 1493 1319 1554 erat
1364 1495 1439 1554 ut
1488 1493 1889 1576 rogationem
1934 1493 2227 1555 recitaret
2273 1495 2340 1556 et
2384 1491 2648 1555 comitia

282 1597 484 1664 habere
544 1600 857 1683 inciperet
873 1617 890 1675 ;
956 1601 1101 1660 tum
1162 1595 1243 1660 ad
1306 1595 1591 1660 tribunal
1656 1599 1794 1662 eius
1857 1596 2222 1663 accedentes
2269 1596 2362 1661 ibi
2405 1616 2646 1684 magna

282 1725 415 1769 voce
468 1703 909 1771 exclamabant
973 1701 1093 1780 „de
1159 1700 1331 1767 caelo
1380 1701 1700 1767 servavi’'.
1751 1703 1893 1768 Hoc
1941 1710 2037 1768 est
2089 1706 2200 1781 „in
2248 1700 2490 1789 templo
2540 1703 2645 1769 ob·

282 1810 587 1875 nuntiare'’
618 1807 693 1890 3).
744 1808 915 1874 Nam
961 1829 1112 1873 cum
1158 1808 1560 1873 obnuntiatio
1609 1829 1740 1874 non
1781 1809 2027 1875 valeret
2075 1812 2203 1875 nisi
2240 1830 2277 1874 a
2313 1816 2644 1896 praesente

286 1915 351 1980 ad
392 1921 782 2002 praesentem
829 1915 1353 2002 pronuntiaretur
1397 1914 1676 1980 formula
1720 1915 2064 2001 prohibens
2081 1965 2098 1994 ,
2152 1918 2307 1982 haec
2366 1915 2646 1982 formula

286 2021 723 2108 pronuntianda
771 2027 908 2087 erat
951 2023 1019 2085 in
1068 2020 1281 2107 aliquo
1328 2020 1469 2086 loco
1517 2023 1585 2085 in
1633 2043 1759 2107 quo
1808 2022 1987 2087 brevi
2027 2029 2172 2089 ante
2210 2025 2472 2088 comitia
2508 2043 2646 2088 ver·
2738 2101 2742 2105 p

286 2137 502 2196 seretur
537 2133 595 2195 is
637 2132 750 2215 qui
789 2131 1049 2193 acturus
1091 2133 1291 2206 esset;
1333 2127 1495 2193 hanc
1534 2129 1616 2193 ob
1655 2149 1914 2194 causam
1955 2130 2403 2195 obnuntiantes
2439 2129 2642 2218 vulgo

284 2235 349 2300 ad
390 2235 701 2322 templum
746 2233 1081 2317 (tribunal)
1131 2233 1454 2301 comitiale
1500 2234 1880 2301 accedebant
1897 2285 1913 2314 ,
1962 2239 2114 2322 quia
2151 2241 2322 2302 certo
2363 2237 2644 2302 sciebant

286 2365 339 2408 se
377 2343 459 2408 ibi
502 2349 651 2410 ante
702 2343 965 2408 comitia
1013 2340 1512 2426 deprehensuros
1558 2364 1694 2408 esse
1738 2342 2071 2408 hominem
2116 2346 2223 2408 cui
2266 2343 2643 2408 obnuntiare

284 2448 583 2528 volebant,
636 2455 701 2513 et
749 2451 900 2535 quia
945 2467 1263 2535 magnum
1310 2447 1672 2533 periculum
1719 2455 1854 2514 erat
1901 2471 1980 2515 ne
2025 2449 2188 2515 forte
2230 2452 2300 2514 in
2339 2448 2465 2514 alio
2503 2449 2640 2515 loco

286 2577 411 2621 omn
476 2554 944 2643 deprehendere
1015 2556 1256 2630 conati,
1334 2557 1626 2639 primum
1692 2555 1928 2620 frustra
1999 2560 2258 2642 tempus
2327 2561 2639 2634 tererent,

284 2661 476 2728 deinde
524 2663 603 2728 ad
653 2663 919 2727 comitia
960 2682 1091 2724 sero
1134 2661 1461 2738 venirent,
1511 2664 1664 2747 quia
1709 2664 1952 2728 actione
1990 2664 2154 2728 inita
2193 2684 2321 2728 non
2361 2663 2640 2750 amplius

282 2765 485 2833 licebat
525 2769 922 2833 obnuntiare.
975 2764 1101 2831 Sed
1143 2773 1471 2852 praeterea
1518 2766 1698 2832 nulla
1743 2787 1934 2832 causa
1981 2776 2118 2834 erat
2134 2818 2151 2847 ,
2199 2771 2258 2834 si
2303 2773 2641 2856 magistra-

284 2879 403 2939 tum
456 2877 523 2939 in
567 2873 694 2940 alio
740 2873 881 2938 1060
930 2878 1115 2938 antea
1162 2872 1627 2958 deprehendere
1677 2879 2002 2958 poterant,
2052 2896 2165 2940 cur
2210 2897 2337 2940 non
2383 2876 2475 2941 ibi
2520 2876 2638 2941 for-

284 2979 497 3046 mulam
566 2981 1073 3068 pronuntiarent.
1146 2979 1287 3044 Hac
1356 2981 1600 3044 ratione
1667 2979 2093 3067 intellegitur,
2165 2980 2372 3067 qualis
2443 2982 2640 3048 fuerit

282 3085 436 3152 dolus
493 3085 745 3153 Metelli
793 3084 1073 3151 consulis
1120 3091 1201 3165 (a.
1256 3083 1389 3167 57),
1439 3108 1564 3172 quo
1612 3089 1670 3151 is
1718 3086 1972 3152 eludere
2018 3088 2258 3152 frustra
2305 3095 2640 3154 conaretur

281 3192 798 3258 obnuntiationem
860 3191 1127 3257 Milonis
1144 3241 1161 3270 ,
1229 3191 1306 3258 de
1355 3214 1481 3278 qua
1526 3215 1594 3258 re
1643 3190 1863 3260 Cicero
1912 3193 2124 3259 ridens
2170 3194 2466 3259 Atticum
2512 3216 2639 3260 cer-

278 3300 477 3365 tiorem
538 3300 711 3365 fecit.
775 3296 1083 3365 Metellus
1148 3319 1232 3364 cs.
1302 3300 1475 3364 enim
1535 3302 1827 3385 primum
1889 3299 2330 3386 postulaverat
2391 3307 2640 3388 (quam-

280 3424 445 3487 quam
500 3404 664 3470 Milo
726 3407 860 3469 iam
926 3411 1111 3469 antea
1171 3425 1284 3491 per
1330 3404 1616 3470 edictum
1662 3409 1722 3471 ei
1768 3407 2300 3488 obnuntiaverat),
2350 3413 2426 3472 ut
2473 3407 2637 3473 Milo

278 3530 534 3594 praesens
594 3511 718 3576 sibi
784 3511 1225 3588 obnuntiaret,
1296 3517 1361 3576 et
1407 3514 1476 3576 in
1524 3533 1597 3577 eo
1645 3510 1782 3578 loco
1830 3512 2093 3599 quidem
2139 3513 2251 3578 ubi
2297 3512 2599 3580 assoleret
2617 3564 2634 3593 ,

280 3614 389 3680 scil.
448 3619 511 3682 in
572 3613 817 3704 templo
884 3615 1245 3697 (tribunali)
1309 3617 1477 3703 quod
1524 3621 1594 3682 in
1642 3615 1885 3704 Campo
1933 3618 2169 3685 Martio
2218 3623 2634 3687 comitiorum

280 3741 439 3786 causa
480 3723 845 3788 faciendum
892 3728 1047 3788 erat.
1097 3722 1321 3808 Itaque
1371 3745 1425 3789 a.
1454 3724 1514 3788 d.
1563 3723 1694 3788 XII
1741 3724 1869 3790 kal.
1919 3724 2069 3791 Dec.
2135 3726 2300 3792 Milo
2347 3733 2636 3816 tempore

338 3978 383 4038 1)
414 3980 542 4030 Hanc
574 3982 727 4046 legem
764 3981 942 4032 Iuliam
976 3981 1178 4032 Bibulus
1212 3999 1383 4048 proca..
1414 3983 1632 4048 potentia
1660 4000 1744 4034 sna
1773 3985 1952 4044 fretus,
1983 3986 2130 4034 etiam
2147 3985 2318 4051 sactis
2332 4003 2427 4036 non
2447 4003 2640 4040 servam

278 4073 399 4109 aum
440 4067 531 4122 eat,
576 4065 674 4114 Cio.
724 4065 839 4115 fam.
885 4065 1099 4122 2122,
1151 4081 1303 4130 neque
1348 4065 1547 4116 dubium
1581 4069 1682 4126 est,
1717 4067 1862 4132 quin,
1895 4069 1936 4117 61
1971 4085 2027 4117 ea
2061 4069 2164 4133 lege
2197 4074 2318 4118 esset
2354 4074 2599 4122 accusatu·
2623 4111 2638 4133 ‚

280 4139 469 4194 1611116111
498 4146 661 4197 fnisset
696 4151 754 4197 nt
786 4149 1203 4200 condemnaretur.
1236 4175 1303 4186 —
1340 4149 1395 4214 2)
1434 4150 1533 4199 Cfr.
1570 4150 1728 4200 Varro
1764 4151 1832 4200 1.1.
1872 4153 1915 4201 6.
1937 4153 2026 4204 87:
2071 4151 2182 4202 .ubi
2215 4157 2438 4218 templum
2462 4156 2640 4206 factum

284 4227 363 4282 δέ,
406 4231 503 4292 pont
552 4233 657 4280 tum
714 4230 1077 4281 conventionem
1130 4229 1317 4281 habet”.
1372 4260 1439 4270 —
1488 4233 1544 4298 8)
1594 4231 1700 4284 cfr.
1737 4234 1836 4283 Cio.
1873 4236 1992 4284 Sest.
2030 4235 2106 4288 87.
2130 4235 2222 4286 7⁹2
2263 4237 2453 4302 ‚itaque
2487 4238 2640 4288 fretus

286 4307 499 4360 metitate
528 4311 805 4363 tribunatus
840 4313 973 4362 venit
1006 4312 1055 4364 in
1094 4313 1329 4382 templum
1370 4315 1608 4376 Castoris,
1639 4315 1943 4366 obnuntiavit
1968 4316 2201 4368 consuli”.
2237 4318 2472 4385 Exempla
2489 4319 2643 4370 inulta

292 4393 393 4438 tut.
