3192 5009
1260 268 1583 316 nonanus.
1647 331 1661 342 ·
2487 249 2614 315 301

340 431 543 497 XXII.
604 432 772 501 Cum
818 433 1135 500 Zenodoto
1182 433 1471 500 edidistis
1521 445 1566 500 Z
1595 433 1762 500 285:

640 544 839 618 ΦαΙην
885 565 988 605 κεν
1031 542 1214 622 Φίλον
1261 537 1399 622 ἦτορ
1446 541 1638 622 ὀιζύος
1686 541 2184 619 ἐκλελαθέσθαι,

256 645 357 710 sed
413 650 562 711 satis
620 647 903 713 creditur
962 646 1327 714 Aristarcho
1374 648 1720 733 placuisse:
1769 649 1967 728 φαίην
2017 672 2118 712 κεν
2163 645 2375 728 φρέν’
2424 643 2618 726 ἀτερ

259 775 341 816 πο
359 775 411 816 υ.
458 751 549 818 Ne
584 753 994 826 Aristarchus
1033 775 1252 820 veram
1290 753 1633 820 lectionem
1670 757 2075 842 cognoverit,
2117 753 2226 819 sed
2263 774 2619 840 numquam

256 857 497 924 credam
550 881 703 925 eum
764 859 1081 925 Zenodoto
1144 859 1437 946 neglecto
1498 863 1824 945 scripsisse
1889 859 2057 946 quod
2100 862 2360 924 omnino
2406 881 2486 924 ne
2531 861 2622 923 in·

254 962 455 1052 tellig'i
519 965 780 1050 quidem
848 968 1069 1050 possit.
1145 963 1433 1032 Coniecit
1499 965 1831 1032 Nauckius
1900 965 2070 1047 φρέν’
2139 963 2182 1029 ἀ
2200 972 2255 1047 φ
2273 990 2316 1030 α
2333 990 2363 1047 ρ
2435 989 2580 1060 που
2600 1015 2616 1044 ,

254 1068 517 1135 Plattius
576 1071 748 1150 Φρέν’
794 1072 985 1151 ἀτερ
1007 1071 1147 1149 τέ’,
1197 1073 1306 1137 sed
1351 1074 1632 1159 vestigia
1677 1075 1980 1158 pristinae
2027 1075 2376 1158 scripturae
2421 1074 2618 1137 etiam

255 1179 518 1259 pressius
576 1180 934 1263 poterimus
991 1182 1171 1264 sequi
1218 1178 1628 1265 corrigendo:
1677 1181 1874 1256 Φαίην
1922 1203 1988 1242 κε
2036 1179 2209 1256 Φρέν’
2259 1176 2620 1257 ἀφέρτου

254 1277 433 1360 ὀιζύος
490 1282 923 1349 ἐκλελαθέσθαι
942 1333 959 1362 ,
1024 1306 1139 1350 nec
1202 1291 1419 1349 tamen
1480 1306 1770 1372 repugno
1818 1287 2166 1371 quominus
2214 1283 2618 1348 Aristarchea

250 1384 426 1452 lectio
480 1388 870 1455 Zenodoteae
930 1389 1122 1456 hodie
1182 1396 1622 1476 postponatur.
1683 1391 1998 1470 ’Ἀφερτος
2063 1389 2454 1456 adiectivum
2500 1388 2620 1454 Ae-

257 1493 463 1580 schylo
505 1497 572 1559 in
617 1495 859 1561 deliciis
907 1502 1023 1561 est.

338 1693 571 1763 XXIII.
635 1696 818 1778 Quod
879 1697 1159 1764 declarat
1224 1707 1277 1763 H
1305 1697 1391 1764 95
1412 1748 1429 1776 ,
1477 1697 1815 1764 Menelaus
1858 1698 2328 1786 propemodum
2373 1700 2619 1763 invitus

252 1801 619 1888 significarat
688 1824 823 1870 esse
893 1826 961 1870 se
1020 1810 1321 1891 paratum
1382 1804 1463 1870 ad
1520 1805 2023 1892 depugnandum
2092 1806 2243 1870 cum'
2308 1803 2586 1869 Hectore
2602 1853 2618 1882 ,

254 1907 457 1993 itaque
520 1909 685 1994 quod
756 1909 1001 1997 legItur
1074 1910 1320 1975 n122:
1395 1915 1503 1976 τοῦ
1570 1913 1686 1988 μὲν
1746 1910 1966 1975 ἔπειτα
2031 1947 2116 1958 -
2182 1908 2620 1986 γηθόσυνοι

260 2013 593 2092 θεράποντες
638 2017 754 2080 ἀπ’
802 2016 976 2092 ὤμων
1019 2017 1234 2097 τεύχε’
1283 2013 1526 2110 ἕλοντο,
1572 2016 1744 2084 malo
1789 2016 2257 2095 γηθοσύνου.

336 2231 555 2298 XXIV.
616 2233 714 2300 De
773 2257 961 2300 muro
1025 2256 1218 2320 quem
1278 2235 1620 2322 Neptunus
1684 2241 1749 2301 et
1812 2234 2046 2321 Apollo
2093 2233 2580 2301 exaedificarant
2597 2284 2615 2313 ,

262 2357 446 2405 sermo
489 2339 561 2406 fit
608 2350 663 2405 H
692 2339 859 2406 453:

589 2443 724 2526 ἥρωι
775 2447 1156 2524 Λαομέδοντ’
1208 2449 1632 2524 ἕπολΙσσαμεν
1679 2448 2170 2521 ἀθλήσαντε.

258 2547 485 2617 Notatis
543 2553 898 2629 ἀθλήσαντε
968 2559 1301 2640 tamquam
1368 2557 1714 2620 novicium.
1783 2551 2086 2641 Cogitavi
2144 2552 2444 2639 equidem
2505 2551 2618 2619 de:

258 2654 795 2738 ἀρθμήσαντε,
844 2661 1393 2746 quemadmodum
1439 2665 1508 2725 in
1556 2664 1793 2726 vicinia
1840 2667 1938 2726 est
1985 2682 2082 2726 vs.
2133 2659 2300 2726 302:
2346 2660 2622 2748 e'v'cpmd-

261 2783 380 2834 τητι
425 2763 761 2843 διέτμαγεν
811 2768 1228 2847 ἀρθμήσαντε.

332 2977 520 3045 XXV.
588 2980 797 3047 Sicuti
841 2982 1055 3048 multa
1100 2982 1228 3048 alia
1274 2985 1342 3048 in
1391 2989 1614 3048 octavo
1659 2981 1823 3049 libro
1841 3032 1857 3061 ,
1901 2984 2054 3048 haec
2094 3003 2346 3068 quoque
2386 3003 2610 3068 parum

265 3082 559 3172 eleganter
605 3109 702 3153 vs.
752 3087 919 3153 243:

583 3195 807 3265 αὐτοὺς
861 3192 935 3268 δή
982 3218 1095 3275 περ
1142 3192 1379 3259 ἔασον
1430 3194 1879 3275 ὑπεκφυγέμεν
1928 3194 2033 3259 καὶ
2084 3191 2338 3272 ἀλύξαι,

584 3300 730 3377 μηδ’
778 3296 930 3365 οὕτω
976 3299 1284 3382 Τρώεσσιν
1334 3299 1405 3364 ἔα
1456 3300 1808 3378 δάμνασθαι
1861 3300 2224 3382 Ἀχαιούς.,

258 3419 387 3467 nam
438 3427 595 3491 quae
656 3412 757 3472 est
810 3409 1127 3492 oppositio
1173 3410 1345 3472 inter
1388 3403 1567 3472 ἔασον
1615 3411 1682 3471 et
1726 3405 1846 3470 32?
1893 3405 1954 3470 N
1956 3427 2080 3470 une
2128 3411 2350 3471 autem
2394 3411 2618 3490 parata

256 3509 536 3576 medicina
596 3518 727 3578 est:
791 3512 1015 3584 αὐτοὺς
1084 3514 1154 3587 δή
1204 3536 1315 3592 περ
1364 3517 1664 3576 νεῦσον.
1713 3511 1884 3577 Hinc
1931 3514 2234 3577 continuo
2283 3514 2610 3597 sequitur:

256 3617 403 3679 νεῦσε
443 3615 507 3681 δέ
551 3619 603 3682 οἱ
656 3618 809 3682 λαὸν
855 3616 1005 3683 σάον
1055 3614 1324 3695 ἔμμεναι
1372 3616 1495 3684 οὐδ’
1544 3617 1911 3683 ἀπολέσθαι.

330 3831 546 3899 XXVI.
618 3835 879 3901 Inficeta
949 3838 1249 3902 carminis
1320 3857 1467 3924 pars
1531 3842 1630 3902 est
1648 3886 1664 3915 ,
1729 3839 1798 3900 in
1861 3857 1986 3923 qua
2048 3836 2292 3924 legitur
2352 3835 2616 3901 barbara

254 3940 441 4005 aoristi
498 3942 705 4007 forma
766 3944 1079 4024 πηχθῆναι
1144 3953 1199 4009 Θ
1227 3941 1381 4021 298,
1431 3965 1545 4008 nec
1591 3948 1810 4008 tamen
1859 3943 2193 4008 ferendum
2239 3949 2398 4028 puto
2447 3941 2616 4028 quod

256 4040 591 4130 Byzantinis
629 4052 837 4134 poetis
874 4049 1368 4135 relinquendum
1405 4056 1520 4115 est.
1564 4048 1660 4114 De
1701 4052 1958 4135 sagittis
1993 4049 2310 4138 gloriatur
2333 4048 2610 4115 Teucer:

575 4151 809 4225 πάντες
860 4154 915 4218 δ’
956 4155 1017 4218 ἐν
1065 4153 1216 4237 χροῒ
1256 4158 1494 4234 πῆχθεν
1543 4154 1827 4232 ἀρηϊθόων
1875 4152 2118 4235 αἰζηῶν,

254 4255 343 4320 sod
393 4279 616 4325 verum
680 4261 1060 4326 monstrabit
1120 4261 1291 4347 quod
1352 4259 1595 4346 leg-itur
1656 4281 1752 4325 vs.
1807 4255 1928 4326 67:
1996 4257 2364 4341 ἀμφοτέρων
2426 4259 2612 4338 βέλε’

254 4359 450 4436 ἥπτετο
496 4372 561 4432 et
608 4369 1075 4455 rescripserim:
