3192 5009
622 231 754 300 288
1580 250 2020 300 ηυωιιοππε.

712 417 786 482 P.
838 414 967 483 495
993 415 1131 482 DE.
1193 415 1526 482 Editorem
1573 416 1651 479 ἐν
1695 419 1993 494 φυτοῖς
2041 419 2212 482 recte
2259 417 2430 482 tueri
2474 415 2713 482 dubito.
2759 414 3006 503 Expec-

618 527 795 588 tatur
841 521 1267 601 ε’μΦύτως,
1316 525 1360 586 i.
1388 544 1442 587 e.
1490 520 1554 584 vi
1602 521 1811 586 insita.

710 629 786 692 P.
835 627 1071 696 499A.
1138 630 1173 704 ἦ
1239 628 1303 694 δὲ
1351 628 1559 692 Κακία
1611 633 1985 709 παρεστῶσα
2033 628 2245 706 γυμνη
2294 627 2402 693 καὶ
2449 627 2702 704 μηδενὸς
2748 628 3002 704 δεομένη

619 741 736 800 τῶν
784 733 996 810 ἔξωθεν
1042 735 1142 800 ἐπὶ
1196 735 1299 799 τὸν
1346 731 1650 813 ἄνθρωπον
1699 734 1980 814 ἐρωτάτω
2028 735 2164 800 καὶ
2214 736 2324 811 τὴν
2370 735 2628 815 Τύχην,
2672 737 2804 807 πῶς
2843 736 3008 810 ποιή-
3138 789 3140 798 2

616 863 709 906 σει
751 842 1173 917 κακοδαίμονα
1222 839 1326 906 καὶ
1377 838 1608 917 ἄθυμον
1657 843 1760 906 τὸν
1807 839 2130 922 ἄνθρωπον.
2179 840 2388 922 Quam
2434 844 2576 908 vim
2622 843 2728 908 hio
2775 843 3008 908 habeat
3138 901 3140 910 ,

614 947 849 1013 vocula
894 947 998 1011 καὶ
1047 947 1286 1012 frustra
1333 967 1587 1031 quaero.
1639 946 1763 1012 Vix
1809 950 2092 1034 genuina
2135 946 2414 1014 videtur.

699 1055 783 1119 P.
837 1052 968 1118 500
995 1055 1072 1118 A.
1137 1053 1316 1119 άλλὰ
1380 1060 1543 1120 ποιεῖ
1585 1059 2040 1132 πλουτοῦντας,
2089 1079 2120 1119 ε
2135 1055 2171 1119 ὖ
2191 1059 2292 1135 Φο
2309 1078 2338 1135 ρ
2355 1079 2384 1119 ο
2403 1058 2437 1119 ὖ
2457 1079 2488 1118 ν
2507 1079 2546 1118 τ
2561 1079 2604 1119 α
2626 1078 2655 1125 ς
2673 1103 2692 1133 ,
2740 1068 3008 1134 κληρονο-

618 1163 911 1237 μοῦντας.
962 1159 1255 1226 Fortasse
1302 1158 1652 1246 legendum
1699 1163 2355 1238 εὖπραγοῦντας.

709 1265 785 1332 P.
836 1265 969 1331 500
991 1265 1067 1331 E.
1141 1265 1189 1330 εί
1262 1265 1326 1330 δὲ
1396 1265 1483 1329 τοὶ
1553 1265 1669 1340 μὲν
1739 1267 1801 1329 ἒν
1871 1265 2050 1346 σαρκὶ
2113 1266 2445 1344 νοσήματα
2507 1271 2835 1346 σφυγμοῖς
2904 1267 3002 1331 καὶ

622 1371 923 1451 ὢχραις
989 1372 1579 1451 ἐρυθαινόμενα
1640 1375 1928 1450 Φωρᾶται
1978 1372 2106 1436 κτὲ.
2169 1371 2360 1436 Lenis
2407 1392 2556 1438 sane
2604 1379 2702 1439 est
2751 1373 3005 1439 editoris

622 1480 984 1544 coniectura
1042 1477 1258 1557 χρόαις
1280 1525 1297 1555 ,
1347 1482 1414 1542 at
1460 1496 1692 1562 parum
1739 1477 2068 1542 satisfacit.
2119 1477 2290 1543 Nam
2335 1499 2461 1542 non
2507 1481 2726 1544 minus
2773 1479 3006 1564 pallore

624 1604 817 1669 quam
856 1584 1087 1650 rubore
1122 1584 1333 1648 morbi
1372 1582 1951 1668 deprehenduntur,
1991 1605 2198 1668 neque
2219 1585 2347 1668 ipsi
2369 1584 2579 1649 morbi
2605 1585 3004 1663 ἒρυθαίνεσθαι

624 1690 750 1755 dici
793 1695 1094 1775 possunt,
1144 1709 1341 1774 quare
1388 1687 1622 1753 saltem
1669 1693 1787 1752 τῶν
1835 1687 2295 1768 ἐρυθαινομένων
2341 1692 2796 1775 requireretur.
2861 1688 3008 1756 Gra-

622 1797 769 1860 vius
806 1797 1013 1882 igitur
1056 1793 1299 1860 vulnus
1334 1793 1474 1859 loco
1511 1793 1832 1860 inflictum
1873 1799 1988 1859 est.
2025 1793 2516 1882 Intellegerem:
2558 1796 2662 1860 καὶ
2705 1795 2750 1860 ὦ
2769 1818 2822 1876 χ
2840 1819 2869 1876 ρ
2887 1819 2926 1860 α
2944 1818 2962 1858 ι
2979 1819 3004 1865 ς

629 1901 1087 1981 ,ἐρυθήμασί
1132 1925 1215 1966 τε
1264 1903 1575 1980 Φωροῖται.

720 2006 792 2070 Ρ.
845 2005 974 2073 517
1000 2007 1133 2072 AB.
1198 2006 1326 2071 Hic
1383 2005 1600 2083 loeus,
1662 2007 1732 2069 iu
1791 2027 1916 2092 quo
1977 2027 2106 2071 non
2167 2008 2378 2072 sanior
2425 2013 2524 2072 est
2569 2007 2767 2074 lectio
2820 2028 3002 2094 quam

627 2113 831 2179 editor
877 2114 1153 2198 praefert
1198 2111 1270 2177 τὸ
1320 2111 1867 2191 προαισθανόμενον
1915 2134 2110 2198 quam
2157 2112 2429 2200 vulgata
2473 2115 2577 2180 τὸν
2624 2112 3006 2192 προαισθανό·

626 2243 824 2296 μενον,
875 2226 1117 2285 certam
1163 2220 1338 2308 fug-it
1383 2218 1913 2285 emendationem.
1964 2217 2034 2284 Si
2075 2221 2387 2305 scriptum
2425 2225 2592 2286 esset
2629 2219 2864 2300 Φθάσει
2903 2227 3001 2292 τῆς

630 2326 961 2399 αἷσθήσεως
1011 2330 1353 2404 προανελὼν
1402 2325 1726 2402 ἑαυτόν,
1773 2323 1939 2388 nihil
1986 2323 2467 2391 desideraretur.

713 2432 789 2495 P.
841 2429 971 2496 519
996 2432 1071 2495 A.
1138 2433 1244 2508 ,,τί
1304 2427 1438 2509 οὖν;
1508 2430 1568 2493 ἐν
1629 2425 1807 2507 ὥραις
1857 2429 2047 2509 τρισὶν
2093 2427 2199 2494 οίει
2247 2433 2360 2504 τὴν
2405 2431 2585 2496 πόλιν
2633 2453 3003 2506 μετακεκοσ-

624 2537 921 2613 μῆσθαι”.
993 2536 1235 2618 Iniuria
1301 2537 1455 2602 haec
1526 2535 1721 2601 verba
1777 2538 1874 2600 ita
1935 2535 2230 2613 eduntur,
2299 2539 2483 2622 quasi
2547 2537 2626 2602 ad
2675 2537 3001 2624 dialogum

624 2644 858 2708 curiosi
903 2664 1053 2708 oum
1098 2642 1222 2708 alio
1270 2644 1654 2727 pertineant.
1705 2639 1872 2706 Sunt
1919 2643 2093 2706 enim
2139 2643 2344 2726 ipsius
2391 2645 2722 2728 scriptoris
2771 2643 2851 2709 ad
2895 2642 3002 2707 leo-

623 2753 849 2813 torem.

714 2855 788 2918 P.
842 2851 973 2919 520
998 2852 1129 2921 OD.
1194 2848 1382 2924 οὕτως
1430 2854 1481 2918 οἱ
1529 2852 1615 2918 τὰ
1663 2851 1798 2930 περὶ
1849 2855 1952 2918 τὸν
1997 2852 2136 2931 βίον
2179 2853 2616 2932 άστοχιὶματα
2665 2855 2774 2920 καὶ
2823 2858 3000 2931 γενῶν

624 2959 823 3040 αἴσχη
874 2958 978 3023 καὶ
1020 2959 1401 3041 διαστροφάς
1454 2982 1626 3030 τινας
1678 2960 1739 3024 ἐν
1787 2957 1958 3030 οἴκοις
2007 2959 2352 3034 ἀλλοτρίοις
2405 2959 2507 3023 καὶ
2559 2958 2998 3039 πλημμελείας

626 3070 1322 3147 πολυπραγμονοῦντες,
1386 3073 1504 3130 τῶν
1553 3066 1876 3145 πρώτων
1923 3064 2565 3141 ἀναμιμνησκέτωσαν
2612 3066 2871 3138 ἑαυτοὺς
2915 3059 2998 3128 ὅτι

626 3173 810 3254 χάριν
872 3173 975 3236 καὶ
1039 3171 1233 3246 όνησιν
1298 3171 1587 3248 οὐδεμίαν
1654 3171 1897 3249 ἤνεγκε.
1947 3170 2186 3237 Melius
2236 3172 2635 3260 intelligam:
2687 3180 2807 3238 τῶν
2851 3191 3001 3249 προ-

627 3302 827 3355 εγνω
849 3277 1152 3354 σμένων
1200 3275 1863 3356 άναμιμνησκέτωσαν,
1904 3283 1981 3343 ut
2019 3298 2212 3365 supra
2249 3299 2384 3364 cap.
2426 3278 2491 3342 X
2528 3281 2672 3344 init.
2697 3281 2998 3364 seriptum

627 3389 866 3451 exstat:
936 3382 1020 3448 διὸ
1092 3384 1197 3448 καὶ
1269 3385 1575 3465 χρήσιμον
1626 3422 1710 3433 -
1761 3391 1886 3455 τοῖς
1959 3383 2474 3464 πολυπράγμοσιν
2549 3387 2584 3459 ἧ
2656 3387 2778 3450 τῶν
2847 3405 3000 3463 προ-

626 3491 1149 3569 εγνωσμένων
1195 3490 1561 3566 ἀνάμνησιν.

716 3598 792 3661 Ρ.
843 3595 1078 3663 5241).
1140 3599 1215 3661 οὐ
1254 3596 1602 3661 παύσονται
1667 3597 2053 3673 δεόμεναι
2119 3602 2269 3660 τῶν
2329 3603 2758 3677 περιττῶν.
2807 3596 2997 3661 Verba

625 3704 780 3770 adeo
829 3701 997 3768 clara
1014 3752 1031 3782 ,
1079 3709 1155 3768 ut
1200 3705 1455 3768 mireris
1504 3702 1927 3768 Plutarchum
1978 3723 2138 3789 opus
2186 3723 2320 3768 esse
2358 3702 2672 3768 iudicasse
2709 3707 2996 3785 interpre-

622 3813 900 3876 tatione:
966 3809 1279 3874 τουτέστιν
1343 3810 1948 3883 ἐπιθυμοῦντες
2010 3804 2103 3871 ὦν
2166 3809 2246 3872 οὐ
2294 3807 2646 3873 δέονται.
2710 3808 2884 3874 Num
2927 3824 2994 3870 ea

619 3917 813 3982 verba
856 3918 1138 4002 genuina
1184 3937 1320 3981 esse
1370 3912 1720 4002 putemus?

716 4024 789 4088 P.
840 4020 969 4087 525
994 4021 1069 4087 E.
1121 4021 1245 4086 Pro
1297 4011 1767 4100 καθαριότητος,
1814 4041 1974 4106 quae
2013 4019 2220 4084 forma
2259 4024 2358 4084 est
2393 4020 2616 4098 nihili,
2656 4023 2990 4086 correctum

627 4130 911 4212 oportuit
958 4126 1448 4218 καθαρειότητος.

664 4309 667 4313 ¹
712 4231 787 4296 P.
838 4229 969 4296 526
997 4229 1067 4298 O.
1132 4255 1226 4298 vs.
1280 4234 1363 4300 18
1411 4233 1709 4310 γίγνεται
1757 4232 1986 4298 δούλων
2033 4230 2219 4296 τέκνα
2268 4235 2493 4320 gravis
2533 4239 2631 4300 est
2672 4249 2988 4321 operarum

626 4359 797 4406 error
843 4359 959 4423 pro
1008 4337 1179 4401 κατὰ
1228 4338 1330 4403 τὸν
1377 4340 1727 4419 Εὐριπίδην.
