3192 5009
555 262 688 327 204
1532 284 1937 331 Arnumnus.

552 446 833 512 Annotat
894 446 1100 511 editor
1166 449 1291 525 „siv
1352 448 1573 529 Ἐρέσῳ
1622 456 1861 521 κλεινῆς
1913 448 2168 524 Λέσβου
2213 448 2539 527 Meineke,
2591 458 2660 514 at
2701 450 2952 516 Eresus

550 573 675 616 non
714 559 810 617 est
851 554 1217 632 περικύμων,
1258 575 1372 645 nec
1402 553 1610 639 placet
1651 554 2044 631 ποτικύμονι,
2089 555 2257 639 quod
2293 558 2560 621 coniecit
2583 555 2948 621 Ribbeck&

553 657 684 723 Nec
742 658 941 737 mihi,
988 680 1141 724 nam
1190 660 1539 735 ποτικύμων
1586 680 1785 744 aeque
1831 662 2134 745 ignotum
2180 666 2275 725 est
2322 680 2394 725 ac
2441 662 2829 739 προσκύμων,
2883 668 2951 726 61

549 763 905 828 fertilitatis
965 768 1140 829 notio
1188 766 1554 849 requiritur,
1605 768 1821 849 itaque
1869 771 2243 851 expectatur
2299 767 2746 845 ἐρικύμονι,
2819 788 2951 852 quo

547 869 857 934 vocabulo
927 892 1081 934 usus
1152 876 1248 936 est
1310 869 1669 957 Aeschylus
1732 871 1964 956 Agam.
2019 870 2166 935 118.
2243 868 2412 937 Cum
2473 880 2688 937 tamen
2749 894 2950 957 saepe

548 979 930 1060 praepositio
970 1000 1128 1056 περι·
1164 979 1232 1041 16
1260 977 1726 1041 adiectivorum
1751 979 2206 1062 compositione
2231 978 2498 1043 eandem
2521 982 2660 1043 vim
2684 979 2948 1055 habeat,

547 1080 687 1145 fieri
725 1102 873 1146 sane
913 1088 1121 1167 potest
1156 1090 1231 1146 ut
1278 1083 1728 1147 Archestratu's
1776 1084 2122 1160 περικύμων
2168 1104 2280 1168 pro
2331 1086 2625 1161 ἓρικύμων
2671 1106 2950 1169 usurpa-

546 1190 732 1252 verit.
798 1188 979 1267 Quod
1024 1192 1077 1253 si
1124 1192 1219 1253 ita
1264 1194 1395 1267 est,
1442 1188 1709 1254 fortasse
1757 1188 1990 1253 sufficit
2033 1188 2238 1253 lenior
2281 1193 2557 1255 mutatio

911 1297 972 1358 ἐν
1021 1294 1300 1371 Λέσβου
1350 1304 1587 1370 κλεινῆς
1635 1296 1879 1371 Ἐρέσου
1926 1295 2279 1375 περικύμονι
2329 1298 2592 1376 μαστῷ,

549 1406 625 1465 ut
664 1405 976 1486 posterior
1010 1405 1352 1487 genetivus
1393 1408 1569 1481 (cum
1612 1402 1822 1488 ellipsi
1861 1406 2036 1467 vocis
2077 1404 2338 1481 πόλεως)
2379 1424 2416 1467 6
2445 1406 2655 1488 priore
2681 1424 2948 1488 suspen-

552 1528 661 1571 sus
723 1510 827 1571 sit.
892 1506 1060 1587 Quid
1118 1514 1339 1573 autem
1356 1557 1372 1585 ,
1440 1509 1761 1573 duriorem
1825 1511 1999 1573 enim
2058 1514 2450 1574 structuram
2513 1530 2648 1574 esse
2691 1511 2907 1574 sentio
2927 1556 2947 1591 ,

553 1616 608 1678 si
654 1616 851 1678 etiam
896 1612 1107 1678 lenius
1156 1616 1573 1700 corrigimus:

917 1720 978 1784 ἐν
1024 1721 1251 1799 Λέσβῳ
1300 1728 1537 1793 κλεινῆς
1589 1718 1838 1799 Ἐρέσου
1886 1722 1944 1783 τ’
1992 1719 2407 1799 ἐρικύμονι
2458 1723 2719 1803 μαστῷ,

550 1830 627 1889 111
673 1846 858 1910 saepe
904 1826 1133 1911 copula
1174 1827 1461 1913 generali
1506 1829 1752 1891 notioni
1799 1825 2092 1911 specialis
2140 1827 2588 1913 subiungitur:
2639 1827 2709 1890 in
2759 1828 2944 1890 Lesbo

551 1932 863 2017 claraeque
906 1933 1084 1997 Ere-si
1112 1934 1339 2020 sev-tibi
1385 1930 1579 1997 collo?
1628 1932 1914 1997 Scribere
1963 1939 2182 1997 autem
2229 1935 2317 1998 sic
2365 1934 2538 1999 malo
2578 1956 2774 2020 quam
2811 1935 2950 1998 hia·

550 2044 697 2102 tum
734 2038 1157 2105 Homericum
1202 2041 1489 2105 tribuens
1534 2040 1943 2104 Archestrato
1995 2046 2234 2112 κλεινῆς
2291 2043 2349 2103 τ’
2398 2041 2644 2121 Ἐρέσου
2695 2038 2946 2121 ἐρικύ-

552 2170 778 2224 μονι,
844 2155 957 2212 6111
1022 2154 1261 2220 κλεινῆς
1325 2150 1382 2211 τ’
1453 2146 1700 2225 Ἐρέσου
1764 2147 2290 2225 περικύμονι,
2356 2150 2505 2234 quia
2566 2154 2940 2233 suspectum

552 2266 767 2318 tamen
832 2262 929 2319 est
991 2248 1336 2336 περικύμων
1399 2255 1648 2319 dictum
1700 2275 1813 2339 pro
1863 2254 2173 2333 ἐρικύμων.
2225 2252 2506 2340 Copulae
2554 2276 2707 2319 vero
2755 2254 2941 2319 illam

528 2358 777 2423 ‚sedem
823 2364 1027 2445 poetis
1076 2364 1229 2425 satis
1277 2360 1664 2425 familiarem
1723 2381 1859 2424 esse
1877 2408 1894 2437 ,
1959 2360 2073 2424 ubi
2134 2360 2442 2425 vocabula
2505 2359 2942 2445 praecedentia

554 2470 688 2529 arte
735 2468 1091 2551 iungantur
1136 2487 1325 2531 nemo
1370 2469 1648 2552 ignorat.

646 2593 706 2656 p.
763 2570 910 2649 113,
938 2593 991 2637 6.
1056 2574 1157 2637 τὸν
1223 2572 1285 2636 δὲ
1342 2579 1608 2637 τοιοῦτον
1655 2569 1835 2650 ἄρτον
1881 2572 1934 2635 οἱ
1986 2573 2160 2649 Σύροι
2209 2571 2484 2651 λαχμὰν
2532 2573 2940 2653 προσαγορεύ·

553 2700 719 2755 ουσι,
783 2678 892 2742 κοιί
950 2678 1113 2743 ἐστιν
1176 2676 1344 2751 οὗτος
1411 2680 1470 2742 ἐν
1536 2679 1730 2761 Συρίᾳ
1791 2677 2220 2757 χρηστότατος
2288 2678 2612 2755 γενόμενος
2678 2679 2810 2743 διὰ
2858 2680 2939 2741 τὸ

555 2785 1055 2861 θερμότατος
1107 2786 1446 2863 τρώγεσθαι
1496 2786 1605 2848 καί
1653 2785 1816 2848 ἐστιν
1863 2781 2085 2847 ἄνθει
2136 2788 2592 2864 παραπλήσιος.
2641 2786 2942 2872 Suspicor

556 2928 641 2940 --
694 2891 1054 2968 γενόμενος,
1106 2891 1233 2955 δεῖ
1272 2892 1324 2955 δ’
1375 2890 1622 2955 οοῦτὸν
1669 2890 2171 2968 θερμότατον
2221 2891 2560 2968 τρώγεσθαι
2610 2892 2738 2956 κτὲ.
2810 2891 2939 2957 Sub

552 3006 672 3063 AN
680 3008 819 3063 ΘΕΞΙ
867 3004 1086 3064 autem
1124 3002 1341 3062 notius
1381 2996 1640 3083 aliquod
1677 2999 1858 3083 panis
1897 3006 2127 3062 nomen
2171 2996 2536 3062 delitescere
2563 2998 2935 3063 crediderim

552 3105 657 3185 (cf.
707 3126 771 3189 p.
830 3102 976 3180 139,
1008 3126 1064 3181 a,
1118 3104 1185 3184 2)
1253 3125 1366 3169 666
1430 3103 1602 3168 floris
1652 3124 1882 3167 nomen
1932 3103 2274 3180 excidisse,
2323 3123 2485 3188 quae
2535 3104 2796 3168 editoris
2845 3106 2936 3167 est

502 3280 511 3287 ,
552 3214 882 3275 666166116.

643 3339 704 3402 p.
758 3315 906 3393 113,
932 3316 977 3379 f.
1050 3318 1116 3379 οὐ
1184 3318 1279 3394 χώ
1351 3314 1678 3394 προπάτωρ
1752 3316 1914 3389 ὑμῶν
1989 3314 2282 3391 Διογένης
2357 3315 2726 3380 πλακοῦντά
2791 3336 2934 3379 ποτε

553 3422 759 3487 ἐσθίων
802 3424 859 3485 ἐν
898 3422 1113 3500 δείπνῳ
1154 3421 1401 3499 λάβρως
1443 3423 1587 3502 πρὸς
1627 3420 1729 3484 τὸν
1771 3422 2214 3494 πυνθανόμενον
2253 3418 2470 3497 ἔλεγεν
2512 3420 2690 3500 ἄρτον
2731 3422 2937 3485 ἐσθίειν

554 3535 757 3599 καλῶς
807 3528 1228 3603 πεποιημένον.
1276 3528 1502 3592 Nescio
1551 3548 1632 3591 66
1679 3532 1823 3612 post
1871 3525 2313 3602 πυνθανόμενον
2364 3527 2714 3592 exciderint
2753 3527 2936 3593 verba

554 3638 682 3706 πῶς
732 3636 886 3699 κύων
934 3635 1009 3698 ὢν
1058 3634 1235 3698 ἐσθίοι
1282 3638 1689 3715 πλακοῦντα,
1741 3640 1856 3697 6111
1901 3632 2148 3718 aliquid
2195 3634 2532 3698 eiusmodi.

645 3763 708 3826 p.
762 3739 911 3819 113,
940 3762 993 3805 6.
1043 3739 1144 3804 Α6
1191 3742 1334 3804 ὀκνῶ
1386 3740 1583 3819 (ναὶ)
1634 3740 1732 3817 μοὶ
1778 3739 1895 3809 τὰς
1948 3740 2087 3808 θεὰς
2143 3737 2376 3803 εἷπεῖνῖ

642 3870 703 3933 p.
748 3846 895 3925 116,
917 3847 977 3911 b.
1029 3846 1101 3910 In
1126 3847 1655 3933 depravatissimo
1681 3847 2043 3933 frag-mento
2067 3844 2601 3929 pseudo-Hesiodi
2625 3868 2721 3911 vs.
2749 3845 2789 3911 5
2815 3862 2931 3929 sq.:

822 3952 920 4016 νοιὶ
969 3954 1091 4029 μὴν
1140 3955 1245 4017 οὐκ
1296 3953 1517 4022 οἱκλεὲς
1566 3954 1798 4025 θνητοῖς
1847 3954 2020 4030 γένος
2069 3948 2486 4030 ὀξυρρύγχου,

820 4054 881 4121 ὃν
932 4057 1033 4121 xa)
1084 4055 1219 4122 ὅλον
1269 4058 1371 4121 aa}
1423 4059 1660 4132 τμητὸν
1707 4055 1908 4128 ἅλες
1957 4064 2302 4137 τρηχεῖς
2355 4056 2689 4133 ἐκόμισσαν

551 4164 813 4228 fortasse
874 4184 1104 4227 verum
1164 4168 1262 4228 est
1322 4164 1851 4243 οὶλιννηχεῖς,
1917 4170 2168 4239 nautae,
2236 4168 2314 4226 ut
2376 4163 2568 4242 τέχνη
2635 4160 2928 4242 ὦλινηχῆς

550 4276 648 4336 661
694 4270 864 4354 apud
908 4268 1237 4334 Iulianum
1283 4271 1441 4357 Aeg.
1490 4273 1558 4334 16
1609 4272 1683 4335 A.
1735 4271 1807 4335 P.
1860 4269 1966 4347 VI,
2017 4268 2124 4335 29.

642 4400 705 4463 p.
762 4375 911 4453 124,
942 4398 993 4439 6.
1042 4375 1320 4454 Locum,
1372 4398 1565 4461 quem
1613 4399 1736 4442 non
1785 4398 2006 4463 capere
2057 4398 2122 4440 se
2169 4379 2262 4440 ait
2307 4375 2414 4454 Κ.,
2463 4379 2554 4442 616
2597 4374 2929 4463 intellego:
