3192 5009
441 210 483 279 6
1421 226 1834 279 sumemus.

981 394 1337 471 Γεθσεμανῆ
1382 392 1633 471 τέμενος
1689 394 1973 473 λαμπρὸν
2020 393 2256 461 ἀείδω
2277 441 2294 472 ,

979 498 1119 567 ἔνθα
1165 500 1512 567 τέτυκτο
1558 499 1767 581 τάφος
1812 500 1993 583 μητρὶ
2041 502 2272 567 θεοῖο.

437 610 658 677 Nescit
697 614 887 697 poeta
921 608 1205 675 mediam
1243 613 1309 673 et
1344 612 1559 673 tutam
1593 608 1771 673 viam
1809 613 2022 675 tenere
2060 615 2127 674 et
2165 608 2585 673 Phaethontis
2607 608 2811 671 instar

438 716 627 782 modo
670 717 859 781 humi
903 718 1073 801 repit
1089 764 1107 793 ,
1153 714 1346 779 modo
1391 715 1594 780 fertur
1634 713 1929 780 sublimis
1970 721 2034 781 et
2069 718 2287 800 ipsum
2322 714 2573 781 coelum
2593 718 2810 799 petere

436 823 606 891 velle
670 823 947 889 videtur.
1019 821 1132 886 Nil
1193 819 1453 907 aequale
1507 822 1756 886 homini
1802 828 1900 886 est
1945 820 2044 887 illi
2062 870 2078 899 ,
2127 826 2205 887 ut
2250 820 2419 907 apud
2460 819 2810 885 Horatium

439 935 556 996 est.
617 928 736 995 Est
799 949 950 994 sane
997 926 1242 1014 aliquid
1286 926 1768 993 condonandum
1811 926 1913 992 illi
1958 931 2153 993 aetati
2168 976 2187 1006 ,
2227 948 2353 1013 qua
2396 924 2663 994 Graecia
2709 924 2811 989 de-

438 1038 679 1123 crepita
735 1034 1120 1100 iamdudum
1182 1032 1523 1110 delirabat3
1587 1039 2035 1099 verumtamen
2096 1034 2472 1101 emendandi
2530 1032 2811 1098 officium

435 1144 760 1229 imprimis
807 1140 1150 1207 molestum
1197 1140 1272 1205 fit
1289 1189 1306 1219 ,
1357 1140 1469 1205 ubi
1515 1144 1825 1228 perpetuo
1868 1142 2128 1207 haereas
2147 1190 2163 1220 ,
2203 1144 2273 1206 in
2306 1147 2523 1207 utram
2561 1144 2811 1225 partem

435 1254 624 1334 poeta
667 1249 1023 1334 peccaverit
1067 1267 1181 1312 nec
1227 1246 1432 1312 dicere
1475 1247 1708 1312 habeas
1725 1295 1743 1324 ,
1796 1252 2022 1312 utrum
2067 1268 2219 1313 cum
2270 1245 2641 1333 aequalibus
2682 1241 2812 1310 bal-

435 1356 646 1422 butir0
687 1352 964 1420 voluerit
1010 1373 1090 1418 an
1128 1352 1319 1439 paulo
1357 1356 1600 1417 maiora
1639 1373 1859 1419 canere
1898 1362 1963 1419 et
1994 1360 2311 1421 sonatura.
2362 1350 2560 1439 Cupit
2594 1350 2811 1417 locum

437 1460 652 1529 videre
667 1509 686 1540 ,
733 1461 848 1527 ubi
892 1459 1140 1527 Helena
1184 1480 1438 1526 crucem
1481 1462 1763 1525 invenit:

1161 1564 1344 1644 ξύλον
1389 1561 1459 1631 οὗ
1502 1568 1574 1633 τὸ
1623 1566 1772 1632 θεῖον
1817 1563 1983 1648 εὗρεν

1161 1672 1376 1746 Ἑλένη
1425 1672 1692 1751 μέδουσα
1742 1673 1940 1750 κεδνή.

437 1779 712 1847 Summa
779 1785 880 1845 est
944 1779 1213 1845 infantia
1267 1780 1338 1843 in
1395 1778 1512 1844 illo
1571 1776 1756 1854 ξύλον
1816 1774 1885 1845 οὗ
1943 1781 2013 1847 τὸ
2060 1781 2210 1846 θεῖον
2252 1775 2454 1859 εὗρεν·
2506 1784 2572 1847 at
2618 1797 2814 1865 quam

437 1886 860 1976 magnificum
904 1890 1003 1952 est
1047 1884 1114 1951 S.
1161 1884 1476 1951 Helenam
1521 1884 1825 1963 μέδουσαν
1872 1892 1939 1952 et
1986 1886 2190 1962 κεδνὺν
2234 1883 2585 1974 appellare!

530 1992 732 2059 Metri
796 1994 960 2059 ratio
1021 1990 1196 2059 facili
1257 2013 1447 2078 opera
1509 1998 1789 2079 apparet.
1848 1992 2153 2080 Exceptis
2214 1998 2463 2081 septem
2522 1992 2814 2058 distichis

443 2097 778 2187 dactylicis
796 2147 812 2178 ,
878 2119 1039 2184 quae
1100 2098 1206 2163 hic
1266 2097 1399 2164 illic
1452 2102 1965 2187 interponuntur,
2013 2100 2163 2164 sunt
2208 2100 2503 2187 strophae
2548 2100 2817 2165 Anacre-

443 2209 688 2273 onticae
731 2207 972 2292 viginti
1016 2204 1178 2270 duae
1195 2253 1213 2282 ‚
1263 2225 1536 2291 quarum
1582 2208 1769 2270 initia
1812 2227 1927 2291 per
1968 2211 2184 2271 totum
2232 2204 2647 2293 alphabetum
2694 2205 2818 2271 dis-

447 2319 714 2380 currunt
729 2362 747 2391 ,
812 2312 922 2378 sed
976 2310 1212 2396 duplex
1257 2317 1355 2377 est
1399 2313 1657 2397 strophe
1702 2321 1750 2377 E
1772 2362 1789 2390 ,
1837 2318 2059 2379 contra
2102 2312 2333 2379 desunt
2378 2314 2675 2398 strophae
2723 2320 2779 2379 H
2797 2362 2814 2391 ,

439 2430 500 2486 A
539 2423 604 2485 et
647 2426 741 2484 Ω..
781 2417 972 2483 Hunc
1012 2417 1330 2483 defectum
1368 2402 1682 2503 quomodo
1721 2418 2017 2506 supplere
2041 2422 2361 2505 possimus
2378 2468 2395 2497 ,
2421 2440 2575 2484 nam
2596 2439 2819 2484 revera

438 2524 602 2591 nihil
643 2525 818 2591 deest
834 2573 852 2603 ,
893 2524 1060 2589 infra
1095 2524 1497 2602 videbimus;
1538 2546 1708 2590 nunc
1747 2527 2111 2592 notabimus
2145 2525 2310 2591 fflud
2346 2530 2603 2591 tantum
2618 2574 2636 2603 ‚
2663 2532 2818 2591 stro-

440 2632 718 2720 pharum
757 2630 1046 2696 ordinem
1079 2632 1149 2694 in
1189 2628 1422 2697 Codice
1459 2633 1792 2698 turbatum
1830 2654 1965 2699 esse
1983 2683 2000 2711 ,
2042 2654 2195 2698 nam
2233 2639 2378 2718 post
2401 2632 2731 2719 stropham
2756 2642 2815 2697 Ψ

439 2738 750 2825 leguntur
801 2738 1096 2823 strophae
1151 2746 1206 2801 n
1265 2744 1328 2803 et
1377 2747 1452 2815 T,
1503 2760 1696 2824 quam
1741 2737 1987 2805 librarii
2030 2739 2498 2828 negligentiam
2544 2742 2819 2805 correxit

437 2844 800 2931 Matranga.
867 2840 1171 2911 Ceterum
1216 2848 1404 2929 poeta
1451 2848 1607 2909 satis
1654 2850 1835 2911 curat
1874 2844 2270 2933 syllabarum
2316 2848 2705 2932 quantitates
2752 2850 2819 2910 et

436 2972 640 3039 pauca
686 2952 951 3016 fortasse
997 2950 1226 3017 fuisset
1271 2956 1645 3037 peccaturus
1662 3001 1679 3030 ,
1730 2955 1784 3016 si
1827 2950 2079 3017 vocales
2136 2955 2442 3039 ancipites
2500 2953 2815 3038 potuisset

441 3060 854 3146 distinguere.
899 3056 1141 3123 Verum
1181 3057 1302 3124 hae
1341 3057 1605 3144 quidem
1642 3058 1812 3145 apud
1851 3080 2002 3125 enm
2041 3080 2155 3146 pro
2182 3057 2397 3125 lubitu
2421 3063 2535 3124 aut
2556 3059 2813 3143 corripi-

443 3171 644 3231 untur
679 3171 792 3231 aut
832 3165 1290 3251 producuntur.
1331 3164 1435 3230 Vs.
1482 3165 1564 3231 61
1608 3168 1703 3231 ὅτ·
1721 3191 1762 3230 a
1783 3165 1818 3230 δ
1834 3172 1877 3230 ὥ
1895 3191 1926 3231 ν
1964 3164 2165 3246 ἔνιψεν
2204 3164 2373 3249 ἴχνη,
2399 3172 2814 3252 anapaestum

437 3272 589 3337 fecit
604 3320 622 3349 ,
664 3273 775 3358 qui
817 3271 1118 3337 bacchius
1157 3276 1312 3337 erat.
1353 3268 1761 3337 Contrarium
1796 3275 2037 3338 vitium
2074 3280 2173 3338 est
2208 3294 2303 3339 vs.
2332 3270 2416 3338 12
2446 3272 2595 3353 ἱερὸν
2622 3272 2811 3351 κύβον

438 3376 765 3443 κατίδω.
814 3376 922 3442 Vs.
972 3375 1060 3442 32
1108 3376 1178 3442 τὸ
1226 3376 1486 3442 λύσων
1523 3375 1715 3453 ξύλου
1754 3378 2055 3458 κατάραν,
2094 3385 2388 3446 accentus
2423 3383 2555 3446 iam
2594 3382 2815 3466 arguit

441 3487 512 3549 in
551 3485 887 3572 participio
924 3504 1224 3549 errorem.
1276 3482 1552 3548 Possunt
1588 3484 1665 3550 de
1703 3485 1822 3550 hoc
1860 3506 2091 3572 genere
2118 3484 2244 3551 alia
2264 3486 2474 3551 multa
2496 3486 2677 3563 addi,
2704 3485 2815 3552 sed

439 3593 508 3656 in
541 3590 936 3677 reliquarum
976 3595 1249 3677 quatuor
1272 3587 1597 3655 vocalium
1620 3593 2085 3677 quantitatibus
2108 3598 2297 3679 poeta
2320 3592 2484 3658 nihil
2506 3596 2810 3679 peccavit.

530 3696 770 3764 Statim
815 3697 894 3762 ab
936 3698 1123 3763 initio
1171 3715 1367 3781 grave
1412 3697 1653 3761 vitium
1696 3696 1856 3763 latet
1898 3700 1967 3762 in
2014 3700 2223 3784 prima
2266 3700 2554 3787 strophe:

1055 3792 1322 3896 εἈγιον
1368 3816 1655 3896 πόλισμα
1702 3818 1855 3884 θεῖον

1159 3931 1558 4011 Ἰερουσαλήμ
1604 3932 1665 3995 τ’
1711 3931 1771 4004 ἐς
1817 3934 1919 3997 νῦν
1963 3931 2033 4009 δή

1159 4034 1342 4102 ἐθέλω
1393 4036 1601 4111 πύλας
1656 4044 1937 4118 παρεῖναι

1159 4140 1234 4209 ἵν’
1278 4146 1609 4223 ἀγαλλιῶν
1654 4144 1893 4211 ἐσέλθω.

435 4246 671 4315 Versus
733 4255 914 4327 sunt,
975 4254 1053 4315 ut
1109 4250 1289 4317 vides
1306 4300 1323 4329 ,
1372 4251 1810 4317 Anacreontiei
1827 4301 1844 4331 ,
1892 4254 1960 4317 in
1998 4253 2230 4339 quibus
2275 4258 2461 4341 poeta
2505 4262 2809 4342 perpetuo

439 4358 790 4422 rectissime
853 4359 1116 4444 corripit
1177 4356 1789 4445 antepaenultimam
1848 4358 2181 4446 syllabam.
2228 4360 2452 4446 Itaque
2498 4361 2809 4429 secundus
