3192 5009
1197 918 1368 1008 AD
1444 919 2345 1012 ATHENAEUM.

1654 1126 1903 1168 sompsl'r

1303 1280 1389 1345 H.
1440 1279 1616 1345 VAN
1661 1279 2241 1361 HERWERDEN.

1516 1557 2019 1597 *emo—

1577 1780 1812 1829 Athensei
1845 1781 2162 1831 Naum-ntitas
2191 1781 2708 1848 Deipnosophittnrum
2737 1780 2850 1831 libri
2869 1781 2964 1829 XV.

1643 1864 1899 1913 Recensuit
1936 1864 2170 1928 Georgius
2207 1863 2390 1914 Kaibol.
2426 1865 2617 1930 Lipsiae
2654 1864 2788 1915 1887
2808 1880 2905 1929 sqq.

666 2038 699 2104 Ι
746 2038 807 2119 6,
836 2039 897 2103 d.
962 2036 1349 2105 GLEAROHUS
1405 2044 1620 2104 narrat
1680 2038 1756 2104 de
1816 2037 2175 2104 Melanthio
2238 2040 2497 2105 homine
2543 2040 2816 2128 guloso:
2865 2039 2966 2103 xa}

581 2146 757 2216 τέλος
824 2146 1125 2227 ἰχθύαν
1191 2146 1417 2223 τρίβων
1476 2147 1890 2225 ἀπεκάθαιρεν
1938 2146 2152 2223 αὐτήν,
2201 2168 2286 2211 sc.
2336 2149 2446 2219 τὴν
2493 2155 2817 2224 γλῶσσαν.
2865 2144 2961 2210 Sic

578 2250 812 2316 Ksibel
881 2272 959 2316 ex
1026 2254 1335 2338 anonymi
1395 2255 1759 2317 coniectura
1821 2272 1935 2338 pro
1996 2252 2270 2317 absurda
2325 2254 2640 2319 librorum
2701 2254 2960 2319 lectione

582 2359 781 2438 ἰχθύν.
830 2356 963 2423 Nec
1009 2364 1225 2423 tamen
1270 2358 1377 2425 vel
1423 2358 1648 2437 ἰχθύαν
1701 2361 1854 2423 satis
1898 2358 2208 2446 intellego
2248 2359 2357 2425 sed
2395 2364 2652 2446 requiro
2679 2361 2958 2425 dativum

578 2467 996 2530 instrumenti
1042 2466 1230 2543 ἰχθύ
1250 2488 1310 2547 α.
1360 2463 1616 2529 Dicitur
1659 2467 1834 2530 enim
1878 2463 2277 2531 Melanthius
2322 2486 2634 2553 purgasse
2674 2467 2961 2553 linguam

575 2591 763 2637 suam
826 2570 1083 2635 terendo
1145 2578 1291 2636 cute
1352 2574 1543 2657 piscis
1563 2620 1579 2649 ,
1641 2573 1747 2635 cui
1806 2571 1930 2651 ῥίνη
1977 2592 2210 2636 nomen
2229 2621 2246 2650 ,
2296 2594 2424 2637 non
2469 2574 2734 2639 terenda
2779 2572 2956 2659 piscis

576 2684 795 2753 cutem
838 2676 1065 2763 lingua
1081 2726 1099 2760 ,
1146 2682 1223 2741 ut
1270 2678 1562 2743 arbitror.

668 2807 729 2870 p.
785 2782 847 2862 9,
875 2805 929 2849 e.
993 2783 1171 2849 ἀλλὰ
1219 2786 1341 2859 μὴν
1389 2783 1766 2864 (Homerus)
1813 2782 1944 2848 οὐδὲ
1992 2784 2524 2861 στεφανουμένους
2574 2786 2711 2850 οὐδὲ
2761 2805 2956 2862 μυρου-

574 2892 789 2969 μένους
852 2887 1050 2968 ὥσπερ
1109 2890 1243 2955 οὐδὲ
1289 2893 1665 2968 θυμιῶντας,
1712 2890 1889 2954 ἄλλα
1941 2888 2189 2953 πάντων
2236 2892 2466 2956 τούτων
2514 2890 2954 2967 ἀπολυομένους

573 2996 714 3069 τοὺς
774 2996 1115 3075 ἀνθρώπους
1181 2998 1265 3067 εἶς
1334 2997 1675 3074 ἐλευθερίαν
1722 2996 1826 3059 καὶ
1879 2996 2256 3074 αὐτάρκειαν
2307 2994 2778 3075 ἐξαιρεῖται
2825 2993 2952 3061 τοὺς

570 3105 948 3185 πρώτους.
1014 3105 1313 3168 Annotat.
1362 3102 1446 3166 Κ.
1497 3100 1764 3183 »ἐξαίρει
1813 3102 1918 3166 καὶ
1967 3100 2106 3171 τοὺς
2155 3102 2464 3189 Madvig,
2514 3103 2676 3169 latet
2725 3098 2948 3168 aliud”.

569 3210 743 3275 Mihi
789 3214 938 3275 nota
983 3209 1264 3274 formula
1306 3211 1467 3274 iuris
1508 3210 1711 3273 Attici
1751 3207 2114 3285 ἐξαιρεῖσθαι
2155 3210 2238 3279 εἷς
2269 3209 2629 3287 ἐλευθερίαν,
2655 3209 2950 3273 vindicare

570 3318 639 3380 in
701 3316 1032 3379 libertatem
1092 3336 1131 3379 a
1193 3318 1499 3402 scriptore
1561 3314 1638 3379 de
1696 3313 2013 3379 industria
2075 3314 2360 3379 adhibita
2411 3336 2547 3381 esse
2592 3317 2848 3382 videtur
2890 3314 2946 3373 et

568 3422 746 3487 locus
806 3424 966 3486 vitio
1029 3442 1237 3487 carere
1258 3470 1273 3499 ,
1336 3424 1462 3485 nisi
1530 3422 1693 3485 forte
1752 3420 2144 3487 haenendum
2206 3422 2276 3484 in
2323 3422 2589 3499 πρώτους
2608 3470 2625 3498 ,
2677 3442 2789 3509 pro
2835 3434 2945 3502 quo

570 3530 784 3614 aptius
846 3526 1051 3593 videri
1112 3533 1325 3613 potest
1390 3527 1667 3606 ἧρωικούς
1691 3576 1706 3605 ,
1771 3530 1921 3611 quia
1983 3527 2138 3604 hos,
2208 3547 2334 3591 non
2381 3530 2625 3612 primos
2672 3526 2942 3592 homines

568 3640 757 3721 poeta
808 3634 1127 3699 describit.
2559 3631 2568 3637 '

660 3763 724 3826 p.
781 3739 883 3817 10,
910 3761 965 3805 e.
1028 3740 1185 3804 Post
1248 3739 1555 3818 ἀκρασίαν
1623 3760 1962 3823 operarum
2025 3741 2273 3803 incuria
2337 3739 2642 3805 excidisse
2704 3737 2940 3805 videtur

569 3849 1001 3912 necessarium
1054 3848 1447 3925 πασχόντων.
1499 3843 1595 3912 Of.
1647 3845 1744 3910 ed.
1795 3844 2155 3931 Schweigh.

660 3975 723 4038 p.
780 3952 882 4031 18,
909 3974 965 4017 θ.
1032 3952 1361 4032 Φύλαρχος
1412 3990 1497 4000 —
1545 3958 1700 4031 Φησι
1766 3953 1868 4015 τὸν
1931 3953 2126 4016 Ἰνδῶν
2187 3951 2467 4028 βασιλέα
2539 3953 2816 4029 Σελεύκῳ
2860 3978 2934 3992 --

571 4058 953 4123 ἀποστεῖλαί
1013 4081 1185 4129 τινας
1252 4056 1539 4135 δυνάμεις
1589 4059 1888 4129 στυτικὰς
1939 4058 2233 4131 τοιαύτας
2281 4060 2358 4130 ὦς
2411 4058 2525 4122 ὑπὸ
2574 4060 2712 4130 τοὺς
2759 4052 2932 4119 πόδας

571 4165 891 4240 τιθεμένας
958 4171 1073 4229 τῶν
1135 4163 1646 4245 συνουσιαζόντων
1707 4162 1792 4235 οἷς
1856 4166 1968 4243 μὲν
2033 4165 2226 4243 ὁρμὰς
2278 4166 2550 4241 ἐμποιεῖν
2599 4165 2820 4245 ὀρνίθων
2865 4154 2934 4219 δί-

572 4296 702 4354 κην,
766 4267 891 4345 οὖς
942 4271 1003 4335 δὲ
1052 4272 1467 4337 καταπαύειν.
1516 4269 1658 4336 Imo
1709 4293 1862 4338 vero
1909 4267 2024 4345 οἷς
2077 4272 2137 4336 δὲ
2190 4273 2603 4350 καταπαύειν,
2654 4269 2783 4337 scil.
2827 4262 2928 4329 τὰς

573 4376 791 4459 ὅρμοὶς.
