3192 5009
504 938 647 1028 AD
705 934 1191 1026 VERGILII
1250 933 1716 1023 ECLOGAS
1779 931 1908 1022 III
1969 929 2097 1020 ΕΤ
2155 929 2347 1019 VII.

1318 1139 1565 1181 sculpam·

974 1292 1119 1400 -H.
1183 1288 1256 1355 Τ.
1322 1289 1838 1356 KARSTEN.

1224 1598 1620 1634 m

348 1854 637 1922 Tractabo
679 1856 836 1922 duos
872 1856 1047 1922 locos
1088 1858 1157 1920 in
1203 1854 1463 1942 Eclogis
1500 1858 1634 1919 iam
1674 1857 1927 1942 pridem
1968 1856 2391 1922 conclamatos
2432 1859 2632 1922 varie-

274 1983 378 2046 que
419 1969 670 2027 vexatos
715 1982 753 2027 a
791 1961 1169 2048 philologis,
1220 1960 1331 2026 sed
1370 1964 1479 2046 qui
1520 1959 1710 2025 hodie
1749 1964 1845 2025 ita
1882 1983 2366 2048 nonnumquam
2405 1962 2638 2028 haben-

274 2073 365 2131 tur
412 2087 447 2132 a
486 2071 639 2132 viris
681 2068 881 2133 doctis
902 2117 918 2145 ‚
967 2068 1148 2152 quasi
1186 2069 1320 2130 iam
1358 2071 1567 2131 omnis
1619 2066 1969 2132 obscuritas
2015 2067 2266 2133 sublata
2313 2072 2400 2132 sit
2447 2088 2636 2132 novo-
2747 2142 2756 2152 .

272 2193 403 2236 rum
450 2175 869 2259 interpretum
913 2172 1288 2237 luminibus.
1352 2171 1634 2236 Etiamsi
1679 2179 1899 2237 autem
1947 2194 2067 2259 ego
2109 2194 2360 2259 quoque
2399 2176 2468 2237 in
2506 2172 2636 2238 alta

273 2278 521 2366 caligine
588 2301 711 2344 non
782 2279 1073 2344 multum
1132 2277 1296 2342 lucis
1359 2277 1695 2360 attulerim
1713 2326 1729 2355 ‚
1795 2279 1915 2344 hoc
1971 2287 2186 2344 tamen
2243 2279 2500 2345 effecero
2561 2288 2635 2344 ut

272 2403 381 2448 non
443 2384 776 2450 videamur
846 2386 1025 2451 nobis
1089 2404 1323 2449 verum
1389 2383 1737 2468 dispexissc
1754 2434 1770 2461 ,
1835 2385 1948 2450 ubi
2007 2385 2278 2450 vixdum
2318 2388 2636 2450 cernimus

278 2488 497 2575 aliquid
542 2494 716 2556 certi.
1791 2575 1806 2588 ⁹

883 2642 1200 2728 Ecloga
1246 2641 1341 2708 111
1390 2664 1548 2708 vss.
1606 2641 1982 2708 108—111.

347 2825 417 2890 In
456 2829 705 2892 musico
756 2828 1105 2891 certamine
1154 2824 1414 2890 alternis
1464 2826 1754 2890 versibus
1801 2828 1966 2892 inito
2013 2847 2050 2892 a
2097 2828 2458 2911 pastoribus
2501 2827 2639 2894 Me-

266 2929 429 2996 nalca
469 2939 537 2998 et
585 2930 899 2997 Damoeta
942 2934 1173 2996 tertius
1220 2930 1330 2996 ille
1377 2930 1718 2996 Palaemon
1743 2980 1758 3009 ‚
1809 2935 1914 2996 cui
1959 2931 2174 3016 palma
2221 2953 2336 3018 pro
2374 2933 2636 2998 arbitrio

270 3037 583 3103 tribuenda
631 3045 727 3104 est
773 3039 1148 3114 commissa,
1198 3040 1383 3122 inops
1430 3036 1680 3102 consilii
1728 3040 1820 3102 ita
1867 3036 2226 3102 concludit:

609 3143 754 3207 Non
799 3151 1061 3206 noemam
1108 3143 1268 3206 inter
1313 3165 1415 3206 vos
1464 3149 1673 3206 tantas
1721 3164 2060 3224 componere
2109 3143 2268 3207 bites.

609 3249 695 3312 Et
743 3249 939 3312 vitula
987 3255 1053 3310 tu
1100 3249 1319 3328 diqnue
1365 3255 1423 3310 et
1469 3246 1603 3310 hio:
1654 3255 1728 3310 et
1773 3247 2142 3333 quisquis
2189 3270 2491 3312 amores

616 3357 771 3416 Aut
815 3360 1101 3417 metuet
1150 3353 1453 3430 dulcis,
1505 3359 1643 3416 aut
1689 3354 2169 3435 experietur
2215 3377 2544 3418 amaros.

625 3459 904 3523 Claudite
948 3459 1069 3521 iam
1113 3460 1273 3521 rivos
1310 3459 1496 3540 pueri
1513 3485 1533 3520 .·
1577 3466 1676 3521 sat
1710 3465 1904 3540 prata
1951 3459 2239 3522 biberunt.

352 3561 685 3642 Quaeritur
718 3565 914 3629 verba
953 3571 1011 3627 et
1049 3564 1317 3648 quisquis
1358 3613 1371 3626 .
1405 3612 1417 3627 .
1449 3613 1461 3627 .
1506 3558 1740 3627 amaro‘e
1780 3563 1933 3649 quid
1968 3564 2090 3628 sibi
2116 3564 2320 3630 velint
2344 3571 2409 3631 et
2434 3567 2642 3631 sintne

274 3668 575 3756 iungenda
636 3690 787 3735 cum
848 3671 1282 3754 superioribus
1302 3718 1317 3747 ,
1383 3690 1463 3734 an
1506 3690 1620 3755 per
1667 3690 1733 3734 se
1781 3669 2086 3736 habenda.
2153 3671 2468 3756 Antiquos
2516 3692 2642 3736 non

276 3771 573 3840 dubitasse
637 3778 793 3861 quin
850 3777 1066 3840 omnia
1114 3797 1240 3840 uno
1288 3783 1501 3841 tenore
1549 3774 1936 3861 perlegenda
1984 3782 2194 3842 essent
2212 3823 2229 3852 ,
2279 3775 2510 3841 efficias
2565 3797 2643 3841 ex

276 3875 552 3946 Servio
570 3929 587 3958 ‚
636 3883 751 3966 qui
793 3883 887 3945 ita
931 3884 1420 3966 interpretatur:
1475 3887 1581 3958 „et
1631 3888 1705 3945 tu
1753 3887 1817 3945 et
1866 3881 1972 3945 hic
2021 3880 2204 3968 digni
2247 3884 2400 3946 estis
2436 3881 2645 3946 vitula

282 3991 375 4058 „et
431 3988 819 4071 quicumque
882 3985 1115 4051 similis
1162 3988 1360 4052 vestri
1406 3993 1504 4051 est
1532 4035 1545 4050 .
1578 4034 1592 4050 .
1626 4035 1640 4049 .
1671 4035 1684 4049 .
1736 4006 2012 4071 namque
2060 3986 2164 4050 hic
2209 3985 2532 4052 Menalcas
2580 3993 2643 4052 et

281 4090 557 4162 „amabat
617 4097 682 4157 et
745 4092 1108 4170 metuebat,
1170 4113 1250 4157 ne
1314 4112 1625 4177 umquam
1686 4097 1901 4178 posset
1956 4113 2140 4157 amor
2183 4091 2295 4157 ille
2342 4091 2639 4170 dissolvi;

284 4201 522 4266 „contra
569 4195 913 4261 Damoetas
960 4197 1455 4262 amaritudinem
1502 4199 1738 4262 amoris
1785 4203 2088 4281 expertus
2126 4197 2335 4262 fuerat
2373 4217 2452 4262 ex
2491 4200 2646 4262 ami-

285 4319 416 4372 „cae
462 4300 883 4388 Amaryllidis
928 4303 1275 4368 iracundia.
1332 4302 1630 4380 „Metuet
1677 4301 1934 4367 dulces'’
1987 4302 2241 4368 timebit
2283 4323 2397 4387 pro
2450 4301 2646 4368 dulci-

287 4403 429 4479 „bus
447 4455 464 4483 ,
512 4428 590 4472 ne
638 4429 743 4472 eos
792 4409 1117 4472 amittat.”

2287 4527 2354 4576 24
