3192 5009
574 237 709 306 322
1609 253 1935 304 nonanus.
2069 255 2078 266 ·

576 423 897 510 profectus
944 441 1104 508 quae
1147 420 1501 507 particulae
1548 420 1844 508 deinceps
1890 424 2160 508 pristino
2205 421 2424 487 Hiadis
2467 420 2692 488 nucleo
2739 420 2952 508 agglu-

576 531 816 595 tinatae
862 531 990 593 sint
1008 577 1024 606 ‚
1073 549 1224 594 cum
1262 547 1415 592 cura
1452 530 1838 593 constituere
1877 549 2222 614 aggressus
2261 550 2428 594 sum.
2491 528 2572 593 Ιιι
2607 527 2956 614 indaganda

578 631 900 721 Odysseae
944 636 1278 719 primitiva
1323 633 1532 700 ferma
1576 633 1741 698 mihi
1789 655 1914 698 non
1962 635 2280 700 satisfacio
2299 683 2318 712 ,
2357 655 2472 699 nec
2511 640 2728 700 tamen
2767 633 2958 721 negli-

578 761 733 827 gam
774 743 910 805 iam
953 747 1099 805 ante
1143 737 1529 805 Penelonem
1576 739 1974 805 Zenodotum
2019 741 2213 805 fuisse
2252 744 2366 827 qui
2404 739 2856 807 Telemachum
2887 741 2959 803 in

575 845 857 911 insulam
912 843 1171 912 Cretam
1218 846 1591 924 deduceret,
1642 867 1767 931 qua
1815 846 1893 911 de
1939 867 2005 912 re
2052 847 2332 912 breviter
2378 847 2632 912 dixistis
2681 847 2760 912 ad
2807 873 2846 910 α
2871 843 2956 910 93

577 959 645 1019 et
692 951 843 1018 285.
893 951 1353 1019 Recensionem
1398 951 1706 1017 Zenodoti
1744 952 1935 1018 hodie
1975 952 2178 1038 pluris
2217 952 2528 1017 habemus
2567 973 2760 1038 quam
2783 957 2962 1016 antea

577 1060 767 1125 fiebat
786 1108 802 1138 ,
874 1080 989 1124 nec
1057 1057 1244 1124 facile
1313 1058 1570 1124 credam
1640 1080 1792 1124 eum
1861 1079 2038 1124 mero
2107 1061 2369 1146 ingenio
2441 1059 2680 1125 fretum
2743 1055 2960 1124 Cretae

577 1185 811 1231 nomen
854 1167 925 1229 in
970 1169 1226 1229 textum
1271 1166 1613 1230 invexisse.
1667 1163 1835 1244 Quid
1883 1161 2102 1228 enim?
2148 1167 2260 1250 qui
2302 1166 2455 1230 fecit
2500 1163 2962 1230 adulescentem

573 1274 669 1336 ita
714 1271 1031 1338 dicentem
1076 1275 1142 1336 et
1187 1269 1552 1336 Eumaeum
1599 1272 2145 1356 interrogantem:

669 1375 865 1443 π332
938 1375 997 1442 εἴ
1038 1399 1141 1454 μοι
1192 1375 1280 1441 ἔτ’
1332 1377 1393 1441 έν
1438 1374 1736 1456 μεγάροις
1785 1376 1989 1457 μήτηρ
2037 1375 2245 1455 μένει,
2298 1375 2364 1451 ἦέ
2411 1400 2506 1448 τις
2553 1375 2664 1452 ἤδη

939 1481 1163 1562 α’νδρῶν
1210 1480 1403 1553 ἄλλος
1456 1479 1710 1562 ἔγημεν,
1762 1481 2100 1554 Ὀδυσσῆος
2148 1481 2214 1550 δέ
2262 1505 2379 1548 που
2425 1483 2567 1558 εὖνῆ

940 1590 1126 1669 χήτει
1174 1589 1483 1654 ἐνευναίων
1532 1588 1678 1654 κάκ’
1728 1589 2006 1668 ἀράχνια
2055 1595 2258 1654 κεῖται
2308 1587 2569 1668 ἔχουσα.
2590 1637 2606 1666 ,

576 1696 821 1762 hiccine
888 1698 1171 1782 cogitare
1240 1697 1453 1781 potuit
1514 1694 1591 1760 de
1653 1697 1882 1760 itinere
1942 1715 2297 1781 paucorum
2359 1701 2424 1760 et
2483 1699 2562 1759 ut
2609 1693 2964 1780 plurimum

576 1805 849 1888 triginta
916 1804 1197 1888 quinque
1266 1798 1559 1866 dierum?
1631 1797 1928 1867 Colorem
1990 1803 2084 1866 rei
2140 1802 2392 1886 quaerit
2449 1799 2834 1865 Kammerus
2895 1801 2964 1862 in

578 1907 763 1974 docto
810 1907 889 1973 de
930 1906 1218 1995 Odyssea
1260 1906 1423 1971 libro
1470 1927 1533 1992 Ρ.
1586 1904 1740 1984 369,
1793 1905 1903 1970 sed
1947 1927 2144 1992 quem
2191 1905 2371 1971 affert
2418 1905 2741 1972 Iuvenalis
2784 1903 2964 1969 locus

579 2014 732 2080 XIV
783 2014 870 2080 60
894 2035 1051 2100 sqq„
1097 2016 1154 2077 is
1200 2035 1331 2078 non
1381 2012 1610 2097 probat
1654 2013 1724 2078 id
1771 2013 1942 2098 quod
1987 2013 2244 2099 probari
2290 1995 2547 2090 debuit,
2596 2033 2710 2078 nec
2750 2012 2959 2096 magis

579 2121 660 2187 ad
696 2142 837 2186 rem
868 2119 1141 2185 Plautus
1166 2119 1517 2205 quidquam
1541 2119 1785 2185 confert
1809 2119 1988 2184 Asin.
2018 2119 2081 2184 2.
2109 2119 2172 2182 4.
2206 2119 2288 2186 18
2315 2119 2420 2184 vel
2445 2118 2644 2184 Stich.
2673 2117 2734 2182 2.
2761 2117 2821 2182 2.
2847 2114 2956 2181 23.

580 2227 823 2293 Verum
882 2227 1093 2314 fug-ito
1150 2227 1591 2310 quaestionem
1639 2224 1807 2290 unde
1855 2245 1960 2290 me
2008 2247 2134 2290 non
2179 2227 2441 2291 extrico.
2490 2223 2708 2290 Veluti
2752 2225 2959 2288 nescio

581 2333 737 2420 quid
796 2333 1029 2398 faciam
1088 2331 1452 2398 Aristotelis
1516 2333 1886 2397 testimonio
1936 2331 2011 2396 de
2057 2332 2318 2398 Poetica
2364 2353 2417 2396 e.
2465 2329 2542 2396 8:
2599 2329 2963 2396 Ὀδύσσειαν

582 2447 761 2505 ποιῶν
824 2441 931 2505 οὐκ
979 2440 1255 2512 ἐποίησεν
1304 2435 1565 2504 ἅπαντα
1615 2434 1731 2503 ὅσα
1781 2440 1950 2518 αὐτῷ
1999 2437 2265 2516 συνέβη·
2317 2432 2432 2502 οἷον
2480 2445 2794 2514 πληγῆναι
2846 2434 2958 2510 μὲν

582 2545 643 2609 έν
704 2549 787 2626 τῷ
854 2546 1234 2624 Παρνασσῷ,
1298 2552 1568 2621 μανῆναι
1618 2543 1680 2610 δὲ
1729 2543 2256 2624 προσποιήσασθαι
2307 2544 2368 2608 έν
2412 2545 2500 2623 τῷ
2549 2542 2830 2621 ἀγερμῷ·
2885 2536 2960 2603 ὧν

580 2651 747 2718 οὐδὲν
816 2650 1063 2730 θατέρου
1125 2648 1449 2728 γενομένου
1509 2652 1858 2727 αναγκαῖον
1917 2646 1985 2724 ἦν
2047 2650 2080 2725 ἢ
2146 2650 2302 2721 εἰκὸς
2365 2648 2610 2730 θάτερον
2658 2645 2960 2726 γενέσθαι.

577 2755 877 2845 Eggerus
939 2755 1017 2822 de
1063 2757 1183 2821 hoc
1225 2755 1365 2822 loco
1412 2758 1732 2843 quaesivit
1775 2757 1846 2820 in
1891 2775 2078 2841 opere
2123 2761 2460 2841 postumo:
2511 2754 2577 2818 la
2621 2752 2961 2818 Licham-e

586 2864 867 2947 (rb-ecque.

669 3009 863 3078 XCV.
927 3011 1119 3098 Apud
1179 3011 1567 3098 Penelopam
1626 3015 1941 3078 mentitur
1988 3011 2255 3100 Ulysses
2307 3032 2442 3077 esse
2490 3033 2557 3078 se
2605 3011 2958 3077 Aethonem

576 3116 979 3196 Cretensem,
1029 3120 1141 3203 qui
1184 3118 1523 3204 aliquando
1576 3117 1878 3205 Ulyssem
1925 3118 2160 3183 viderit
2211 3124 2274 3183 et
2321 3118 2600 3204 hospitio
2648 3117 2964 3202 exceperit

580 3231 964 3310 tempestate
1010 3226 1080 3287 in
1122 3223 1371 3290 insulae
1416 3224 1609 3289 littus
1655 3225 2031 3310 abreptum,
2083 3248 2121 3287 τ
2150 3221 2318 3288 189.

855 3337 1008 3406 ςῆσε
1060 3329 1113 3393 δ
1160 3330 1219 3394 έν
1269 3330 1578 3409 ’Λμνισῷ,
1627 3325 1712 3395 ὅθι
1764 3353 1833 3395 τε
1880 3330 2065 3401 σπέος
2115 3330 2491 3408 Εἰλειθυίης,

858 3438 917 3499 ἐν
967 3433 1210 3513 λιμέσιν
1256 3443 1762 3516 χαλεποῖσι,
1812 3435 2000 3512 μόγις
2051 3434 2106 3498 δ’
2161 3432 2480 3510 ὑπάλυξεν
2525 3435 2787 3506 αέλλας.

578 3542 805 3609 Flante
849 3540 1085 3632 Borea,
1135 3561 1367 3626 parum
1411 3546 1556 3605 tuta
1594 3542 1748 3606 haec
1787 3541 1912 3605 fuit
1950 3542 2140 3605 statio
2175 3541 2462 3605 navium.
2512 3535 2818 3627 Cogitavi
2855 3537 2962 3603 de:

583 3651 645 3714 ἐν
706 3650 951 3723 λιμέσιν
1019 3647 1582 3727 χθαμαλοῒσι,
1657 3645 1916 3732 qualem
1976 3650 2239 3731 portum
2298 3643 2970 3731 Virgilius-describit

583 3757 743 3822 Aen.
794 3753 827 3820 I
877 3750 1008 3818 163
1033 3773 1165 3838 sqq.
1214 3750 1323 3817 vel
1367 3746 1463 3817 III
1512 3748 1643 3816 533
1671 3772 1808 3838 sqq.

677 3918 905 3988 XCVI.
954 3916 1185 3984 Fibula
1232 3917 1613 3983 describitur
1663 3939 1702 3980 τ
1729 3915 1899 3982 228:

856 4027 917 4092 έν
964 4025 1295 4105 προτέροισι
1344 4023 1592 4088 πόδεσσι
1644 4023 1798 4089 κύων
1847 4019 1962 4102 ἔχε
2010 4023 2282 4087 ποικίλον
2328 4020 2528 4101 ἐλλόν,

864 4131 1255 4210 ἀσπαίροντα
1300 4131 1467 4194 λάω
1488 4151 1552 4193 ν·
1600 4129 1672 4194 τὸ
1717 4129 1780 4194 δὲ
1827 4125 2252 4207 θαυμάζεσκον
2297 4125 2576 4201 ἅπαντες

860 4237 939 4309 ὥς
984 4232 1038 4302 οἳ
1085 4237 1333 4319 χρύσεοι
1384 4237 1618 4313 ἐόντες,
1669 4233 1697 4300 ὃ
1747 4235 1862 4312 μὲν
1907 4235 2060 4300 λάε
2107 4234 2317 4312 νεβρὸν
2361 4234 2706 4313 α’ποὶγχων,

862 4343 1066 4421 αὐτὰρ
1114 4339 1142 4408 3
1190 4340 1523 4423 ἐκφυγέειν
1568 4343 1830 4419 μεμαὼς
1878 4341 2141 4422 ἤσπαιρε
2187 4335 2492 4404 πόδεσσιν.
