3192 5009
477 269 610 338 320
1405 289 1919 340 mormrus.

476 457 702 536 δύσεριυ
749 457 858 524 vel
899 457 1189 528 ,δύσκολον
1239 459 1267 524 ὅ
1315 458 1495 538 Φίλος
1517 509 1534 537 ,
1581 458 1706 525 alia
1751 457 2087 525 eiusmodi.
2137 457 2320 524 Hanc
2368 455 2668 544 magistri
2712 454 2837 520 doc-

473 567 711 629 trinam
757 571 1051 630 secutum
1094 565 1289 632 fuisse
1337 565 1866 652 Theophrastum,
1916 571 2239 652 comparet
2286 586 2363 630 ex
2409 563 2666 629 Stobaei
2712 558 2837 626 Ecl.

471 670 623 736 Eth.
671 693 734 756 p.
785 671 916 736 302
962 671 1257 750 Heeren.,
1321 673 1433 736 ubi
1495 671 1783 751 συζυγίαι
1846 677 2284 738 memorantur
2344 669 2695 745 ἀκολασία,
2744 691 2841 730 συ-

473 776 776 857 Φροσύνη,
841 779 1244 854 ἀναισθησία·
1303 779 1659 857 ὀργιλότης,
1708 779 2012 861 πραότης,
2064 780 2462 854 ἆναλγησία·
2512 775 2841 856 θρασύτης,

474 883 751 962 ἀνδρεία,
801 885 1035 950 δειλία·
1087 885 1363 962 ἀσωτία,
1414 884 1856 965 ἐλευθεριότης,
1907 885 2328 962 ἀνελευθερία,
2378 881 2557 948 aliae.
2628 879 2841 966 Itaque

474 1010 678 1074 quum
746 988 1142 1056 definitiones
1209 1011 1247 1055 a
1308 992 1538 1076 quibus
1601 989 1858 1077 singula
1915 992 2124 1075 capita
2180 991 2533 1075 incipiunt,
2602 987 2843 1053 exiliter

474 1098 744 1182 scriptae
808 1099 937 1161 sint
997 1102 1063 1162 et
1107 1096 1202 1161 nil
1246 1096 1375 1163 tale
1421 1100 1785 1162 contineant
1830 1117 1901 1162 ac
1946 1117 2130 1182 saepe
2176 1099 2445 1161 minime
2494 1097 2845 1180 conspirent

474 1224 625 1267 cum
685 1201 994 1288 exemplis
1012 1251 1028 1279 ,
1092 1224 1253 1289 quae
1298 1203 1590 1288 deinceps
1638 1203 2006 1281 afferuntur,
2053 1201 2525 1268 concedendum
2568 1206 2667 1266 est
2710 1197 2847 1264 illas

476 1307 868 1373 definitiones
886 1357 903 1387 ,
951 1311 1207 1375 etiamsi
1253 1308 1454 1374 stulta
1499 1309 1883 1395 praefatione
1923 1312 2051 1374 sint
2089 1307 2413 1395 aliquanto
2450 1309 2845 1380 vetustiores,

474 1422 690 1480 tamen
749 1413 1185 1501 Theophrasto
1244 1437 1372 1481 non
1435 1436 1572 1481 esse
1627 1415 2049 1481 obtrudendas
2098 1421 2163 1481 et
2209 1420 2355 1500 post
2399 1414 2595 1478 fuisse
2642 1410 2851 1477 auitas

476 1522 555 1587 ab
615 1542 688 1586 eo
710 1570 724 1597 ,
786 1523 897 1606 qui
959 1520 1366 1588 Characteres
1428 1523 1496 1586 in
1557 1542 1701 1586 eam
1762 1522 2035 1587 formam
2099 1520 2349 1608 redegit
2419 1539 2615 1606 quam
2666 1515 2855 1582 hodie

477 1633 751 1694 servant.

567 1731 777 1819 Caput
822 1733 1174 1800 secundum
1221 1739 1318 1800 est
1363 1733 1494 1812 περὶ
1544 1732 1874 1805 κολακείας
1927 1739 1991 1798 et
2036 1732 2333 1798 videmus
2381 1730 2699 1817 quomodo
2738 1729 2863 1794 hoc

478 1848 937 1928 argumentum
977 1839 1453 1927 Theophrastus
1491 1840 1833 1927 aliquando
1873 1842 2241 1906 tractaverit
2266 1838 2436 1925 apud
2456 1838 2867 1903 Athenaeum

478 1946 567 2012 VI
611 1969 674 2033 p.
725 1945 954 2012 254d:
1022 1947 1377 2028 Oedcppoecoc
1441 1949 1501 2011 ἔν
1562 1951 1644 2026 τῷ
1694 1949 1824 2027 περὶ
1879 1947 2209 2016 κολακείας
2259 1946 2448 2021 Φησὶν
2494 1945 2569 2015 ὥς
2622 1943 2865 2017 Μύρτις

478 2055 506 2121 ὃ
547 2057 826 2132 Ἀργεῖος
869 2050 1223 2130 Κλεώνυμον
1261 2054 1361 2119 τὸν
1402 2056 1699 2134 χορευτῆν
1736 2052 1879 2126 ἅμα
1920 2053 2023 2118 καὶ
2064 2052 2340 2129 κόλακα,
2381 2048 2867 2131 προσκαθίζοντα

480 2162 783 2225 πολλάκις
856 2160 1026 2239 αὐτῷ
1099 2159 1201 2224 καὶ
1267 2169 1391 2230 τοῖς
1453 2159 1909 2242 συνδικάζουσι,
1970 2159 2343 2237 βουλόμενον
2408 2157 2469 2222 δὲ
2533 2155 2638 2220 καὶ
2687 2156 2869 2228 μετὰ

483 2265 600 2330 τ’ῶν
670 2267 837 2330 κατὰ
911 2267 1018 2340 τὴν
1090 2265 1266 2331 πόλιν
1331 2266 1574 2344 ἐνδόξων
1640 2266 1922 2347 ὁρᾶσθαι,
1985 2264 2335 2342 λαβόμενος
2400 2267 2506 2326 τοῦ
2556 2260 2702 2332 ὠτὸς
2753 2259 2867 2324 καὶ

481 2368 670 2436 ἕλκων
732 2372 918 2436 αὐτὸν
977 2373 1046 2435 ἐκ
1107 2377 1213 2437 τοῦ
1262 2374 1560 2449 συνεδρίου
1610 2379 1853 2438 πολλῶν
1900 2371 2231 2452 παρόντων,
2282 2365 2485 2436 εἶπεν·
2536 2370 2601 2433 οὐ
2653 2389 2875 2446 χορευ-

481 2485 610 2548 σεῖς
675 2475 879 2541 ἐνθάδε
942 2479 1064 2542 οὐδ’
1126 2478 1300 2550 ἁμῶν
1368 2480 1635 2543 ὥκουσεῒ.
1701 2478 1924 2564 Itaque
1974 2475 2430 2542 occurrendum
2476 2479 2573 2540 est
2617 2475 2701 2538 iis
2748 2474 2873 2558 qui

477 2586 741 2651 fortasse
798 2591 1129 2669 propterea
1189 2586 1681 2671 suspicabuntur
1739 2607 1845 2652 me
1907 2587 2272 2650 etiamnunc
2329 2586 2399 2648 in
2446 2602 2519 2648 ea
2565 2583 2875 2666 opinione

481 2713 616 2758 esse
676 2712 869 2777 quam
899 2673 1087 2756 'olim
1146 2691 1343 2757 multi
1395 2698 1771 2768 tenuerunt,
1822 2713 1901 2758 ex
1947 2691 2159 2778 amplo
2208 2689 2629 2775 Theophrasti
2673 2706 2871 2772 opere

481 2797 557 2863 de
626 2797 977 2862 virtutibus
1038 2802 1103 2862 et
1163 2799 1340 2862 vitiis
1394 2800 1668 2885 triginta
1726 2800 2083 2864 notationes
2146 2818 2281 2862 esse
2344 2799 2703 2880 excerptas3
2754 2792 2877 2858 sed

483 2903 778 2990 equidem
824 2906 1235 2989 potissimum
1282 2901 1739 2990 Gomperzium
1778 2925 2023 2991 sequar,
2065 2905 2177 2988 qui
2214 2901 2571 2968 luculenter
2609 2899 2879 2965 demon·

483 3012 712 3075 stravit
755 3012 963 3095 ipsam
1005 3008 1210 3076 libelli
1259 3010 1532 3075 formam
1579 3012 1829 3076 obstare
1846 3059 1863 3088 ,
1914 3012 2254 3096 quominus
2300 3014 2662 3074 statuamus
2706 3004 2877 3090 lepi-

486 3117 596 3182 das
665 3115 810 3180 illas
880 3113 1332 3201 descriptiones
1400 3115 1558 3182 olim
1627 3139 1741 3203 per
1808 3119 2089 3202 spissum
2149 3115 2453 3180 volumen
2512 3113 2831 3198 dispersas
2856 3159 2875 3188 ,

483 3228 705 3311 postea
762 3222 831 3285 in
890 3242 1098 3286 unum
1143 3221 1338 3287 fuisse
1385 3221 1662 3289 collatas.
1714 3221 1880 3290 Cum
1927 3223 2306 3289 Academico
2354 3221 2691 3286 Austriaco
2722 3217 2881 3312 ‘pla-

483 3331 746 3394 nissime
786 3327 1209 3404 ὑπομνήματα
1249 3349 1518 3416 agnosco
1535 3380 1554 3409 ,
1596 3352 1722 3396 non
1758 3330 2001 3396 librum
2038 3346 2292 3394 summa
2324 3346 2476 3392 cura
2513 3323 2875 3411 perfectum

487 3441 551 3501 et
595 3435 677 3500 ad
725 3432 1110 3499 umbilicum
1157 3434 1556 3519 perductum.

579 3541 904 3621 Quantum
950 3539 1212 3625 quidem
1253 3543 1320 3606 in
1361 3541 1625 3606 obscura
1660 3561 1728 3607 re
1767 3543 2045 3605 conicere
2083 3538 2236 3604 licet
2252 3587 2268 3616 ‚
2308 3539 2443 3623 ipse
2480 3534 2885 3622 Theophras-

489 3653 596 3712 tus
643 3646 1242 3712 commentariolum
1283 3649 1653 3733 conscripsit
1690 3653 1766 3712 ut
1804 3644 2121 3731 exemplis
2158 3643 2367 3730 lepide
2404 3643 2571 3710 fictis
2590 3693 2607 3723 ,
2640 3644 2885 3730 quibus

489 3755 686 3819 etiam
730 3751 916 3817 hodie
964 3750 1372 3830 delectamur,
1421 3755 1488 3816 in
1533 3751 2064 3838 praelectionibus
2110 3752 2244 3818 suis
2290 3756 2600 3815 uteretur.
2666 3749 2883 3834 Argu-

491 3865 784 3924 mentum
852 3857 1100 3943 placere
1169 3856 1388 3923 debuit
1455 3859 1703 3923 homini
1722 3906 1737 3932 ‚
1804 3860 1987 3923 cuius
2053 3860 2251 3922 etiam
2312 3854 2657 3942 singularis
2710 3853 2883 3918 liber

493 3965 617 4030 fuit
686 3965 817 4043 περ)
889 3969 995 4029 τοῦ
1068 3967 1344 4043 γελοίου,
1416 3965 1493 4030 cf.
1567 3965 1801 4030 Athen.
1865 3962 2019 4028 VIII
2083 3962 2213 4028 348
2240 3983 2293 4028 a.
2383 3960 2601 4026 Veluti
2667 3980 2881 4045 quum

493 4071 822 4148 ὀψοφάγον
885 4069 1301 4147 describeret,
1351 4070 1887 4156 quemadmodum
1936 4069 2092 4134 dicit
2138 4069 2535 4153 Hermippus
2554 4116 2569 4144 ,
2618 4065 2883 4132 videtur

491 4178 790 4242 habuisse
854 4176 1193 4250 ὑπόμνημα
1214 4224 1230 4252 ,
1296 4175 1498 4261 quod,
1561 4178 1766 4242 sicubi
1828 4198 1989 4261 opus
2038 4182 2235 4253 esset,
2286 4174 2661 4240 consuleret.
2729 4172 2879 4238 Non

495 4284 660 4349 mihi
705 4281 1051 4370 persuadeo
1099 4281 1336 4348 exilem
1382 4281 1657 4367 opellam
1703 4283 2035 4359 doctorum
2079 4281 2393 4347 lectorum
2441 4277 2640 4346 oculis
2688 4278 2882 4344 desti-

496 4395 714 4455 natam
775 4389 971 4454 fuisse
991 4437 1006 4466 ,
1071 4388 1183 4456 sed
1239 4386 1499 4453 libellus
1557 4395 1701 4473 post
1746 4394 2024 4453 mortem
2040 4437 2058 4466 ,
2109 4387 2293 4453 credo
2310 4434 2327 4464 ,
2376 4389 2446 4451 in
2490 4386 2737 4450 scriniis
2780 4405 2883 4450 re-
