3192 5009
612 228 741 294 116
1490 249 2138 299 οΒΒΒΒνΑΤΙΠΝοσωΕ

601 415 809 478 invito
849 411 1124 490 domino.
1176 413 1351 500 Opus
1392 415 1512 480 tibi
1549 437 1797 480 novum
1821 419 2071 482 vicinus
2095 419 2352 482 nuntiat
2374 417 2444 497 (l.
2475 417 2515 482 3
2540 439 2634 503 pr.
2663 418 2740 484 D.
2773 419 2886 482 11.
2917 419 3010 498 8).

602 517 759 584 Adis
826 518 1198 585 Praetorem
1267 527 1331 585 et
1394 519 1716 586 desideras
1774 528 1849 586 ut
1910 524 2108 589 missa
2169 521 2281 586 fiat
2341 525 2659 588 nuntiatio
2707 544 2778 589 eo
2833 525 3012 611 quod

600 625 759 690 oh'm
828 628 1064 692 sciente
1132 629 1343 692 vicino
1415 633 1712 712 mortuus
1783 627 2005 694 eodem
2079 631 2165 694 sit
2225 627 2450 695 illatus
2469 679 2486 708 ‚
2546 629 2616 694 id
2677 633 2856 696 enim
2904 634 3010 696 ius

598 731 921 818 sepulchri
964 732 1193 797 tribuit
1240 732 1311 814 (l.
1364 731 1403 798 3
1453 735 1489 817 ξ
1538 734 1569 797 1
1619 734 1808 814 eod.).
1849 733 2016 814 Quid
2058 740 2203 798 tum
2241 732 2552 800 Praetor?
2578 733 3010 823 Cognoscitne

598 841 981 904 summatim
1050 837 1127 903 de
1194 840 1335 903 iure
1405 837 1734 904 vetantis?
1803 840 2111 927 Exigitne
2183 841 2443 927 plenam
2513 840 3008 928 probationem?

596 943 921 1009 Neutrum
978 945 1212 1008 horum
1271 944 1455 1022 facit,
1518 945 1630 1010 sed
1675 945 2113 1011 accommodat
2161 947 2280 1011 tibi
2325 948 2776 1028 interdictum,
2827 949 3010 1036 quod

600 1056 776 1115 extat
820 1050 865 1114 1.
923 1050 956 1115 1
1007 1053 1043 1135 ξ
1092 1049 1131 1114 5
1181 1050 1359 1116 eod.:
1659 1029 1672 1050 ’

872 1173 1055 1242 „quo
1114 1157 1263 1220 illi
1329 1158 1457 1220 ino
1526 1165 1644 1221 est
1681 1159 1978 1222 -invito
2041 1166 2114 1222 te
2174 1168 2562 1228 mortuum
2625 1160 3005 1248 inferre,

868 1262 1278 1348 quominus
1338 1263 1491 1326 illi
1554 1264 1638 1327 in
1687 1287 1767 1326 eo
1815 1264 1984 1328 loco
2029 1266 2543 1348 sepulchrum
2586 1267 2764 1332 sine
2811 1269 3006 1332 dolo

866 1369 1067 1433 malo
1114 1368 1593 1454 aedificare
1642 1370 1854 1433 licat
1900 1372 2049 1434 vim
2079 1369 2130 1451 1)
2160 1372 2393 1457 fieri
2439 1373 2680 1438 vet0.'’

637 1489 641 1492 ’
684 1476 785 1540 Ex
842 1475 1181 1540 interdicto
1226 1475 1420 1539 iudex
1469 1475 1656 1540 datus
1703 1483 2046 1562 cognoscet
2063 1525 2078 1553 ‚
2130 1483 2356 1542 utrum
2400 1479 2747 1565 prohibitio
2797 1482 3006 1544 vicini

594 1583 897 1647 adversus
958 1582 1240 1647 edictum
1301 1582 1623 1647 Praetoris
1687 1581 1854 1647 facta
1903 1586 1988 1647 sit
2005 1632 2022 1661 ‚
2069 1582 2136 1647 id
2183 1590 2280 1648 est
2327 1591 2553 1652 utrum
2597 1589 2737 1652 iure
2785 1587 3009 1672 prohi-

592 1689 807 1754 buerit
864 1709 1077 1754 necne.
1139 1687 1210 1752 Si
1255 1687 1435 1752 nullo
1490 1690 1630 1753 iure
1677 1689 2076 1774 prohibitum
2121 1690 2317 1755 fuisse
2366 1694 2812 1776 pronuntietur
2865 1713 3006 1757 am-

594 1795 765 1880 plius
810 1796 1028 1880 agenti
1072 1793 1525 1880 qualicumque
1572 1797 1820 1860 actione
1866 1799 2216 1860 necessario
2257 1796 2536 1862 obstabit
2560 1799 2652 1863 rei
2673 1798 3002 1864 iudicatae

603 1905 909 1987 exceptio.
1556 1917 1560 1921 ·

681 2009 856 2073 Huic
916 2006 1127 2072 simile
1189 2005 1609 2071 interdictum
1671 2009 1752 2072 iis
1806 2006 2202 2094 indulgetur,
2256 2011 2370 2093 qui
2417 2016 2774 2094 queruntur
2821 2017 3001 2095 post-

591 2137 787 2202 quam
848 2112 1230 2178 satisdatum
1286 2111 1482 2177 fuerit
1498 2161 1515 2190 ‚
1579 2115 1818 2177 iterum
1882 2113 1959 2177 ab
2024 2113 2248 2179 eodem
2295 2115 2373 2180 ab
2420 2136 2609 2201 opere
2665 2137 2730 2180 se
2777 2116 3002 2202 prohi-

588 2224 775 2288 bitos·
822 2221 897 2285 N
891 2226 1084 2305 (eque)
1132 2221 1307 2284 enim
1342 2219 1725 2302 permittitur
1765 2222 1979 2284 iterum
2018 2222 2302 2284 nuntiare
2321 2271 2337 2299 ,
2365 2223 2649 2307 quamdin
2669 2223 2998 2304 stipulatio

588 2353 661 2392 ca·
727 2328 923 2410 operio
984 2326 1123 2388 novi
1184 2325 1564 2388 nuntiatione
1625 2331 1874 2406 tene(at)
1937 2326 2007 2407 (1.
2080 2325 2160 2391 13
2208 2329 2245 2412 ξ
2298 2326 2333 2391 1
2384 2327 2464 2392 D.
2516 2326 2623 2393 39.
2643 2328 2720 2408 ’1)
2739 2349 2754 2405 ;
2809 2328 3000 2392 licere

588 2435 743 2498 enim
788 2434 955 2497 debet
1000 2432 1325 2496 aedificare
1371 2432 1429 2493 ei
1474 2431 1579 2515 qui
1624 2432 2012 2496 satiodeder-it
2059 2432 2126 2512 (l.
2182 2431 2219 2498 7
2273 2433 2376 2517 §2
2425 2433 2503 2498 D.
2535 2432 2645 2499 43.
2671 2433 2808 2516 24),
2836 2438 2998 2520 quia

586 2541 713 2604 vice
759 2537 1159 2604 nuntiationis
1204 2538 1419 2600 missae
1464 2538 1785 2602 satisdatio
1826 2539 1900 2600 de
1943 2560 2118 2620 opere
2141 2539 2504 2603 restituendo
2527 2540 2997 2623 interpo(nitur)

587 2646 656 2726 (l.
708 2645 795 2710 20
843 2647 879 2729 ξ
929 2643 962 2708 1
1013 2643 1091 2708 Ι).
1143 2640 1249 2707 39.
1283 2641 1365 2724 1).
1415 2643 1806 2728 Proponitur
1849 2646 2054 2729 igitur
2103 2643 2405 2710 adversus
2454 2648 2796 2731 repetitam
2841 2654 2998 2731 post

587 2751 1067 2817 satisdationem
1105 2751 1581 2813 nuntiationem
1629 2749 1777 2813 talis
1823 2752 1988 2814 actio
2030 2749 2102 2830 (1.
2155 2751 2242 2816 20
2289 2753 2326 2836 ξ
2374 2750 2414 2815 9
2461 2750 2540 2815 D.
2604 2750 2710 2816 39.
2743 2751 2843 2832 1):

861 2853 1111 2943 „qnam
1170 2854 1549 2918 inlocum
1595 2855 2060 2921 nuntiatum
2109 2864 2263 2934 est,
2519 2859 2590 2920 oi
2639 2860 2729 2921 de
2775 2881 2862 2922 ea
2911 2881 2996 2922 re

858 2963 1351 3026 satisdatum
1414 2968 1567 3040 est,
1848 2963 2267 3046 quominus
2329 2963 2481 3026 illi
2544 2965 2625 3026 in
2687 2986 2766 3028 eo
2814 2965 2994 3030 loco

858 3091 1051 3151 opus
1079 3068 1385 3153 facere
1431 3067 1692 3130 liceat
1739 3067 1887 3130 vim
1916 3065 1968 3147 1)
1998 3069 2235 3152 sieri
2282 3069 2524 3133 vet0.''

677 3173 919 3240 Ceteris
966 3173 1263 3238 omnibus
1281 3221 1297 3250 ,
1350 3175 1461 3258 qui
1508 3171 1686 3237 nullo
1734 3175 1874 3237 iure
1924 3173 2363 3258 prohibentur,
2415 3175 2700 3262 generali
2741 3179 2995 3262 prospi-

582 3284 752 3348 citur
808 3278 1145 3344 interdicto
1213 3261 1343 3354 „n'e
1412 3278 1535 3340 vis
1586 3278 1783 3362 siat
1851 3279 2438 3365 aedificanti'’‚
2507 3283 2692 3346 cuius
2737 3283 2990 3346 mentio

581 3386 657 3450 fit
702 3387 749 3451 1.
797 3384 882 3449 45
932 3387 967 3470 ᾗ
1016 3383 1056 3449 2
1112 3382 1189 3448 D.
1245 3382 1418 3447 3.3:

854 3492 910 3554 oi
958 3490 1345 3572 procuratori
1406 3512 1551 3570 opus
1613 3511 1824 3552 novum
1885 3490 2229 3554 nuntiatum
2288 3492 2372 3554 sit
2435 3493 2600 3576 ioque
2660 3492 2986 3555 interdicto

854 3604 1063 3662 utatur
1110 3617 1242 3673 „ne
1288 3595 1359 3658 ei
1404 3593 1606 3674 ‘oi-3¹)
1651 3597 1834 3674 fiat
1881 3597 2477 3682 aedificanti.’'

582 3707 765 3770 cuius
811 3702 1139 3768 interdicti
1183 3701 1388 3766 forma
1432 3691 1526 3765 ita
1573 3702 1966 3768 restituenda
2007 3704 2300 3769 videtur:

858 3811 1028 3890 „Cubi
1086 3809 1189 3871 illi
1248 3809 1347 3871 ino
1410 3815 1496 3872 est
1556 3809 1749 3872 invito
1815 3817 1870 3871 te
1941 3810 2289 3892 aedificare)
2358 3811 2775 3893 quominus
2843 3810 2981 3889 (ilbi

651 4049 699 4106 l)
736 4047 843 4094 Hac
874 4063 987 4095 voce
1022 4045 1180 4110 operia
1216 4046 1328 4094 novi
1364 4046 1608 4094 nuntiatio
1641 4045 1931 4096 continetur.
1967 4045 2054 4095 Est
2089 4046 2217 4095 enim
2251 4046 2496 4096 nuntiatio
2514 4046 2978 4111 speciano-mitio

575 4143 724 4192 genua
759 4129 815 4191 (l.
852 4129 875 4174 l
913 4143 988 4192 pr.
1024 4129 1085 4176 D.
1121 4128 1199 4175 89.
1235 4128 1285 4184 1;
1330 4128 1361 4175 l.
1394 4127 1422 4178 7
1462 4129 1539 4189 §2
1580 4131 1632 4176 D.
1668 4130 1749 4180 43.
1772 4129 1876 4188 24),
1907 4129 2151 4192 prohibere
2182 4133 2344 4177 autem
2381 4132 2429 4177 et
2463 4129 2554 4177 vim
2582 4131 2748 4192 faeere
2775 4145 2977 4196 prorsus

574 4209 704 4259 idem
752 4212 824 4257 eet
875 4208 929 4272 (Ι.
969 4209 999 4256 3
1034 4211 1056 4270 5
1094 4209 1119 4256 1
1160 4208 1216 4256 D.
1271 4210 1352 4257 43.
1372 4211 1465 4266 243
1502 4208 1538 4257 1.
1573 4210 1634 4257 11
1675 4211 1732 4258 D.
1768 4208 1978 4272 43.16).
2031 4210 2204 4274 Itaque
2255 4225 2312 4258 ex
2361 4210 2623 4260 abundanti
2659 4211 2811 4261 ‘cavet
2860 4229 2978 4277 opu

572 4305 738 4342 mn
786 4305 837 4340 se
884 4306 975 4340 non
1026 4289 1394 4349 nuntiaturum,
1429 4291 1513 4354 qui
1546 4290 1644 4340 iam
1679 4293 1862 4341 caverit
1893 4292 2176 4358 aedificanti
2209 4293 2303 4341 vim
2333 4293 2408 4356 (ce
2441 4294 2556 4358 no»)
2583 4295 2850 4358 sactum
2883 4294 2971 4360 (cf.

576 4372 611 4424 l.
651 4374 711 4421 15
754 4375 807 4422 D.
850 4373 1020 4438 39.1).
