3192 5009
1181 306 1645 355 cALmMAchs.
2523 284 2601 353 71

271 476 604 560 profundum
665 474 982 539 demersas
1042 475 1132 539 ibi
1189 473 1453 540 latuisse
1499 473 1708 560 quoad
1756 480 2043 558 tempore
2094 476 2349 557 peracto
2398 476 2607 537 enata-

279 578 436 647 rent?
495 580 653 646 Sunt
724 585 836 667 qui
898 584 994 647 ita
1049 587 1360 647 censeant.
1425 580 1514 645 Ut
1581 584 1843 646 mittam
1913 579 2070 645 alios
2089 630 2105 657 ,
2178 578 2605 665 Spanhemius

275 687 338 752 id
387 686 568 751 voluit
585 707 602 763 ;
669 692 734 751 et
795 686 874 752 ad
917 690 1057 773 ipsa
1102 688 1294 753 verba
1342 686 1508 773 quod
1555 689 1805 765 attinet,
1854 689 1947 751 ita
1993 692 2068 751 ut
2126 707 2291 751 nunc
2347 684 2606 770 quidem

277 812 462 857 versus
518 792 748 869 editur,
812 793 965 858 haec
1025 796 1465 880 interpretatio
1526 795 1997 859 accuratissime
2052 790 2311 859 Graecis
2357 812 2607 877 respon-

275 900 382 964 det.
436 898 642 984 Neque
708 920 854 965 sane
919 899 1492 966 Alexandrinorum
1555 899 1919 965 doctissimo
1967 902 2266 986 ignotum
2312 902 2447 963 erat
2463 947 2479 976 ,
2530 896 2605 963 de

275 1004 464 1069 multis
521 1004 749 1070 insulis
808 1005 980 1070 idem
1053 1005 1257 1084 tradi,
1333 1006 1500 1092 quod
1570 1005 1883 1070 Pindarus
1956 1004 2053 1070 Ol.
2124 1003 2263 1069 VII.
2330 1002 2414 1068 55
2477 1024 2609 1068 me-

276 1117 446 1175 morat
509 1112 582 1175 de
649 1111 874 1177 Rhodo
934 1111 1180 1176 insula:
1243 1112 1527 1177 nondum
1589 1133 1662 1177 eo
1724 1118 2013 1197 tempore
2061 1133 2210 1176 cum
2256 1112 2605 1196 imperium

275 1218 460 1283 mundi
501 1218 788 1304 Iuppiter
833 1226 898 1283 et
942 1221 1138 1284 ceteri
1188 1216 1588 1284 immortales
1632 1221 1800 1283 inter
1846 1239 1912 1282 se
1960 1218 2316 1282 dividerent
2366 1224 2602 1294 ,,Φανε·

275 1324 362 1403 ρᾶν
401 1325 454 1387 ἐν
497 1325 770 1400 πελάγει
811 1325 1006 1389 Ῥόδον
1051 1323 1248 1400 ἔμμεν
1291 1327 1546 1404 ποντίῳ,
1589 1325 1883 1404 ἁλμυροῖς
1926 1324 1979 1389 δ’
2017 1324 2077 1387 ἐν
2113 1324 2386 1399 βένθεσιν
2426 1326 2605 1387 νᾶσον

277 1430 637 1505 κεκρύφθαι.”
667 1430 908 1495 Verum
930 1431 1092 1497 hanc
1115 1430 1400 1496 fabulam
1423 1434 1478 1495 si
1500 1430 1812 1496 voluisset
1836 1432 2151 1516 attingere
2176 1426 2605 1495 Callimachus

278 1539 546 1621 copiosius
616 1540 682 1603 et
752 1539 1118 1602 exornatius
1183 1536 1260 1603 de
1323 1558 1397 1602 ea
1442 1558 1508 1602 re
1557 1536 1841 1602 dixisset.
1890 1538 1978 1600 At
2023 1535 2265 1601 noluit:
2316 1556 2386 1601 eo
2432 1538 2605 1601 enim

275 1647 460 1709 ceteris
479 1644 706 1709 insulis
731 1646 1072 1729 opponitur
1094 1644 1306 1722 Delos,
1334 1644 1501 1730 quod
1521 1644 1677 1709 haec
1690 1644 1891 1710 libera
1905 1644 2261 1731 vagabatur
2276 1664 2389 1727 per
2402 1644 2607 1707 maria

274 1772 394 1813 cum
449 1749 592 1816 illae
656 1771 772 1815 suo
837 1770 1120 1836 quaeque
1183 1754 1596 1816 consisterent
1657 1749 1831 1827 loco,
1888 1750 2225 1829 ἐρρίζωνται
2276 1752 2466 1813 enim.
2520 1787 2603 1796 -

271 1856 456 1942 Itaque
499 1879 648 1921 cum
696 1858 1104 1942 sequentibus
1148 1857 1304 1922 haec
1350 1858 1544 1922 verba
1583 1862 1734 1921 sunt
1770 1853 2137 1943 iungenda?
2186 1854 2608 1940 Interpretan-

271 1962 471 2027 dumne
515 1970 610 2027 est
661 1964 872 2039 „nari
922 1963 1153 2039 βυσσὸν
1202 1962 1533 2041 πρυμνόθεν
1582 1959 1927 2041 ἐρρίζωσενῗ
1965 1963 2388 2047 Perspicuum
2426 1962 2605 2027 nobis

269 2072 345 2133 ita
381 2090 624 2134 sensum
669 2071 956 2155 praeberi
1005 2070 1302 2156 equidem
1349 2092 1474 2135 non
1519 2066 1927 2156 negaverim!
1984 2066 2213 2145 Immo,
2261 2089 2483 2133 vereor
2528 2089 2606 2133 ne

267 2176 430 2239 nimis
471 2178 798 2261 perspicue
844 2176 964 2241 hoc
1010 2177 1244 2242 dixerit
1288 2182 1508 2262 poeta:
1562 2179 1672 2253 „in
1716 2178 1913 2240 maris
1958 2175 2271 2261 profundo
2316 2174 2605 2239 funditus

269 2280 588 2345 insularum
651 2282 890 2346 radices
955 2282 1224 2346 affixit.”
1290 2281 1444 2361 Quis
1504 2282 1668 2347 ferat
1711 2284 1779 2345 in
1828 2278 2204 2347 Callimachi
2252 2282 2603 2346 tersissimo

267 2393 524 2471 poemate
569 2394 705 2453 tam
751 2386 1202 2477 neglegentem
1251 2385 1713 2465 ταῦταλογίανῖ
1765 2385 2055 2465 „Insulas
2116 2386 2388 2467 ἐρρίζωσε
2442 2386 2606 2473 Nep-

267 2494 492 2571 tunus”;
561 2498 668 2560 cui
734 2496 928 2561 verbo
1000 2502 1075 2559 ut
1138 2499 1460 2581 propriam
1511 2498 1649 2559 vim
1704 2501 1938 2581 augeat
1984 2500 2150 2560 recte
2198 2501 2386 2581 poeta
2430 2495 2607 2561 addit

269 2600 667 2679 „rpvuvdoev”‚
729 2600 901 2666 haud
962 2605 1306 2667 immemor
1357 2602 1623 2667 fortasse
1669 2622 1893 2666 eorum
1941 2620 2101 2686 quae
2155 2600 2479 2667 Homerus
2528 2602 2605 2667 de

263 2704 658 2773 Phaeacorum
705 2728 866 2772 nave
914 2708 1160 2772 dixerat
1209 2714 1264 2787 (ν
1319 2706 1475 2788 163)

857 2810 916 2883 ὅς
967 2837 1072 2889 μιν
1121 2818 1286 2877 λᾶαν
1334 2810 1502 2887 ἔθηκε
1551 2812 1657 2878 καὶ
1709 2812 2015 2894 ἐρρίζωσεν
2062 2810 2307 2891 ἔνερθεν,

263 2940 422 3004 quem
465 2941 723 2985 versum
771 2920 1145 3007 Apollonius
1192 2920 1478 2985 Rhodius
1518 2940 1769 3005 quoque
1807 2922 2119 2984 memoria
2158 2920 2415 2985 tenebat
2454 2942 2598 2985 cum

263 3024 324 3089 de
373 3025 902 3113 Symplegadibus
963 3027 1265 3091 scriberet
1301 3026 1390 3105 (II
1432 3024 1588 3105 604)
1634 3026 1897 3103 »πέτραι
1946 3025 2211 3099 νωλεμὲς
2263 3024 2601 3105 ἕρρίζωθεν”

263 3132 347 3209 (cf.
389 3139 446 3197 et
491 3132 759 3219 Dionys,
808 3133 1184 3219 Periegeten
1230 3135 1298 3196 in
1343 3133 1460 3197 hac
1510 3153 1759 3217 quoque
1799 3154 1865 3197 re
1902 3130 2199 3197 sedulum
2225 3129 2605 3198 Callimachi

263 3240 619 3305 imitatorem
676 3260 769 3303 vs.
836 3238 1014 3320 491).
1080 3238 1310 3304 Postea
1367 3260 1519 3303 vero
1578 3238 1725 3303 addi
1771 3236 2129 3304 insularum
2177 3238 2416 3304 radices
2464 3238 2603 3304 fun-

260 3340 404 3408 ditus
447 3366 581 3410 esse
628 3344 846 3409 affixas
891 3345 958 3407 in
1005 3344 1188 3408 marie
1215 3346 1553 3431 profundo,
1593 3348 1776 3430 quasi
1820 3347 1961 3430 quis
1998 3344 2211 3409 credat
2242 3348 2310 3409 in
2350 3367 2566 3411 summ

261 3453 423 3515 maris
482 3450 812 3536 superficie
875 3472 1122 3537 quoque
1185 3470 1288 3516 eas
1348 3450 1523 3537 affigi
1577 3454 1897 3536 potuisse,
1945 3451 2063 3515 hoc
2110 3454 2223 3514 vix
2268 3450 2602 3517 ferendum

259 3556 496 3621 videtur.

327 3661 873 3749 Supervacaneum
917 3667 1125 3751 igitur
1170 3666 1293 3729 nisi
1341 3684 1460 3751 ego
1509 3662 1695 3728 fallor
1736 3668 1831 3728 est
1872 3662 2085 3739 „nara
2126 3662 2425 3739 βυσσόν”.
2477 3662 2602 3728 Sed

255 3767 410 3834 alteri
453 3772 804 3836 sententiae
851 3774 1018 3856 parti
1059 3770 1233 3834 deest
1273 3770 1597 3855 quiddam.
1649 3768 1998 3834 Involvisse
2036 3769 2279 3833 insulas
2316 3772 2384 3833 in
2423 3790 2601 3835 mare

255 3872 460 3940 dicitur
503 3876 877 3961 Neptunus,
927 3882 990 3942 et
1037 3876 1192 3941 dum
1240 3875 1398 3941 Delo
1447 3876 1734 3941 concedit
1779 3881 1854 3939 ut
1901 3896 2013 3960 per
2055 3878 2260 3939 maria
2304 3883 2598 3961 vagetur,

253 3992 462 4047 ceteras
507 3982 713 4069 affigit
760 3983 1090 4062 πρυμνόθεν
1131 3980 1407 4062 ῥιζώσας.
1450 3980 1630 4061 Quod
1670 3981 1822 4046 facit
1858 3978 1933 4045 ἵν’
1977 3982 2232 4059 ἠπείροιο
2256 3984 2597 4045 λάθωνταιε

251 4090 438 4175 itaque
485 4095 561 4154 ut
610 4097 814 4155 terrae
866 4090 1245 4175 deponerent
1289 4092 1673 4154 memoriam
1719 4110 1825 4154 eos
1866 4088 2069 4152 affixit
2085 4108 2101 4165 3
2144 4088 2252 4152 sed
2293 4086 2599 4153 ubinam?

253 4190 454 4260 Procul
501 4216 540 4261 a
585 4204 755 4261 terra
799 4199 1039 4282 opinor,
1084 4199 1154 4260 in
1200 4193 1329 4261 alto
1375 4198 1559 4259 mari.
1610 4191 2174 4279 Pseudo-Orpheus
2222 4194 2601 4281 Argonauti-

253 4320 448 4365 eorum
509 4304 797 4388 scriptor,
863 4324 900 4367 a
971 4324 1094 4388 quo
1165 4305 1513 4367 sexcenties
1581 4298 1961 4367 Callimachi
2031 4321 2253 4365 versus
2320 4303 2600 4386 expressi

255 4413 412 4487 sunt,
455 4408 678 4503 (orph.
727 4410 967 4507 Argon.
1021 4406 1222 4493 1277)
1267 4408 1368 4473 his
1422 4408 1630 4473 verhis
1676 4407 1941 4475 eandem
1986 4428 2124 4473 rem
2167 4414 2412 4479 narrat;
