3192 5009
1261 259 1481 307 Pharo.
2439 235 2568 301 335

252 425 613 505 φισβητῆσαι)
630 447 646 504 ;
712 425 1019 516 Ineptum
1080 447 1215 492 esse
1278 426 1524 504 ἀνάξιον
1590 429 1702 511 qui
1763 429 1961 492 sensit
2007 425 2388 492 Benedictus
2440 445 2566 510 quo

250 553 401 597 sensu
440 529 715 608 ἀντάξιον
759 536 982 620 reponi
1025 537 1285 599 iusserit
1329 555 1435 599 me
1482 533 1742 620 quidem
1785 533 1964 598 latet.

318 639 378 702 P.
420 637 635 704 495E.
711 649 932 710 Δοκεῖς
994 637 1091 706 οὖν
1154 667 1252 719 τι,
1319 636 1385 715 ἦν
1450 641 1500 704 δ’
1551 641 1709 717 ἐγώ,
1775 637 2204 718 διαφέρειν
2268 637 2564 710 αὐτοὺς

246 741 361 806 ἰδεῖν
410 745 674 823 α’ργύριον
738 747 1125 820 κτησαμένου
1186 747 1477 826 χαλκέως
1539 748 1874 827 φαλακροῦ
1939 743 2044 809 καὶ
2111 747 2364 822 σμικροῦ
2415 742 2567 820 mi„

248 851 321 912 οὖ
372 849 552 928 τάνυ,
618 852 777 931 ἔφη,
840 853 1243 932 διαφέρει.
1310 852 1845 938 Respondendum
1910 857 2077 928 erat,
2150 854 2204 914 si
2275 849 2569 935 pluribus

242 955 413 1020 verbis
452 959 715 1043 scriptor
759 961 860 1024 uti
908 959 1143 1037 vellet,
1196 966 1309 1025 aut
1354 962 1417 1024 οὐ
1468 959 1636 1024 πάνυ
1685 958 2092 1040 διαφέρουσιν,
2143 963 2255 1022 aut
2303 956 2368 1021 οὐ
2404 956 2567 1019 πάνυ

242 1061 497 1142 διαφέρειν
561 1065 811 1144 (αὐτοὺς
883 1066 1078 1147 δοκῶ),
1152 1066 1320 1132 unde
1382 1087 1684 1152 apparere
1745 1066 1910 1130 mihi
1971 1063 2230 1129 videtur
2291 1061 2564 1140 διαφέρει

242 1189 347 1234 esse
382 1189 741 1253 perversum
785 1171 1128 1258 glossema,
1182 1174 1561 1258 quantocius
1611 1171 1970 1236 delendum.

306 1275 367 1338 B.
411 1273 533 1340 498
556 1275 634 1341 D.
702 1275 883 1343 Salse
945 1279 1140 1343 rideri
1200 1278 1535 1344 rhetorum
1582 1277 1882 1354 artificia,
1933 1273 2293 1354 παρισώσεις
2317 1324 2334 1353 ,
2383 1297 2568 1353 παρο-

238 1381 463 1454 μοιῶσεις
502 1382 866 1469 similiaque
906 1390 1169 1470 apparet
1208 1387 1583 1470 praesertim
1624 1383 1770 1448 coll.
1811 1405 1874 1468 p.
1903 1380 2034 1447 499
2059 1383 2137 1446 A.
2187 1381 2319 1446 Sub
2357 1381 2488 1446 litt.
2518 1378 2568 1446 O

235 1488 291 1556 ὥς
324 1487 535 1560 ἀληθῶς
576 1511 677 1564 μοι
720 1489 909 1559 δοκεῖς
936 1485 1059 1569 ἔφη
1078 1538 1093 1568 ,
1124 1489 1330 1567 λέγειν
1371 1514 1416 1566 y
1436 1515 1466 1553 ε
1506 1490 1821 1567 προθύμως
1849 1489 2058 1553 nescio
2083 1509 2164 1552 an
2186 1486 2414 1552 vocula
2437 1495 2563 1563 ΓΕ,

234 1593 377 1655 cuius
418 1592 515 1658 hic
560 1597 675 1658 vix
721 1594 858 1660 ulla
903 1598 1003 1662 vis
1051 1603 1182 1674 est,
1234 1617 1441 1661 errore
1486 1601 1639 1660 nata
1682 1598 1768 1659 sit
1811 1615 1846 1659 e
1895 1614 2262 1680 praegresso
2307 1593 2546 1658 verbm

303 1698 365 1762 P.
408 1697 531 1765 507
554 1700 631 1765 Ε.
680 1705 861 1774 Τι’νος
911 1703 982 1776 335
1031 1701 1277 1781 λέγεις,
1324 1701 1485 1785 ἔφη,
1534 1703 1780 1778 τούτου;
1823 1702 1916 1763 ‘¹0
1967 1701 2038 1773 δὴ
2084 1699 2158 1763 σὺ
2208 1706 2459 1774 καλεῖς,
2503 1693 2570 1771 ἦν

234 1802 277 1865 δ’
315 1803 421 1879 ἐγώ
438 1853 453 1882 ,
512 1812 669 1883 φῶς.
734 1807 896 1888 Quia
942 1829 1069 1873 non
1118 1808 1289 1873 solus
1337 1806 1582 1875 Glauco
1632 1829 1706 1873 eo
1756 1809 2014 1872 nomine
2061 1797 2382 1883 utebatur,
2431 1803 2575 1868 Pla-

238 1926 415 1976 tonem
473 1911 717 1979 dedisse
782 1917 1099 2000 suspicor:
1153 1907 1181 1978 ὃ
1231 1915 1300 1989 δὴ
1349 1917 1559 1997 (καὶ)
1609 1915 1684 1979 σὺ
1734 1923 1949 1983 καλεῖς
2001 1949 2086 1961 —-
2135 1919 2307 1992 φῶς,
2359 1918 2458 1988 ιιι,
2507 1916 2576 1973 ιιι

231 2017 335 2080 alii.
392 2017 493 2084 Sic
557 2043 619 2108 p.
672 2017 804 2085 508
828 2022 905 2085 A.
955 2022 1097 2086 τίνα
1143 2017 1240 2087 οὖν
1288 2019 1454 2100 ἔχεις
1503 2021 1823 2086 αἰτιᾶσθαι
1870 2026 1984 2084 τῶν
2036 2057 2121 2067 -—
2170 2021 2312 2083 θεῶν
2358 2018 2573 2082 τούτου
2625 2043 2638 2056 ·

238 2124 394 2200 κύριον
437 2126 593 2204 κτὲ.;
640 2123 877 2206 Ὀνπερ
925 2127 1059 2191 καὶ
1108 2128 1232 2205 σύ,
1281 2125 1431 2210 ἔφη,
1481 2129 1618 2192 καὶ
1668 2128 1734 2192 οἱ
1784 2125 2060 2190 ἄλλοι·
2102 2125 2205 2190 τὸν
2242 2123 2404 2202 ἥλιον
2447 2123 2572 2202 γὰρ

238 2229 383 2298 δῆλον
424 2228 512 2296 ὅτι
558 2231 808 2314 ἐρωτᾷς.

302 2335 365 2400 P.
411 2336 535 2402 515
562 2334 633 2406 Ο.
685 2337 901 2404 σκόπει
949 2338 1058 2415 δή,
1111 2333 1177 2411 ἦν
1226 2341 1277 2404 δ’
1322 2337 1481 2417 ἐγώ,
1533 2341 1734 2403 αὐτῶν
1783 2339 1960 2404 λύσιν
1999 2361 2070 2401 τε
2108 2337 2212 2402 καὶ
2255 2335 2416 2400 ἴασιν
2458 2342 2574 2399 τῶν

236 2464 290 2504 τε
342 2441 562 2518 δεσμῶν
628 2444 735 2508 καὶ
783 2452 893 2519 τῆς
945 2443 1330 2525 ἀφροσύνης,
1378 2440 1474 2508 οἵα
1524 2468 1616 2516 τις
1669 2444 1745 2508 ἂν
1794 2442 1920 2521 εἴη,
1970 2442 2217 2524 φύσει
2265 2442 2316 2507 εἰ
2369 2441 2574 2506 τοιάδε

235 2545 519 2624 ξυμβαίνοι
556 2551 771 2620 αὐτοῖς
793 2572 807 2588 ·
853 2551 1034 2615 ὁπότε
1075 2575 1170 2638 τις
1211 2551 1415 2624 λυθείη
1444 2551 1571 2615 κτὲ.
1615 2547 2157 2615 Schleiermacher
2181 2548 2576 2633 distinguere

233 2651 427 2718 maluit
470 2652 564 2718 οἵα
611 2681 706 2728 τις
759 2654 835 2721 ἂν
884 2654 977 2730 εἴη
1025 2655 1250 2736 φύσει,
1292 2657 1344 2720 εἰ
1380 2655 1585 2721 τοιάδε
1626 2657 1778 2733 xri„
1822 2656 1932 2720 sed
1971 2659 2064 2720 ita
2100 2654 2269 2720 male
2294 2654 2575 2719 abundat

234 2759 417 2835 Φύσει,
485 2761 655 2827 Astii
724 2783 876 2827 vero
947 2763 1425 2847 interpretantis
1494 2785 1613 2848 per
1671 2760 1762 2824 rei
1823 2769 2100 2824 naturam
2161 2761 2218 2824 ei
2279 2760 2362 2822 iis
2429 2759 2575 2822 tabis

235 2863 531 2945 continqat,
593 2869 640 2930 i.
668 2889 719 2931 e.
788 2870 843 2931 si
890 2888 1110 2933 revera
1153 2871 1236 2931 iis
1280 2870 1482 2953 possit
1530 2870 1899 2952 contingere
1919 2915 1934 2944 ,
1985 2872 2272 2932 contorta
2313 2857 2574 2930 videtur

235 2967 547 3052 explicatio·
618 2971 943 3057 Equidem
1012 2972 1388 3059 intellegam
1462 2976 1678 3058 potius
1747 2980 1970 3036 natura
1987 3023 2002 3050 ,
2072 2976 2115 3037 i.
2159 2994 2212 3037 e.
2285 2974 2575 3057 ipsorum

234 3079 454 3141 naturae
524 3077 827 3144 beneficio
843 3128 860 3156 ,
937 3079 1107 3164 quod
1176 3078 1365 3144 Plato
1408 3078 1738 3144 addiderit
1800 3085 2096 3164 proptera
2159 3077 2329 3163 quod
2375 3079 2574 3142 etiam

234 3182 496 3247 rarissimi
554 3183 658 3248 illi
717 3184 1116 3270 philosophi,
1182 3185 1414 3270 quibus
1478 3185 1549 3248 hi
1593 3191 2062 3269 comparantur,
2111 3183 2426 3269 singulari
2470 3203 2576 3246 na-

236 3273 407 3364 turae,
460 3310 583 3374 qua
627 3289 892 3374 reliquis
942 3290 1313 3356 hominibus
1362 3290 1750 3355 antecellunt
1766 3339 1782 3367 ,
1832 3291 2135 3355 beneficio
2184 3289 2262 3354 ad
2307 3288 2574 3353 luminis

238 3390 480 3458 caelestis
526 3397 946 3481 veritatisque
994 3403 1403 3481 conspectum
1450 3403 1816 3461 evocantur.

305 3497 370 3562 P.
416 3499 539 3566 543
563 3504 641 3567 A.
691 3512 767 3580 τῇ
810 3503 1125 3583 μελλούσῃ
1175 3501 1429 3582 ἄκρως
1469 3504 1651 3568 οἰκεῖν
1694 3502 1890 3567 πόλιν.
1941 3503 2340 3568 Adverbium
2379 3501 2571 3581 ἄκρως

237 3602 289 3663 in
326 3609 674 3690 sequiorum
722 3610 975 3694 scriptis
1025 3611 1178 3672 satis
1226 3609 1520 3695 frequens
1568 3629 1889 3692 nusquam
1926 3607 2080 3673 alibi
2121 3607 2290 3693 apud
2328 3613 2575 3672 veteres

239 3709 614 3798 probatosque
660 3716 999 3799 scriptores
1047 3729 1373 3780 occurrere
1420 3714 1697 3779 videtur.
2591 3721 2594 3724 ’

309 3813 371 3878 Ρ.
418 3816 541 3882 543
564 3818 643 3884 D.
716 3821 820 3883 καὶ
888 3826 1133 3905 ταῦτα,
1201 3823 1277 3892 ὦς
1339 3821 1571 3895 ἔοικας,
1638 3821 1954 3885 καλλίω
2017 3819 2107 3883 ἔτι
2171 3819 2331 3900 ἔχων
2381 3822 2573 3884 εἰπεῖν

242 3917 388 3984 πόλιν
442 3948 508 3988 τε
567 3927 672 3990 καὶ
736 3924 947 4006 ἄνδρα.
1008 3924 1175 3993 Cum
1218 3930 1287 3990 in
1331 3930 1722 4013 praegressis
1773 3926 1938 3991 nihil
1984 3930 2356 4011 reperiatur,
2405 3926 2575 3991 unde

241 4018 445 4092 Glauco
483 4030 719 4096 efficere
757 4034 1075 4118 potuerit,
1114 4032 1438 4098 Socratem
1476 4035 1673 4097 etiam
1713 4033 2143 4117 pulchriorem
2169 4053 2363 4117 quam
2388 4032 2574 4096 finxit

245 4131 527 4199 civitatem
586 4136 827 4223 fingere
882 4139 1199 4223 potuisse,
1264 4141 1377 4201 vix
1444 4138 1666 4202 dubito
1717 4141 1870 4222 quin
1921 4139 2024 4201 hic
2073 4139 2358 4202 obtineat
2402 4121 2580 4201 haud

246 4234 555 4328 infrequens
596 4242 1004 4308 librariorum
1042 4247 1451 4330 negationem
1488 4247 1930 4308 omittentium
1972 4266 2161 4320 error,
2205 4244 2574 4329 dederitque

250 4335 399 4406 Plato
440 4349 594 4425 (οὐ)
642 4349 881 4413 καλλίω
932 4347 1021 4414 ἔτι
1073 4350 1201 4414 κτὲ.
