3192 5009
604 204 739 276 228
1619 222 1962 276 emamus.

599 392 839 458 iudicio
908 411 963 457 a.
1032 390 1117 458 56
1188 397 1349 457 teste
1416 390 1719 459 Cicerone
1783 393 1862 457 ad
1921 392 1993 472 Q.
2044 392 2121 457 fr.
2171 392 2234 457 2.
2263 391 2325 457 4.
2358 392 2392 458 1
2463 392 2676 457 Macer
2727 415 2770 455 a
2821 389 2999 453 Sestii
3116 392 3117 395 ’

598 498 899 561 subselbiis
941 497 1207 562 eur-rexit
1252 522 1324 561 ac
1367 521 1430 562 se
1478 498 1583 561 illi
1628 520 1747 562 non
1791 500 2148 585 defuturum
2195 498 2518 582 affirmavit
2563 498 2768 579 (unde
2809 496 3002 562 Scho-

596 603 786 669 liasta
830 605 1158 672 Bobiensis
1205 628 1267 691 p.
1320 603 1453 670 292
1501 602 1608 671 Or.
1655 626 1990 691 perperam
2036 627 2187 671 eum
2235 607 2554 670 recensuit
2595 607 2666 669 in
2709 602 3000 669 defenso-

598 710 775 776 ribus
836 710 1031 776 Sestii
1085 710 1238 778 cum
1280 710 1629 777 Hortensio
1676 717 1741 776 et
1789 708 2065 793 Crasso).
2132 710 2301 791 Quid
2345 715 2552 799 igitur
2598 707 3000 797 probabilius

598 836 793 902 quam
839 814 1116 883 Calvum
1162 818 1359 883 fuisse
1380 867 1397 896 ,
1440 820 1553 904 qui
1590 822 1847 904 poetam
1887 817 1967 882 ad
2005 820 2288 882 amicum
2327 816 2777 882 introduxerat
2813 816 2998 900 eique

597 926 945 989 orationem
1008 928 1310 989 mutuam
1369 924 1765 1009 praebuerat.
1831 923 1919 987 At
1979 925 2211 990 merito
2277 944 2426 987 sane
2473 924 2644 987 cavit
2690 919 3000 988 Catullus

594 1050 675 1094 ne
720 1030 957 1094 frustra
1003 1030 1357 1095 adhibitam
1404 1032 1597 1094 amici
1647 1049 1909 1114 operam
1955 1028 2062 1094 vel
2109 1050 2237 1093 uno
2286 1030 2481 1094 verbo
2529 1034 2952 1094 memoraret.

692 1135 827 1213 „De
866 1142 1154 1222 tempore
1194 1138 1507 1221 poematis
1550 1135 1715 1200 nihil
1753 1137 1891 1200 erui
1926 1134 2153 1220 posse''
2195 1134 2540 1200 affirmavit
2563 1141 2710 1222 post
2749 1134 2998 1200 multos

592 1242 1066 1308 BARHRRNSIUS.
1114 1241 1554 1307 Nihilominus
1603 1244 1906 1307 novimus
1956 1240 2244 1307 Sestium
2291 1242 2621 1307 absentem
2671 1242 2880 1306 fuisse
2927 1244 2994 1304 in

592 1347 968 1413 Macedonia
1028 1354 1430 1434 quaestorem
1492 1349 1569 1413 ab
1635 1369 1692 1413 a.
1747 1346 2011 1413 63—61
2065 1360 2129 1413 et
2176 1345 2508 1414 Catullum
2556 1350 2627 1413 in
2671 1348 2994 1434 Bithynia

591 1475 647 1520 a.
701 1453 923 1520 57s56.
974 1455 1174 1521 Porro
1223 1456 1511 1521 vidimus
1557 1462 1817 1540 poetam
1854 1460 1988 1519 iam
2029 1452 2243 1539 aliqua
2283 1453 2576 1519 claritate
2613 1454 2816 1519 fuisse
2843 1474 2992 1519 cum

586 1562 976 1625 invitaretur
1038 1582 1076 1625 a
1136 1560 1345 1627 Sestio
1364 1610 1381 1639 ,
1447 1582 1651 1646 neque
1715 1562 1820 1626 hic
1882 1581 2116 1647 parum
2165 1566 2356 1627 notus
2403 1560 2598 1625 fuerit
2643 1580 2988 1655 causarum

589 1672 895 1752 patronus
939 1688 1192 1732 necesse
1233 1672 1364 1745 est,
1413 1671 1660 1754 quippe
1687 1669 1756 1732 in
1794 1670 1978 1732 cuius
2019 1665 2457 1732 adulationem
2479 1652 2988 1733 convocarentur

591 1776 802 1838 amici.
864 1772 1036 1837 Hinc
1098 1772 1370 1839 efficitur
1429 1794 1682 1838 carmen
1747 1776 2179 1858 compositum
2241 1793 2376 1838 esse
2438 1780 2554 1838 aut
2599 1794 2728 1838 non
2775 1770 2984 1836 multo

592 1884 737 1943 ante
784 1898 839 1943 a.
871 1876 996 1955 -57,
1046 1884 1159 1944 aut
1207 1899 1263 1943 a.
1318 1876 1424 1957 55,
1474 1886 1761 1943 extremo
1809 1885 1955 1943 ante
2005 1880 2259 1943 obitum
2304 1886 2567 1963 poetae,
2617 1878 2795 1964 quod
2838 1877 2980 1942 ideo

588 1984 977 2072 probabilius
1010 1984 1266 2050 videtur
1305 1987 1455 2069 quia
1493 1988 1560 2049 in
1599 1985 1768 2049 hunc
1807 2005 2047 2049 annum
2071 1987 2330 2071 egregie
2355 1988 2654 2051 convenit
2677 1984 2978 2051 adversas

590 2090 979 2157 valetudinis
1023 2092 1335 2156 indicium
1354 2140 1370 2169 ,
1420 2092 1589 2177 quod
1637 2112 1832 2177 supra
1877 2091 2432 2177 deprehendimus.

1362 2380 1863 2429 RTYMOLOGIGUM
1907 2380 2203 2429 mentm.

677 2512 852 2581 Inter
912 2514 1207 2600 exempla
1266 2518 1851 2601 manuscriptorum
1913 2513 2307 2582 Graecorum
2363 2537 2569 2602 nuper
2622 2535 2662 2580 a
2721 2518 2864 2581 viro
2911 2511 2970 2575 d.

586 2620 881 2686 OMONTIO
947 2621 1119 2686 edita
1165 2620 1567 2701 (Fac-similet
1614 2624 1718 2685 des
1767 2622 2140 2685 Manu-ecrite
2193 2624 2372 2686 Grecs
2417 2618 2587 2685 date‘s
2631 2623 2708 2684 de
2756 2622 2823 2684 la
2867 2618 2972 2683 Bi-

582 2726 914 2812 motaeque
977 2728 1312 2791 Nationale
1358 2730 1441 2791 du
1488 2729 1614 2791 IXe
1659 2752 1740 2791 au
1788 2729 1894 2791 XI
1900 2728 1957 2791 V
1951 2743 1976 2775 θ
2023 2726 2212 2792 Sic-cle
2228 2777 2247 2806 ,
2297 2726 2548 2813 publies
2593 2748 2710 2812 par
2755 2726 2972 2792 Hmm

583 2831 838 2913 ΟΜΟΝΤ)
884 2836 953 2897 in
992 2833 1213 2898 tabula
1254 2832 1403 2897 LXI
1444 2840 1621 2899 extat
1661 2837 1898 2921 pagina
1939 2856 2017 2899 ex
2056 2832 2510 2920 Etymologico
2550 2832 2798 2919 Magno
2825 2832 2968 2898 anni

585 2936 760 3003 1273
822 2938 1115 3003 desumta
1132 2988 1148 3016 ,
1210 2940 1291 3004 ad
1348 2946 1553 3005 artem
1600 2935 2196 3026 palaeographicam
2243 2942 2379 3005 sive
2426 2938 2792 3004 discendam
2839 2942 2968 3004 sive

580 3044 927 3113 docendam
990 3045 1375 3124 utilissima;
1444 3068 1605 3132 quae
1667 3068 2059 3132 quamquam
2121 3046 2458 3132 flagitiosis
2503 3048 2685 3113 vitiis
2731 3048 2966 3131 passim

578 3156 677 3216 est
731 3151 986 3237 oppleta
1003 3200 1020 3228 ,
1079 3151 1386 3217 nonnulla
1440 3158 1656 3218 tamen
1712 3153 1945 3218 melius
2000 3173 2197 3238 quam
2245 3153 2553 3217 hactenus
2601 3152 2774 3217 edita
2821 3156 2966 3215 sunt

580 3255 728 3321 inde
776 3262 1045 3342 possunt
1092 3260 1391 3322 constitui
1411 3307 1427 3336 ,
1478 3266 1866 3345 quapropter
1912 3261 2200 3343 suspicor
2237 3258 2410 3323 haud
2449 3257 2794 3345 indignum
2834 3276 2966 3322 esse

580 3361 744 3427 illud
785 3366 1294 3449 manuscriptum
1335 3365 1504 3449 quod
1553 3366 1702 3430 data
1748 3386 1938 3451 opera
1985 3363 2368 3450 exploretur.
2421 3363 2642 3429 Unum
2691 3382 2964 3429 errorem

580 3471 738 3533 satis
783 3468 1134 3534 iocularem
1178 3471 1284 3535 hic
1330 3470 1610 3535 indicare
1655 3470 1879 3536 liceat:

672 3576 921 3654 τύφων·
982 3577 1277 3656 πρηστὴρ,
1342 3576 1646 3655 κεραυνὸς.
1712 3577 1908 3641 ἰστέον
1972 3572 2064 3641 ’ὅτι
2112 3578 2181 3641 τὸ
2229 3577 2514 3641 ποσειδῶν
2564 3575 2966 3656 διαιρούμενον

579 3679 920 3744 ποσειδιέων
982 3680 1331 3757 ὠνόμασται
1395 3680 1545 3760 φιλ,
1610 3682 1678 3745 τὸ
1743 3682 1806 3745 δὲ
1868 3687 2076 3761 τυφῶν
2140 3680 2544 3763 δικιρούμενον
2592 3680 2700 3746 ov&
2735 3681 2828 3763 (id
2877 3687 2966 3747 est

581 3785 909 3849 συστέλλει
972 3784 1079 3850 vel
1140 3786 1584 3866 συστέλλεται)
1646 3786 1974 3867 τυφιέονος.
2041 3786 2417 3873 Legendum
2478 3792 2609 3852 est:
2673 3787 2964 3851 Ποσειδῶν

580 3891 982 3971 διαιρούμενον
1027 3893 1372 3956 Ποσειδάων
1410 3917 1618 3963 -ωνος
1669 3894 1982 3973 μακρόν
2031 3893 2207 3956 ἔστι
2252 3893 2524 3971 Φύσει.
2573 3890 2963 3977 compendia

579 3997 672 4061 ων·
703 3999 824 4073 aon
870 4000 996 4063 ἐστι
1049 3994 1142 4079 φῦ
1205 3998 1373 4084 male
1436 4005 1587 4064 sunt
1651 3999 1834 4065 lecta.
1885 3999 2068 4065 Nihil
2115 4006 2212 4066 est
2261 3999 2430 4085 quod
2479 3999 2582 4065 edi
2629 3999 2790 4066 solet
2835 4008 2962 4079 Φυ-

579 4102 875 4168 λῶττει
923 4125 1039 4188 pro
1086 4106 1274 4185 φύσει
1324 4111 1476 4190 (quo
1526 4105 1602 4170 de
1644 4106 1852 4172 errore
1894 4106 1971 4171 cf.
2013 4105 2186 4171 Bast.
2229 4105 2436 4192 Epist.
2479 4102 2640 4171 Orit.
2679 4128 2740 4191 p.
2769 4103 2928 4184 837)
2943 4124 2958 4181 ;

576 4207 836 4295 longius
880 4212 1053 4274 enim
1100 4232 1137 4275 a
1185 4211 1401 4276 verbis
1449 4212 1705 4277 traditis
1747 4212 2012 4278 discedit
2050 4212 2411 4276 coniectura
2446 4213 2682 4291 μικρὸν
2718 4210 2962 4291 φυλάτ-

579 4338 672 4380 τει
720 4316 791 4378 τὸ
837 4316 904 4379 δ.
2640 4334 2704 4382 v.
2753 4316 2828 4381 L.
