3192 5009
434 199 565 273 446
1076 225 1160 276 1111
1204 225 1825 276 mmommomus
1867 226 2171 276 Romus.

434 394 648 458 curias
666 440 682 471 ‚
747 391 972 459 deinde
1034 414 1069 458 e
1127 392 1263 459 foro
1320 395 1388 458 in
1450 395 1682 459 Arcem
1746 392 2056 460 deductus
2121 393 2268 460 deos
2330 394 2408 461 de
2457 417 2524 463 se
2567 395 2812 462 consuli

438 501 675 565 sineret
692 547 709 577 ,
770 519 975 585 neque
1020 520 1093 565 eo
1140 501 1357 563 minus
1404 499 1484 564 ad
1524 502 1735 585 ipsam
1782 498 1999 586 legem
2045 501 2401 586 pertinebat
2449 503 2806 568 observatio

438 607 891 692 auspiciorum.
954 601 1269 671 Convenit
1331 605 1499 690 quod
1556 603 1942 692 Tarquinius
1988 605 2310 693 Superbus
2327 657 2344 686 ,
2392 610 2504 695 qui
2541 629 2580 674 a
2622 609 2810 675 Livio

434 711 712 777 traditur
761 732 1005 796 „neque
1051 710 1274 796 populi
1318 713 1501 776 iussu
1544 732 1750 797 neque
1797 713 2183 778 Auctoribus
2218 713 2520 780 Patribus
2556 735 2810 801 regnas-

434 817 545 883 se''
580 815 648 899 ¹),
695 819 894 882 etiam
940 816 1289 882 secundum
1333 815 1722 903 Dionysium
1767 816 1857 898 (4.
1885 817 2001 899 80)
2041 841 2166 884 11811
2205 820 2328 884 fuit
2364 823 2808 907 inauguratus.

432 923 657 1009 Itaque
720 930 983 1009 apparet
1000 971 1015 1000 ,
1078 922 1329 988 diversa
1385 925 1753 989 testimonia
1799 931 2134 1018 auctorum
2179 947 2401 992 revera
2447 925 2669 992 eodem
2715 947 2808 992 re-

431 1030 587 1094 ferri
652 1049 857 1115 posse.
930 1067 1015 1077 —-
1087 1027 1212 1094 Sed
1269 1029 1564 1095 nonnulli
1624 1032 1752 1095 viri
1813 1030 1986 1097 docti
2046 1032 2233 1098 hodie
2295 1039 2566 1120 negant,
2631 1032 2807 1120 leges

436 1137 711 1201 curiatae
766 1155 925 1220 quae
986 1141 1273 1221 tempore
1331 1157 1563 1223 regum
1617 1135 1983 1203 ferebantur
2027 1137 2104 1203 de
2151 1139 2421 1224 imperio
2467 1159 2697 1226 reg-um
2746 1136 2826 1204 et'

438 1249 657 1328 postea
694 1241 769 1306 de
807 1244 1079 1327 imperio
1120 1247 1185 1307 et
1222 1247 1533 1328 potestate
1572 1245 2076 1330 magistratuum
2097 1293 2113 1320 ‚
2151 1243 2504 1332 indiguisse
2542 1244 2812 1310 Patrum

440 1348 865 1412 Auctoritatis
892 1353 963 1426 ²).
1036 1346 1217 1427 Quod
1278 1368 1399 1434 ego
1464 1351 1642 1433 sequi
1696 1347 1896 1414 nolim
1916 1398 1932 1427 ,
1983 1351 2268 1434 primum
2311 1353 2460 1435 quia
2505 1349 2669 1415 nihil
2717 1358 2816 1416 881

440 1473 557 1518 cur
601 1453 716 1518 has
763 1452 939 1540 leges
986 1455 1381 1539 excipiamus
1416 1475 1495 1519 ex
1534 1458 1862 1520 communi
1896 1457 2034 1520 iure
2051 1504 2067 1535 ,
2119 1476 2242 1541 quo
2279 1458 2536 1522 comitia
2573 1458 2817 1523 curiata

442 1565 509 1624 et
546 1561 899 1624 centuriata
937 1565 1075 1625 rata
1113 1580 1249 1626 esse
1288 1581 1417 1627 non
1454 1567 1802 1647 potuerunt
1839 1564 1974 1626 sine
2013 1563 2408 1628 Auctoritate
2429 1561 2700 1628 Patrum
2725 1569 2814 1645 ⁸),

445 1669 599 1753 quin
646 1669 845 1732 etiam
862 1715 878 1744 ,
926 1668 984 1731 si
1035 1672 1203 1732 recte
1250 1688 1440 1754 supra
1484 1689 1563 1734 ex
1611 1689 1684 1734 eo
1730 1670 1871 1734 iure
1918 1671 2282 1754 excepimus
2325 1668 2502 1756 leges
2541 1672 2818 1736 curiatae

443 1793 481 1838 a
520 1772 934 1838 Pontificibus
986 1773 1185 1838 factas
1233 1779 1431 1861 (supr.
1480 1783 1628 1860 pag.
1682 1773 1814 1839 432
1862 1774 2004 1841 adn.
2034 1775 2134 1854 1),
2183 1773 2363 1840 nulla
2407 1777 2668 1841 comitia
2715 1796 2818 1841 cu-

444 1881 606 1944 riata
666 1885 1007 1964 supersunt
1069 1881 1301 1964 quibus
1361 1879 1561 1947 libera
1622 1879 1948 1966 republica
2005 1882 2229 1946 Patres
2291 1883 2599 1947 Auctores
2667 1881 2821 1948 facti

448 2007 583 2053 8888
630 1989 875 2072 possint
921 1991 1171 2072 praeter
1217 2009 1289 2053 ea
1337 1988 1568 2073 quibus
1615 1988 1734 2054 hae
1778 1987 1956 2076 leges
2001 1987 2382 2053 ferebantur.
2444 1989 2780 2054 Praeterea
2797 2037 2814 2067 ,

446 2095 595 2180 quia
656 2097 861 2158 totam
922 2094 1235 2159 rationem
1294 2093 1722 2181 inaugurandi
1785 2115 1858 2160 eo
1905 2095 2286 2180 pertinuisse
2334 2114 2524 2180 supra
2570 2093 2816 2160 ostendi

443 2205 618 2284 (pag.
662 2196 792 2262 413
818 2206 935 2283 sq.)
954 2247 971 2274 ,
1020 2205 1097 2263 ut
1143 2199 1583 2266 conciliaretur
1629 2199 1930 2266 voluntas
1978 2200 2250 2274 Patrum
2269 2249 2286 2278 ,
2335 2220 2517 2265 omne
2566 2198 2812 2285 pondus

442 2304 821 2390 ademptum
867 2325 1001 2370 esse
1048 2304 1306 2370 videtur
1348 2327 1646 2392 responso
1692 2309 1957 2394 auguris
1977 2355 1994 2384 ,
2041 2307 2096 2371 si
2143 2307 2218 2372 ab
2267 2306 2384 2372 hac
2427 2327 2494 2371 re
2531 2324 2815 2370 remove-

443 2414 649 2476 rimus
709 2411 1178 2477 Auctoritatem
1223 2410 1497 2478 Patrum
1514 2462 1530 2490 ,
1578 2435 1782 2499 neque
1827 2434 1960 2478 8888
2007 2412 2261 2478 videtur
2307 2433 2420 2478 cur
2462 2433 2645 2500 reges
2695 2460 2729 2490 „
2737 2411 2814 2477 (18

446 2539 512 2583 se
560 2518 839 2603 auspicia
886 2517 964 2582 ab
1010 2518 1365 2605 auguribus
1410 2519 1658 2585 consuli
1704 2518 2030 2585 voluisse''
2071 2519 2241 2599 (Liv.
2289 2518 2345 2583 1.
2380 2518 2482 2584 18.
2511 2519 2578 2600 6)
2626 2519 2814 2584 dicas.

445 2623 788 2690 Silentium
848 2621 1167 2690 Ciceronis
1228 2630 1446 2691 autem
1506 2647 1632 2691 non
1690 2624 1836 2712 plus
1895 2623 2068 2690 valet
2121 2624 2422 2690 adversus
2466 2624 2630 2690 banc
2676 2645 2813 2690 rem

444 2751 639 2817 quam
702 2729 1003 2796 adversus
1064 2733 1346 2817 auspicia
1404 2731 1553 2810 illa;
1621 2753 1772 2797 nam
1818 2733 2166 2797 sexcenties
2211 2729 2386 2817 leges
2433 2729 2634 2794 factas
2679 2749 2812 2795 esse

444 2843 731 2906 auctores
769 2844 1126 2904 memorant
1162 2841 1297 2904 sine
1333 2837 1468 2904 11118
1507 2841 1832 2904 mentione
1856 2838 2272 2903 Auctoritatis
2294 2835 2582 2900 Patrum.
2631 2833 2810 2915 Quod

442 2966 596 3010 vero
642 2946 711 3008 in
759 2949 937 3009 tanta
980 2947 1498 3010 testimoniorum
1542 2947 1863 3031 paucitate
1911 2944 2191 3010 sufficere
2235 2941 2490 3008 videtur
2506 2989 2522 3019 ,
2573 2939 2811 3027 Diony-

445 3053 579 3116 sius
626 3071 813 3136 saepe
860 3050 1093 3116 diserte
1140 3051 1305 3116 dixit
1322 3099 1339 3129 ‚
1388 3050 1522 3138 legi
1569 3054 1850 3117 curiatae
1892 3050 1968 3116 de
2014 3071 2245 3137 reg-um
2281 3049 2552 3134 imperio
2590 3046 2814 3113 Patres

446 3159 753 3223 Auctores
798 3157 995 3223 factos
1042 3178 1176 3223 esse
1203 3157 1277 3242 ⁴).
1351 3157 1596 3223 Revera
1642 3156 1811 3243 quod
1854 3156 2055 3222 libera
2093 3152 2415 3241 republica
2449 3154 2694 3219 factum
2731 3155 2819 3218 sit

446 3285 697 3330 necesse
760 3269 886 3341 est,
950 3266 1007 3328 si
1054 3263 1155 3328 his
1201 3263 1455 3351 legibus
1503 3263 1726 3330 Patres
1769 3265 2077 3327 Auctores
2123 3261 2260 3327 fieri
2306 3260 2695 3338 debuerunt,
2742 3265 2820 3324 ut

446 3371 613 3436 binis
676 3372 953 3437 comitiis
1016 3370 1093 3436 de
1147 3370 1387 3436 eisdem
1433 3370 1920 3458 magistratibus
1963 3368 2199 3433 habitis
2242 3368 2466 3432 Patres
2511 3368 2820 3431 Auctores

448 3477 669 3543 fierent
686 3526 703 3554 ‚
750 3479 1037 3562 primum
1084 3479 1361 3542 comitiis
1409 3478 1778 3543 centuriatis
1821 3481 2164 3562 postquam
2209 3476 2402 3538 creati
2441 3485 2652 3538 essent
2686 3493 2822 3536 ma-

446 3587 757 3673 gistratus
807 3589 980 3666 (ante
1026 3584 1242 3672 legem
1291 3585 1622 3650 Maeniam
1662 3582 1923 3664 latam),
1973 3579 2194 3646 deinde
2241 3580 2518 3644 comitiis
2557 3580 2820 3644 curiatis

511 3781 567 3844 1)
600 3780 705 3829 Liv.
744 3781 887 3831 1.49.
911 3783 955 3830 8.
1003 3782 1139 3846 Quae
1173 3782 1231 3831 (18
1264 3781 1366 3831 eius
1400 3797 1545 3846 regno
1580 3781 1747 3830 OEcero
1781 3778 1984 3829 tradidit
2016 3776 2067 3826 in
2101 3775 2212 3825 libr.
2247 3774 2305 3823 de
2345 3773 2462 3840 Rep.
2500 3776 2688 3840 tempu·
2722 3789 2818 3824 non

442 3862 675 3912 tulerunt.
712 3890 780 3899 —
812 3864 863 3925 2)
896 3863 1163 3912 Mommsen
1192 3865 1392 3912 Staatsr.
1423 3863 1453 3912 3
1484 3879 1583 3928 pag.
1622 3862 1763 3911 1089.
1799 3889 1866 3898 —
1899 3862 1949 3922 8)
1982 3859 2078 3908 Cic.
2100 3858 2227 3907 dom.
2247 3857 2327 3906 14.
2346 3856 2428 3914 88,
2455 3855 2558 3905 Liv.
2579 3857 2819 3915 ⁶.41.10.

444 3945 527 3995 cfr.
567 3945 806 3995 Mnemos.
844 3945 1019 3994 XVIII
1054 3962 1158 4010 pag.
1197 3946 1294 3996 224
1330 3946 1435 3996 adn.
1476 3947 1502 3994 1
1540 3949 1589 3994 et
1624 3960 1728 4010 pag.
1766 3943 1864 3992 280
1897 3942 2004 3991 adn.
2041 3943 2097 3998 ὃς
2135 3954 2265 4004 supr.
2297 3953 2401 4003 pag.
2439 3940 2538 3988 448
2558 3939 2664 3988 adn.
2689 3941 2819 3990 1.—

441 4028 493 4088 4)
542 4025 733 4092 Diony..
780 4027 828 4078 Β.
848 4027 939 4076 60:
994 4021 1261 4084 ἔκκλησίας
1305 4023 1359 4074 δὲ
1406 4027 1539 4086 μετὰ
1588 4027 1742 4074 τοῦτο
1791 4021 2122 4086 συναχθείσης
2173 4058 2184 4071 .
2207 4057 2217 4069 .
2239 4055 2251 4068 .
2299 4017 2384 4068 καὶ
2414 4023 2514 4066 τῶν
2549 4018 2816 4081 πατρικίων

443 4103 847 4169 ὅτικυρωσάντων
883 4109 952 4156 τὰ
988 4105 1204 4174 δόξαντα
1238 4113 1309 4170 τῷ
1348 4106 1523 4165 πλήθει
1556 4143 1568 4156 .
1590 4143 1602 4155 .
1624 4130 1664 4163 ,ς
1697 4107 1852 4155 4.4o=
1893 4104 1938 4153 εἰ
1972 4105 2064 4165 μὶν
2099 4097 2179 4152 οὖν
2211 4103 2242 4159 Η
2275 4117 2334 4151 τε
2376 4101 2535 4164 βουλὴ
2575 4102 2662 4150 τὸν
2690 4101 2818 4162 αἶρε·

448 4187 593 4238 θέντα
639 4189 725 4238 ὑπ’
770 4187 935 4238 αὐτῶν
982 4185 1274 4250 nontamen,
1323 4189 1408 4239 καὶ
1452 4190 1477 4238 ὁ
1513 4187 1670 4250 δῆμος
1705 4185 1984 4248 ἐπεψήφισε
2018 4223 2030 4234 .
2051 4223 2062 4234 .
2084 4222 2095 4234 .
2131 4183 2515 4246 παρελάμβανεν
2548 4176 2692 4241 οὗτος
2727 4182 2818 4240 τὴν

449 4269 637 4332 &exin
668 4276 717 4320 4.
739 4275 797 4322 8:
846 4269 933 4322 οὐκ
978 4270 1231 4338 ἀξιοῦντες
1280 4270 1432 4321 αὐτὸν
1482 4268 1647 4334 ἑαυτῷ
1685 4267 2072 4332 μηχανήσασθαι
2109 4266 2372 4329 βασιλικὴν
2407 4263 2652 4332 &zoua-lav,
2685 4263 2819 4326 μήτε

450 4355 634 4415 βουλῆς
670 4353 1017 4420 ψηφισαμένης
1050 4353 1183 4416 μήτε
1218 4359 1315 4403 τῶν
1352 4353 1519 4406 ἄλλων
1554 4359 1653 4403 τῶν
1689 4354 1822 4404 κατὰ
1857 4353 2000 4414 νόμον
2034 4347 2465 4406 &aruncum-m,
2503 4350 2590 4400 cfr.
2625 4351 2672 4400 4.
2691 4350 2772 4400 84.
