3192 5009
580 354 713 423 206
1333 374 1418 423 An
1463 374 1811 425 merorum
1857 376 2193 426 scamcffl.

574 540 848 629 glen'sse
894 539 1253 605 Aristotelis
1300 545 1363 605 et
1409 540 1778 607 Dicaearchi
1826 543 2294 607 observationes
2341 543 2466 607 huc
2512 545 2910 628 pertinentes
2935 592 2956 617 ,

573 648 769 713 fuisse
838 650 1010 713 enim
1080 649 1190 731 qui
1263 654 1559 732 putarent
1627 648 2077 733 Neophronem
2141 648 2364 726 illum,
2429 652 2720 735 quisquis
2783 649 2914 713 fuit
2935 697 2958 724 ,

572 757 892 840 scripsisse
932 753 1225 818 Medeam
1264 753 1625 839 Euripidis,
1667 755 2008 819 ostendunt
2045 754 2352 842 Diogenis
2391 764 2456 820 et
2494 754 2729 821 Suidae
2756 756 2960 820 verba

571 882 763 946 supra
800 860 991 925 allata
1015 856 1086 937 ¹).
1138 857 1438 926 Ceterum
1487 882 1611 924 non
1649 863 1785 946 ipse
1825 860 2052 926 Suidas
2093 862 2197 925 vel
2233 860 2552 948 Diogenes
2591 860 2960 947 culpandus

573 973 703 1043 est,
769 988 916 1030 nam
978 965 1172 1030 verbo
1232 970 1428 1039 Φαισίν
1489 966 1772 1031 indicant
1835 988 1900 1032 se
1964 965 2160 1045 relata
2221 968 2489 1045 referre,
2557 970 2732 1053 ipsos
2792 968 2956 1032 huic

570 1069 1075 1137 narratiunculae
1126 1070 1317 1135 fidem
1364 1094 1488 1136 non
1536 1072 1787 1141 habere.

664 1177 962 1264 Opinioni
1030 1186 1280 1241 nostrae
1350 1198 1543 1261 quam
1616 1182 1895 1243 maxime
1957 1179 2172 1243 favent
2233 1180 2594 1267 fragmenta
2655 1200 2814 1265 quae
2867 1201 2950 1243 ex

571 1285 965 1370 Neophronis
1037 1283 1261 1348 Medea
1330 1283 1695 1348 afferuntur.
1768 1283 2051 1362 Quorum
2111 1288 2396 1370 primum
2455 1290 2524 1351 in
2577 1285 2816 1351 scholio
2869 1286 2954 1349 ad

572 1392 743 1457 Med.
807 1412 900 1455 vs.
954 1389 1081 1454 666
1142 1388 1385 1476 legitur
1401 1411 1417 1467 3
1482 1389 1629 1453 inde
1694 1396 1867 1474 patet-
1927 1393 1994 1454 in
2041 1390 2438 1476 Neophronis
2489 1392 2773 1457 dramate
2821 1394 2952 1457 Ae-

571 1518 771 1585 geum
817 1494 1195 1563 Corinthum
1244 1498 1465 1560 visisse
1511 1504 1585 1558 ut
1631 1494 1922 1559 Medeam
1977 1496 2368 1574 consuleret,
2417 1519 2568 1561 cum
2615 1501 2682 1562 in
2721 1496 2950 1561 fabula

565 1603 891 1689 Euripidis
949 1601 1153 1666 veluti
1214 1622 1246 1666 e
1311 1601 1585 1666 nubibus
1649 1588 1941 1686 delapsus
2004 1606 2430 1687 superveniat.
2503 1602 2675 1667 Illud
2724 1606 2952 1688 aptius

566 1732 698 1776 esse
747 1716 811 1774 et
858 1707 1091 1773 melius
1136 1709 1225 1771 sic
1270 1707 1489 1771 drama
1536 1708 1865 1772 cohaerere
1913 1717 2190 1793 apparet.

658 1816 952 1881 Alterum
993 1815 1425 1901 fragmentum
1466 1820 1790 1878 servatum
1831 1821 1927 1878 est
1967 1836 2003 1878 a
2043 1813 2310 1880 Stobaeo
2333 1814 2551 1902 Eclog.
2583 1816 2708 1880 XX
2736 1815 2843 1893 34,
2883 1816 2948 1894 1,

569 1922 979 1989 simillimum
1041 1927 1189 1985 noto
1252 1919 1622 2004 soliloquio,
1672 1940 1797 2004 quo
1843 1920 2070 1985 Medea
2119 1924 2299 1995 θυμὸν
2349 1943 2538 1987 suum
2585 1922 2948 1989 identidem

566 2032 881 2114 increpat,
929 2028 1084 2092 dum
1136 2047 1349 2091 secum
1396 2025 1779 2090 colluctatur
1822 2029 1960 2111 ipsa
2005 2034 2070 2092 et
2110 2027 2374 2093 meliora
2412 2029 2756 2114 vidensque
2795 2050 2950 2113 pro-

565 2136 843 2220 bansque
890 2132 1198 2198 deteriora
1244 2141 1459 2197 tamen
1506 2135 1684 2218 sequi
1734 2142 2022 2217 paratam
2070 2154 2136 2197 se
2183 2133 2476 2199 declarat.

656 2240 891 2306 Ultimi
956 2240 1222 2324 denique
1271 2261 1489 2304 versus
1536 2260 1612 2303 ex
1659 2239 2057 2325 Neophronis
2105 2240 2388 2305 dramate
2435 2244 2500 2304 in
2551 2239 2806 2305 scholiis
2857 2240 2947 2305 ad

566 2347 738 2413 Med.
788 2369 882 2412 vs.
938 2345 1109 2411 1386
1152 2354 1300 2409 sunt
1340 2348 1607 2422 servati,
1649 2355 1711 2410 et
1752 2367 2140 2430 quamquam
2179 2350 2679 2431 corruptissimi,
2719 2354 2946 2414 tamen

564 2457 644 2519 iis
692 2456 801 2539 qui
846 2455 914 2516 in
958 2459 1207 2516 nostrae
1252 2450 1517 2516 Medeae
1568 2451 1688 2515 fine
1734 2450 2040 2539 leguntur
2081 2457 2201 2532 (vs.
2249 2450 2720 2538 1386—1388)
2761 2472 2948 2537 prae-

565 2560 806 2626 ferendi
860 2558 1174 2623 videntur.
2813 2624 2820 2628 ,

656 2665 838 2732 Nihil
899 2667 1105 2752 igitur
1166 2670 1261 2729 est
1320 2668 1388 2727 in
1440 2666 1549 2741 iis,
1602 2686 1759 2750 quae
1807 2686 1886 2729 ex
1931 2665 2328 2751 Neophronis
2374 2665 2604 2731 Medea
2651 2670 2938 2731 aetatem

564 2773 887 2849 tulerunt,
952 2774 1104 2856 quin
1166 2773 1302 2854 ipse
1350 2769 1686 2855 Euripides
1731 2771 1796 2835 id
1842 2772 2110 2836 scribere
2156 2776 2440 2857 potuerit
2485 2776 2553 2836 in
2597 2793 2760 2839 nova
2805 2772 2946 2836 edi-

564 2882 733 2944 tione
780 2880 881 2942 sui
929 2877 1252 2940 dramatis
1300 2876 1399 2939 Ab
1448 2875 1571 2939 alio
1621 2897 1768 2941 vero
1810 2898 2126 2961 quoquam
2169 2880 2358 2943 scribi
2400 2880 2510 2943 vix
2551 2884 2940 2963 potuerunt3

562 3007 712 3050 nam
772 2984 1208 3069 fragmentum
1256 2981 1423 3066 quod
1472 2980 1780 3047 Stobaens
1829 2984 2084 3048 exhibet
2133 3006 2331 3070 usque
2379 2985 2532 3050 adeo
2580 2983 2788 3049 simile
2835 2990 2944 3047 est

564 3092 848 3156 versibus
889 3110 1047 3175 quos
1086 3087 1424 3173 Euripides
1464 3109 1613 3153 suae
1655 3088 1916 3155 Medeae
1958 3092 2217 3167 tribuit,
2268 3098 2342 3154 ut
2382 3094 2505 3155 nisi
2549 3112 2712 3155 unus
2733 3090 2943 3154 idem-

565 3218 687 3284 que
746 3204 931 3281 poeta
993 3198 1326 3278 utriusque
1372 3193 1493 3258 loci
1540 3204 1761 3259 auctor
1809 3205 1938 3272 est,
1988 3195 2147 3260 alter
2197 3196 2472 3261 alterum
2517 3196 2944 3282 impudentis-

564 3308 723 3369 sime
764 3300 1236 3385 compilaverit;
1274 3303 1557 3363 auritum
1584 3322 1732 3365 vero
1757 3300 1919 3365 illud
1946 3302 2267 3367 theatrum
2293 3304 2780 3368 Atheniensium
2806 3324 2942 3366 una

564 3430 718 3475 voce
768 3412 988 3493 opinor
1033 3407 1397 3491 improbum
1448 3406 1775 3470 falsarium
1816 3408 2234 3485 confutasset,
2275 3430 2389 3473 suo
2429 3413 2685 3475 nomine
2725 3409 2936 3474 aliena

565 3516 1019 3582 venditantem.
1093 3512 1256 3591 Quid
1325 3534 1473 3577 vero
1542 3515 1812 3578 comicos
1876 3514 2154 3578 dicturos
2217 3514 2410 3579 fuisse
2471 3526 2808 3600 putamus,
2873 3519 2939 3580 si

563 3622 849 3688 eiusdem
897 3618 1148 3684 sceleris
1198 3624 1515 3683 teneretur
1560 3618 1896 3703 Euripides
1941 3630 2128 3704 atque
2169 3618 2508 3685 Sthenelus
2547 3620 2693 3697 ille,
2736 3642 2934 3705 quem

561 3728 746 3793 Plato
814 3728 1094 3791 comicus
1142 3724 1361 3788 derisit
1407 3725 1481 3791 ὥς
1534 3727 1834 3799 ἀλλότριοι
1884 3726 1997 3797 ἔπη
2046 3726 2546 3806 σφετεριζόμενον
2595 3726 2933 3811 (Harpocr.

564 3856 612 3901 s.
638 3855 700 3898 v.
746 3832 1091 3909 Σθένελοι);
1136 3830 1287 3913 quid
1329 3829 1726 3894 Aristobulos
1765 3846 1830 3895 et
1868 3828 2260 3909 Clementes,
2306 3834 2414 3917 qui
2451 3832 2608 3896 furti
2633 3832 2934 3897 litterarii

560 3944 778 4003 notam
818 3939 1060 4022 optimo
1099 3938 1326 4021 cuique
1366 3940 1650 4021 scriptori
1695 3939 1944 4001 inurere
1984 3934 2409 4003 studuerunt?
2457 3936 2679 4023 Neque
2725 3938 2928 4004 latere

561 4050 810 4131 poterat
856 4063 928 4107 ea
976 4042 1175 4119 frana,
1224 4044 1278 4105 si
1324 4042 1579 4126 quidem
1621 4042 2014 4128 Neophronis
2057 4042 2279 4108 Medea
2319 4065 2438 4107 non
2475 4049 2728 4109 mature
2769 4042 2937 4109 obli·

559 4154 743 4216 vione
788 4156 883 4214 est
928 4169 1138 4234 pressa
1185 4148 1292 4212 sed
1340 4148 1418 4212 ad
1466 4148 1718 4214 Stobaei
1766 4170 1965 4233 usque
2014 4154 2289 4215 aetatem
2333 4148 2746 4234 perduravit!

626 4360 680 4423 1)
728 4358 1016 4409 simillimus
1062 4368 1131 4407 est
1182 4358 1438 4409 Clementi·
1476 4359 1780 4409 Alexandrini
1815 4376 1965 4415 error.
2001 4360 2080 4424 qni
2118 4362 2292 4411 Sti-om.
2333 4360 2400 4409 vt
2437 4360 2535 4414 752
2569 4361 2656 4410 τόν
2695 4358 2928 4411 Καίκαλον

558 4426 643 4474 τὸν
696 4424 1042 4497 ποιηθέντα
1098 4426 1322 4488 Ἀραιρὸτι
1369 4434 1734 4486 commemorat,
1783 4444 1890 4477 cum
1938 4424 2003 4475 δι’
2051 4429 2311 4490 Ἀραρότος
2355 4444 2459 4477 eam
2495 4428 2702 4478 fabulam
2737 4430 2926 4479 doctam

558 4510 655 4543 esse
690 4494 923 4543 debuisset
957 4494 1127 4543 dicere.
