3192 5009
558 304 687 373 172
1370 328 1638 385 Qumzrus
1685 328 2082 377 smnfflus.

642 490 699 553 V
751 491 877 558 152
924 492 1155 558 Nestor
1202 493 1388 559 dicit:

690 630 695 637 ·
824 600 976 663 ἀλλ’
1026 596 1139 679 ἄγ’
1188 601 1320 678 ἐμοὶ
1369 601 1686 679 πείθεσθε,
1736 602 2051 683 ἐπείρα
2097 602 2584 682 γεραίτερός
2635 604 2822 680 εἰμι

820 706 1023 782 λίην,
1072 706 1207 770 οὐκ
1254 707 1537 786 ὀλίγον
1589 732 1765 787 περ,
1816 706 1941 788 ἔχω
1993 707 2045 772 δ’
2094 708 2194 772 ἐπὶ
2241 709 2437 789 γήραΐ
2480 712 2750 789 πολλῷ

823 812 928 876 καὶ
979 810 1124 890 νόον,
1167 809 1398 878 οὕνεκεν
1446 814 1636 879 ἐσθλοὶ
1685 814 1787 878 καὶ
1838 811 2049 891 ἄλγεα
2100 817 2368 880 πολλοὶ
2415 812 2700 895 μόγησα.

553 918 775 1005 Longe
820 918 1264 1004 praetulerim:

1586 1023 1714 1105 ἔχω
1766 1025 1817 1090 δ’
1869 1026 1969 1090 ἐπὶ
2020 1026 2212 1106 γήραΐ
2255 1028 2566 1092 πολλὸν

822 1116 928 1180 καὶ
976 1113 1119 1193 νόον,
1173 1116 1299 1181 κτὲ.
1486 1129 1490 1133 ’

552 1222 799 1308 Quippe
858 1224 1049 1286 multa
1105 1231 1369 1287 emotus
1429 1225 1640 1289 verbis
1685 1226 2072 1312 praegressis
2119 1228 2273 1290 satis
2321 1245 2637 1311 superque
2685 1224 2936 1312 signifi-

550 1335 693 1394 cata
732 1336 1069 1408 051,1111110
1107 1351 1255 1397 vero
1296 1329 1713 1417 praedicanda
1754 1339 1889 1395 erat
1927 1337 1991 1395 et
2028 1331 2370 1415 premenda
2391 1332 2580 1395 multa
2600 1330 2936 1414 sapiencia,

554 1458 751 1523 quam
797 1437 1055 1503 Nestori
1101 1437 1356 1502 dederat
1400 1437 1591 1499 multa
1637 1435 2027 1519 experientia.

642 1603 698 1668 V
748 1603 880 1670 206
926 1605 1090 1668 Aiax
1134 1606 1205 1667 in
1251 1624 1580 1668 armorum
1626 1604 1862 1669 iudicio
1911 1605 1990 1670 ad
2036 1604 2371 1697 Ulyssem:

825 1712 901 1779 ὥς
949 1709 1173 1787 ὄφελεν
1222 1714 1327 1773 καὶ
1378 1710 1546 1782 ἐμεῖο
1594 1711 1783 1789 θρασὺ
1829 1710 2025 1781 σθένος
2077 1712 2136 1774 ἒν
2185 1708 2302 1775 δαῒ
2341 1713 2503 1792 κείνη

828 1817 1012 1886 αὐτὸς
1062 1816 1214 1887 Ζεὺς
1266 1815 1575 1896 ἐφόβησεν
1625 1816 1744 1880 ἀπ’
1793 1818 2054 1895 αἰθέρος,
2105 1815 2267 1896 ὄφρα
2317 1841 2385 1882 σε
2436 1824 2637 1897 Τρῶες

823 1922 1206 2003 ἀμφιτόμοις
1254 1921 1538 2002 ξιφέεσσι
1586 1924 1689 1989 διὰ
1734 1926 2015 1997 μελεϊστὶ
2065 1926 2374 1991 κέδασσαν

824 2029 1013 2093 δαῖτα
1063 2030 1197 2094 κυσὶ
1245 2028 1624 2110 σφετέροισι,
1674 2030 1778 2094 καὶ
1827 2033 1935 2096 οὐκ
1984 2030 2074 2096 ἂν
2122 2034 2283 2109 ἐμοῖο
2330 2033 2611 2108 μενοίνας

825 2135 1143 2209 ἐλθέμεναι
1194 2136 1549 2201 κατέναντα
1596 2138 2061 2221 δολοφροσύνμσι
2113 2136 2430 2210 πεποιθώς.

557 2242 625 2309 Si
693 2244 846 2308 haec
907 2241 1097 2307 lectio
1158 2264 1253 2306 ve.
1304 2240 1436 2309 209
1499 2264 1651 2309 vera
1712 2253 1914 2322 05501,
1979 2244 2224 2330 plenior
2269 2248 2701 2331 requireretur
2747 2247 2944 2309 inter·

554 2350 813 2434 punctio
858 2354 1003 2433 post
1054 2349 1433 2429 σφετέροισι,
1484 2350 1594 2415 5οᾶ
1643 2354 1792 2435 quia
1835 2371 1962 2415 non
2008 2350 2228 2415 dubito
2278 2353 2436 2436 quin
2479 2352 2696 2415 omnia
2743 2350 2943 2415 verba

554 2455 657 2519 καὶ
686 2493 771 2503 -
797 2455 1091 2525 πεποιθώς
1139 2476 1441 2541 suspensa
1488 2458 1618 2520 51111
1665 2457 1744 2521 ab
1792 2454 1953 2536 ὄφρα
1974 2506 1990 2534 ,
2040 2457 2490 2543 corrigendum
2539 2456 2849 2523 arbitror:

1614 2562 1718 2625 καὶ
1767 2563 1873 2626 οὐκ
1921 2562 2031 2641 ἄρ’
2073 2563 2238 2639 ἐμοῖο
2287 2564 2565 2638 μενοίνας

824 2668 1140 2741 ἐλθέμεναι
1188 2666 1537 2732 κατέναντα
1588 2668 2048 2750 δολοφροσύνῃσι
2099 2667 2416 2740 πεποιθώς.

552 2774 629 2839 111
671 2773 969 2861 legitima
1012 2774 1130 2839 hac
1167 2776 1688 2840 coniunctionum
1726 2774 2018 2840 finalium
2059 2797 2209 2840 cum
2244 2775 2591 2869 indicativo
2617 2780 2942 2839 structura

553 2888 699 2966 post
758 2886 988 2945 votum
1049 2880 1125 2944 de
1188 2901 1254 2943 re
1302 2884 1678 2965 praeterita,
1730 2882 1913 2946 cuius
1960 2881 2280 2967 permulta
2328 2886 2478 2946 sunt
2525 2880 2698 2967 apud
2744 2880 2941 2959 Quin-

558 2994 702 3053 tum
748 2986 1039 3072 exempla
1057 3035 1073 3063 ‚
1120 3007 1477 3071 numquam
1524 2989 1827 3072 peccavit.

646 3154 699 3221 V
747 3153 879 3220 223
927 3157 997 3218 111
1044 3155 1263 3219 eadem
1309 3154 1522 3219 Aiacis
1568 3156 1877 3219 oratione:

823 3263 889 3325 οὐ
939 3261 1064 3339 γάρ
1112 3284 1200 3324 τοι
1250 3259 1445 3329 σθένος
1495 3260 1656 3323 ἐστιν
1706 3260 1766 3323 ἐν
1813 3259 2044 3324 ἔντεσιν
2090 3260 2616 3338 ιέκαμοὶτοισι
2657 3244 2664 3249 ’

825 3366 1080 3443 δύμεναι
1131 3366 1433 3430 Λίακίδαο
1479 3366 1794 3447 δαΐφρονος
1841 3366 1972 3431 οὐδὲ
2023 3366 2170 3443 μέγ’
2224 3364 2417 3445 ἔγχος

827 3479 1099 3550 νωμῆσαι
1152 3471 1505 3551 παλάμῃσι.

644 3580 916 3647 Difficile
980 3588 1076 3650 051
1138 3580 1430 3643 assentiri
1488 3578 1940 3663 interpretibus
2004 3576 2384 3656 οἱκαμιέτοισι
2439 3599 2552 3663 pro
2599 3578 2936 3650 ὦνικήτοισι

557 3686 1011 3774 accipientibus
1029 3735 1045 3763 ‚
1090 3688 1270 3751 cuius
1308 3706 1465 3749 usus
1502 3686 1669 3749 mihi
1695 3684 1924 3750 saltem
1951 3684 2208 3749 nullum
2237 3686 2519 3749 innotuit
2543 3682 2933 3769 exemplum.

557 3797 784 3860 Potius
847 3792 1223 3857 crediderim
1288 3791 1416 3854 θεοῦ
1482 3792 1864 3867 περικαλλέα
1916 3793 2073 3870 δῶρα
2123 3792 2331 3872 (228),
2385 3811 2545 3875 (111αο
2591 3792 2758 3855 infra
2807 3788 2933 3855 587

556 3900 796 3966 θεουδέα
846 3897 1043 3983 (quod
1080 3896 1312 3975 Quinto
1352 3898 1608 3961 θεοειδέα
1650 3902 1747 3963 051
1785 3919 1912 3961 11011
1952 3899 2213 3974 θεοδεὲα,
2256 3902 2331 3961 111
2355 3896 2524 3981 apud
2548 3897 2932 3975 Homerum)

557 4007 827 4073 audiunt
892 4010 956 4069 et
1015 4024 1200 4088 saepe
1264 4002 1417 4069 alibi
1477 4001 1774 4081 ἄμβροτα
1837 4002 1942 4068 vel
1990 4003 2308 4078 ἀμβρόσια
2359 4002 2437 4067 ab
2491 4023 2562 4066 eo
2612 4002 2928 4077 dicuntur,

554 4112 619 4176 h.
644 4112 689 4176 1.
762 4105 1048 4175 ἀθάνατα
1114 4108 1284 4173 dicta
1344 4110 1571 4185 fuisse,
1636 4114 1712 4172 ut
1779 4111 2029 4193 saepius
2091 4106 2452 4184 Homerus,
2503 4128 2538 4172 a
2587 4128 2712 4193 quo
2760 4112 2932 4173 101115

552 4218 817 4303 pendet,
878 4235 979 4279 res
1025 4214 1292 4280 deorum
1340 4236 1410 4279 eo
1455 4217 1709 4279 nomine
1762 4214 2146 4299 appellavit,
2199 4212 2380 4278 velut
2429 4224 2470 4277 Β
2501 4211 2654 4290 447,
2705 4223 2748 4277 P
2778 4210 2926 4289 476,

557 4334 613 4389 n
643 4322 791 4402 154,
840 4325 1056 4408 itaque
1104 4342 1324 4387 veram
1368 4320 1708 4385 lectionem
1755 4342 1890 4386 esse

1630 4428 1688 4491 ἐν
1741 4427 1967 4493 ἔντεσιν
2014 4426 2527 4492 ἀθανάτοισι.
