3192 5009
992 272 1076 325 na
1119 274 1271 347 1111111
1318 272 1769 325 osnmvrmvm.
2449 254 2583 324 259

250 444 691 521 intercedentem
757 448 869 530 qui
916 444 1395 531 intercedebant
1442 444 1867 509 creationibus
1890 492 1906 521 ,
1953 442 2119 509 nihil
2163 442 2340 509 aliud
2384 464 2582 528 quam

252 552 625 638 provocabant
688 550 769 615 ad
829 554 1124 615 senatum
1152 548 1223 630 1).
1290 549 1445 615 Ι1κ18
1493 551 1737 615 factum
1785 555 1884 615 est
1930 555 2006 615 ut
2053 550 2130 614 ab
2179 570 2253 615 eo
2300 556 2586 635 tempore

251 660 543 723 creationes
602 676 849 721 annuae
896 677 1021 720 non
1070 655 1283 720 solum
1330 676 1690 742 numquam
1737 659 1832 720 ita
1879 654 2174 721 sublatae
2223 658 2353 720 sint
2397 658 2590 720 inter-

250 766 483 828 cessione
526 768 599 826 ut
644 762 725 827 ad
770 766 1214 849 interregnum
1260 765 1722 848 perveniretur,
1772 761 1882 827 sed
1927 784 2005 827 ne
2049 761 2282 826 dilatae
2323 762 2584 847 quidem

250 872 355 933 sint
403 868 663 955 amplius
726 888 923 954 quam
984 867 1275 954 singulos
1320 866 1427 933 vel
1470 867 1653 933 binos
1701 868 1854 933 dies.
1920 869 2237 954 Apparet,
2289 876 2583 933 senatum

248 996 539 1061 passurum
581 996 708 1039 non
756 974 951 1039 fuisse
969 1022 985 1051 ,
1034 973 1315 1059 aliquem
1354 980 1592 1039 temere
1634 974 2021 1040 intercedere
2064 986 2324 1059 propter
2364 994 2586 1039 causas

244 1085 481 1165 privatas
538 1102 575 1145 a
637 1082 883 1145 ratione
932 1082 1349 1145 comitiorum
1395 1079 1636 1145 alienas
1685 1100 1846 1165 quae
1895 1101 2022 1145 non
2067 1086 2328 1165 possent
2373 1079 2587 1165 palam

244 1186 465 1270 proferri
510 1195 575 1251 et
622 1186 877 1251 defendi
924 1206 1128 1270 neque
1177 1188 1535 1250 niterentur
1578 1186 1995 1250 fundamento
2043 1185 2323 1270 quodam
2367 1186 2592 1269 proba-

244 1291 337 1355 bili
390 1292 664 1377 publicae
729 1290 1035 1357 utilitatis
1053 1341 1070 1369 ,
1134 1313 1410 1377 eumque
1458 1291 1898 1357 iudicaturum
1944 1293 2142 1357 fuisse
2189 1300 2396 1355 contra
2443 1316 2590 1355 rem-

236 1398 493 1479 publicam
562 1398 769 1463 facere
834 1400 947 1482 qui
1008 1400 1144 1463 sine
1212 1397 1325 1462 tali
1388 1418 1579 1463 causa
1627 1398 2092 1463 intercederent
2108 1417 2124 1474 ;
2177 1402 2437 1483 apparet
2485 1419 2588 1463 eos

244 1524 453 1589 quoque
510 1525 787 1589 quorum
850 1524 1112 1568 causam
1172 1503 1608 1569 intercedendi
1667 1506 1979 1567 iniustam
2041 1524 2176 1567 esse
2239 1506 2590 1568 censuisset

246 1620 457 1673 senatus
474 1660 490 1687 ‚
556 1618 767 1673 contra
836 1610 1256 1691 rempublicam
1327 1610 1529 1674 facere
1594 1613 1847 1675 visuros
1911 1612 1972 1674 ei
2034 1609 2230 1673 fuisse
2294 1612 2350 1673 si
2411 1608 2584 1673 ultro

244 1714 527 1779 tenderent
537 1736 553 1794 ;
604 1716 727 1781 hoc
772 1724 995 1780 autem
1041 1720 1295 1779 tantum
1347 1714 1591 1793 valuit,
1644 1722 1708 1780 et
1758 1722 1894 1779 tam
1942 1713 2128 1799 plene
2173 1716 2362 1779 inea
2407 1722 2585 1800 parte

246 1822 371 1885 vicit
422 1825 701 1907 potentia
762 1830 1019 1888 senatus
1038 1870 1054 1899 ,
1123 1830 1199 1887 ut
1258 1843 1479 1888 omnes
1542 1821 1716 1886 ultro
1763 1826 2210 1909 agnoscerent,
2257 1844 2376 1885 non
2407 1844 2587 1903 posse

246 1926 497 2011 impediri
540 1930 891 1993 creationes
931 1931 1441 2014 magistratuum
1479 1927 1784 1992 adversus
1821 1929 2271 1991 auctoritatem
2307 1932 2586 2004 senatus,

247 2035 493 2114 quamvis
554 2034 689 2096 iure
750 2033 991 2099 liceret.
1040 2032 1221 2098 Idem
1271 2036 1468 2098 etiam
1517 2039 1662 2118 post
1711 2054 1765 2097 a.
1817 2032 1944 2097 154
1995 2033 2407 2097 observatum
2453 2054 2587 2098 8888

247 2138 541 2203 ostendunt
601 2160 704 2205 res
765 2141 1113 2205 memoriae
1177 2139 1470 2205 traditae.
1534 2140 1613 2203 A.
1671 2138 1798 2203 148
1847 2140 2090 2223 tribuni
2135 2139 2398 2224 professi
2439 2145 2589 2204 sunt

248 2262 297 2306 se
330 2245 763 2310 intercessuros
808 2266 945 2311 esse
992 2246 1416 2311 creationibus
1455 2249 1620 2325 (τοὺς
1663 2246 1933 2315 ὑπάτους
1975 2236 2434 2325 ἐφάιρήσεσθαι
2476 2247 2584 2318 τὴν

247 2352 595 2431 χειροτονίαν)
664 2354 721 2415 81
788 2351 1010 2417 88118111
1070 2358 1383 2437 perstaret
1446 2354 1515 2415 in
1576 2356 1892 2417 sententia
1910 2400 1926 2428 ‚
1987 2371 2137 2417 cum
2201 2352 2473 2416 deiceret
2511 2351 2584 2415 P.

247 2450 590 2537 Scipionem,
664 2460 877 2522 cuius·
916 2460 1233 2523 rationem
1292 2478 1359 2521 se
1418 2457 1798 2521 habiturum
1861 2478 1989 2521 non
2038 2477 2173 2522 esse
2223 2458 2472 2522 dixerat
2516 2460 2584 2521 in

248 2564 481 2625 comitiis
548 2562 985 2627 consularibus
1054 2563 1227 2648 quod
1295 2563 1581 2627 nondum
1645 2566 1970 2649 attigisset
2032 2570 2312 2628 aetatem
2374 2563 2589 2650 legiti-

249 2684 417 2743 mam3
482 2672 739 2733 senatus
806 2674 953 2733 tum
1022 2668 1376 2733 secundum
1447 2672 1896 2734 intercessores
1965 2672 2448 2753 pronuntiavit,
2520 2675 2587 2735 et

249 2767 563 2856 Scipionem
629 2773 886 2860 legibus
950 2773 1145 2839 solvit
1194 2776 1399 2869 ·(App.
1449 2775 1616 2839 Pun.
1671 2774 1861 2856 112);
1928 2794 1982 2838 a.
2034 2774 2122 2839 88
2171 2775 2297 2840 duo
2347 2776 2588 2840 tribuni

248 2879 381 2957 passi
418 2900 539 2943 non
584 2888 737 2943 sunt
785 2877 856 2945 O.
909 2876 1245 2946 Caesarem
1294 2878 1638 2965 Vopiscum
1689 2880 2097 2945 consulatum
2144 2902 2222 2945 ex
2263 2881 2588 2947 aedilitate

248 2990 419 3064 petere
441 2982 492 3064 ⁸)
506 3006 525 3063 ;
574 2985 729 3051 haec
775 2985 1070 3071 exempla
1115 2989 1271 3051 satis
1318 2985 1620 3071 probant,
1663 2989 1970 3051 erravisse
2010 2989 2227 3051 virum
2267 2988 2326 3051 d.
2368 2988 2586 3073 Lange

250 3106 365 3151 cum
404 3094 741 3169 statueret,
782 3094 980 3157 etiam
1017 3095 1121 3157 ius
1156 3091 1587 3157 intercedendi
1629 3094 2059 3157 creationibus
2097 3114 2230 3157 esse
2257 3092 2586 3159 sublatum

248 3188 359 3277 lege
420 3196 573 3261 Aela
642 3196 825 3261 Fufia
852 3194 923 3279 ³).
998 3196 1123 3263 Sed
1192 3203 1409 3263 tamen
1469 3220 1549 3263 ne
1614 3204 1768 3263 tunc
1830 3198 2088 3284 quidem
2108 3247 2124 3277 ,
2190 3221 2314 3264 non
2376 3203 2587 3287 magis

250 3318 407 3381 quam
447 3310 627 3367 antea
646 3350 662 3379 ‚
710 3305 1159 3369 intercessione
1206 3304 1388 3369 abusi
1436 3310 1587 3369 sunt
1637 3306 1880 3369 tribuni
1923 3303 2014 3390 pl.
2064 3312 2140 3369 111
2185 3312 2403 3370 contra
2450 3328 2591 3371 auc—

252 3406 531 3471 toritatem
572 3415 830 3474 senatus
868 3418 1109 3475 temere
1148 3408 1471 3476 differrent
1509 3414 1624 3474 aut
1659 3410 2046 3495 impedirent
2069 3414 2334 3476 comitia
2357 3433 2586 3477 annua.

250 3506 433 3597 ltaque
488 3515 605 3580 hoc
662 3518 817 3580 satis
864 3514 1177 3601 explicare
1226 3515 1501 3593 videtur,
1551 3538 1666 3581 cur
1710 3517 1856 3603 lege
1904 3539 2261 3603 numquam
2307 3527 2587 3585 remotae

252 3618 352 3681 sint
398 3622 867 3687 intercessiones
915 3643 953 3687 a
998 3624 1419 3688 creationibus
1466 3626 2005 3709 magistratuum;
2057 3646 2208 3689 811111
2252 3628 2354 3689 1118
2398 3629 2590 3691 inter-

252 3723 469 3790 cedendi
523 3730 591 3791 in
653 3729 771 3793 hac
818 3737 998 3815 parte
1026 3730 1215 3815 facco
1263 3733 1419 3794 satis
1465 3730 1828 3795 subiectum
1875 3736 2040 3794 esset
2089 3734 2374 3810 senatui,
2423 3732 2588 3797 nihil

254 3836 359 3893 erat
398 3854 503 3897 cnr
547 3833 673 3915 leqe
716 3835 1119 3901 cohiberetur
1162 3842 1277 3901 aut
1322 3834 1674 3900 tolleretur.
1725 3872 1811 3883 --
1859 3834 2321 3902 Necessitatem
2367 3844 2586 3902 autem

255 3936 591 4005 cohibendae
653 3941 1155 4006 obnuntiationis
1220 3962 1275 4006 a.
1332 3940 1458 4006 154
1506 3941 1805 4018 demum,
1855 3962 2057 4025 neque
2106 3947 2323 4020 antea,
2375 3949 2584 4008 ortam

316 4232 354 4293 Ι)
385 4232 476 4282 Cst.
503 4249 573 4284 ex.
602 4250 671 4299 gr.
702 4234 809 4284 Liv.
847 4234 978 4288 27.ss
1014 4234 1252 4299 (8.210);
1288 4232 1419 4286 27.8
1456 4232 1686 4297 (8.209);
1728 4233 1807 4281 32.
1830 4230 1860 4285 7
1895 4230 1964 4295 (a.
1987 4232 2131 4296 199);
2167 4234 2290 4299 App.
2329 4234 2448 4285 Pun.
2488 4238 2585 4287 112

260 4308 310 4371 (ι.
342 4313 461 4379 148).
494 4344 557 4355 —-
590 4318 643 4377 2)
676 4318 775 4366 Cic.
828 4318 965 4366 Brut.
1002 4318 1080 4366 6³.
1112 4317 1237 4374 226;
1290 4316 1393 4366 bar.
1429 4331 1549 4380 resp.
1586 4316 1774 4373 20.43;
1814 4314 1902 4363 cfr.
1943 4314 2046 4364 Mo.
2081 4316 2284 4365 Staatsr.
2323 4318 2369 4368 1.
2403 4334 2448 4383 p.
2488 4320 2585 4369 5:39

260 4393 343 4443 ndu.
376 4396 413 4445 1.
446 4426 505 4436 —
540 4402 597 4462 8)
628 4400 787 4464 hage
825 4399 902 4450 141.
934 4400 1073 4449 Schr.
1113 4400 1155 4448 1.
1194 4415 1239 4463 p.
1278 4400 1373 4447 841
1410 4399 1490 4464 (de
1526 4398 1616 4461 leg.
1652 4398 1758 4449 Ael.
1795 4402 1844 4447 et
1879 4397 1986 4449 Fut.
2019 4412 2191 4449 comm.
2226 4414 2270 4464 p.
2307 4401 2414 4467 48).
