3192 5009
628 226 759 294 192
1530 245 1735 296 smus
1779 246 2092 297 Iuncus.

716 411 791 477 3:
987 450 1756 463 ——————
1802 416 2102 480 movebat
2149 418 2217 479 in
2264 415 2518 480 hostem
2537 462 2554 492 ,

987 519 1113 586 Sed
1157 542 1339 586 mens
1384 522 1668 586 humana
1711 525 1920 587 maior
1963 544 2090 587 non
2139 521 2268 587 tela
2313 544 2428 587 nec
2474 541 2654 586 enses

983 627 1044 691 N
1047 649 1117 693 ec
1162 628 1353 692 fortes
1398 629 1726 715 spectabat
1771 649 2001 715 equos:
2053 634 2150 693 tot
2197 626 2380 693 milia
2426 632 2644 692 contra
2689 630 2843 692 cett.

713 807 834 875 84:
988 847 2028 861 ————————
2077 814 2285 877 omnis
2331 815 2400 875 in
2447 832 2603 877 auro

983 918 1209 983 Pressa
1256 918 1377 982 tibi
1424 917 1599 981 varia
1645 918 1924 1006 fulgebit
1968 940 2232 1006 gemma
2277 941 2510 981 corona.

620 1022 787 1103 Quid
834 1024 959 1089 sibi
1004 1023 1165 1089 velit
1212 1024 1388 1088 varia
1414 1062 1493 1073 —
1525 1048 1741 1089 corona
1787 1047 2019 1112 parum
2065 1045 2380 1111 assequor.
2428 1024 2630 1090 Poeta
2653 1023 3008 1110 significare

617 1131 763 1197 vult
808 1130 1111 1196 mulieres
1156 1131 1475 1196 Romanas
1515 1152 1748 1197 vovere
1789 1154 1854 1197 se
1895 1137 2043 1217 post
2080 1131 2328 1198 bellum
2350 1130 2623 1196 feliciter
2646 1131 3006 1196 confectum
3120 1194 3121 1205 1

615 1236 787 1301 Deae
849 1257 1149 1301 coronam
1209 1240 1489 1323 gemmis
1551 1243 1841 1302 ornatam
1888 1236 2212 1303 oblaturas
2231 1286 2248 1315 ,
2295 1258 2454 1315 non,
2504 1236 2676 1322 quod
2720 1235 3006 1302 codicum
3120 1248 3121 1297 ξ

614 1341 805 1407 lectio
876 1345 1214 1428 exprimit,
1290 1341 1459 1408 Deae
1532 1364 1796 1408 coronae
1859 1364 2054 1409 novas
2117 1364 2410 1431 gemmas
2471 1342 2801 1407 addituras
2855 1362 3005 1406 esse.
3120 1372 3121 1381 ¹

616 1447 740 1513 Vix
781 1449 1039 1527 dubit0,
1081 1453 1235 1536 quin
1274 1450 1682 1515 scribendum
1713 1452 1798 1514 sit
1835 1451 2005 1513 vario
2032 1488 2117 1531 -ss—
2142 1451 2352 1513 colore.
2395 1447 2492 1514 Cf.
2535 1448 2720 1515 Ovid.
2752 1448 2811 1513 1.
2840 1446 3000 1526 270;
3120 1434 3121 1445 ³

615 1554 806 1640 Verg.
870 1553 1109 1642 Georg.
1180 1554 1239 1619 1.
1266 1555 1432 1634 452;
1504 1557 1662 1621 Aen.
1729 1555 1837 1619 IV.
1889 1553 2052 1635 701;
2126 1555 2201 1620 V.
2255 1554 2362 1621 89.
2427 1554 2857 1634 Schraderus,
2905 1556 3002 1619 cui
3120 1548 3121 1619 ξ

614 1681 812 1746 aeque
860 1682 931 1726 ac
977 1664 1143 1727 mihi
1187 1663 1460 1727 verbum
1506 1686 1722 1726 corona
1767 1662 2173 1750 displicebat,
2222 1664 2492 1727 coniecit
2536 1669 2788 1727 croc-ota.

712 1827 879 1892 146:
925 1828 1190 1915 Iamque
1236 1828 1451 1894 dolore
1497 1830 1712 1894 furens
1759 1832 1854 1894 ita
1899 1851 2120 1895 secum
2163 1832 2628 1895 immurmurat
2675 1830 2827 1892 irae.

616 1934 693 1999 In
738 1936 931 2000 verbo
975 1935 1109 1999 irae
1153 1936 1495 2001 haeserunt
1533 1938 1660 2000 viri
1700 1935 1892 2001 docti.
1935 1934 2310 2002 Genuinum
2349 1956 2483 2001 esse
2521 1939 2764 2021 nequit.
2817 1933 3002 2000 Scali-

617 2062 735 2128 ger
795 2041 1238 2126 suspicabatur
1297 2041 1397 2103 ira
1416 2090 1431 2119 ,
1497 2040 1575 2105 N.
1627 2041 1937 2106 Heinsius
1986 2064 2119 2120 ore,
2171 2063 2449 2127 quorum
2499 2048 2807 2107 neutrum
2853 2042 2998 2105 satis
3120 2060 3121 2065 ¹

617 2148 871 2213 arridet.
922 2147 1216 2212 Fortasse
1264 2145 1461 2212 Silius
1511 2150 1851 2233 scripserat
1897 2148 2084 2212 intus.

712 2312 879 2380 274:
984 2352 1069 2363 -—
1119 2351 1205 2361 —-
1254 2318 1319 2377 et
1363 2313 1663 2397 scopulosi
1709 2316 1947 2380 vertice
1997 2314 2220 2407 colles·

982 2420 1381 2507 Exsurgunt.

614 2527 833 2593 Liceat
871 2526 1036 2590 mihi
1072 2529 1534 2607 coniecturam,
1578 2526 1738 2591 olim
1762 2546 1799 2591 a
1822 2547 1928 2591 me
1953 2527 2195 2591 editam
2220 2532 2520 2612 (quaestt.
2549 2524 2771 2611 Silian.
2799 2547 2860 2610 p.
2889 2521 2995 2601 89)

616 2635 681 2698 h.
709 2634 751 2698 l.
820 2634 1039 2718 paucis
1101 2632 1413 2718 exemplis
1460 2632 1793 2699 affirmare.
1842 2632 1969 2698 Pro
2016 2634 2314 2715 scopulosi
2362 2635 2754 2697 conieceram
2801 2653 2994 2713 scopu-

617 2741 761 2804 loso.
811 2738 907 2805 Cf.
956 2738 1071 2804 Sil.
1119 2737 1235 2803 III.
1286 2735 1455 2815 41¹7;
1506 2738 1581 2803 V.
1635 2738 1721 2803 45
1739 2760 1754 2818 3
1808 2738 1947 2803 VII.
1999 2739 2131 2805 468
2148 2761 2165 2819 ;
2216 2739 2356 2804 XV.
2412 2736 2575 2805 1¹74:

982 2883 1067 2893 —
1118 2883 1203 2893 —
1250 2866 1546 2908 nemoroso
1593 2845 1815 2909 vertice
1860 2844 2068 2910 celsus

892 2951 1177 3036 Apparet
1224 2950 1418 3014 collis.

614 3057 805 3144 Verg.
855 3058 1012 3122 Aen.
1064 3056 1236 3122 VIII.
1292 3055 1459 3121 351:

980 3200 1067 3211 —
1114 3164 1285 3227 hunc
1303 3212 1319 3240 ‚
1368 3164 1581 3247 inquit
1612 3164 1920 3248 frondoso
1968 3163 2188 3227 verbice
2237 3164 2446 3227 collem

989 3308 1074 3319 -—
1123 3307 1208 3318 -—
1260 3307 1345 3317 --
1393 3270 1643 3334 habitat
1689 3269 1876 3347 deus;
1931 3306 2016 3317 -—
2065 3307 2152 3319 —-
2201 3307 2289 3318 —
2338 3309 2423 3319 —

712 3436 881 3502 314:
984 3435 1429 3521 Sarmentique
1473 3434 1649 3501 leves
1698 3437 1893 3501 fronti
1938 3436 2211 3523 religare
2259 3437 2600 3523 maniplos,

620 3544 907 3609 Verbum
976 3542 1125 3606 levis
1190 3542 1425 3608 melius
1486 3564 1637 3607 cum
1697 3544 1890 3608 verbo
1952 3544 2238 3607 sarmenti
2297 3546 2483 3630 iungi
2543 3544 2709 3609 mihi
2753 3543 2996 3609 videtur

622 3670 818 3735 quam
857 3670 1007 3713 cum
1047 3649 1239 3713 verbo
1280 3648 1597 3730 maniplo-3.
1649 3648 1935 3713 Scribere
1972 3649 2202 3714 malim
2242 3650 2410 3714 levis.
2461 3652 2617 3715 Leve
2654 3657 2997 3714 sarmentum

619 3759 663 3821 i.
691 3778 747 3822 e.
788 3755 972 3820 facile
1010 3754 1090 3819 ad
1129 3753 1686 3819 exardescendum.
1735 3756 1877 3821 Liv.
1908 3754 2120 3820 XXII.
2156 3756 2237 3820 16
2280 3757 2436 3821 dicit
2476 3757 2659 3821 arida
2693 3761 2993 3821 sarmenta.

719 3923 885 3989 350:
994 3960 1081 3971 —
1132 3961 1217 3971 —
1266 3958 1353 3969 —
1406 3921 1563 3986 dum
1609 3942 1793 3987 caeca
1841 3922 2095 3988 silentia
2142 3922 2427 4009 dumque

982 4030 1265 4095 Maiores
1314 4029 1581 4093 umbrae
1629 4033 1739 4108 (sc.
1789 4036 1986 4111 sunt).

625 4136 877 4213 Vereor,
940 4157 1019 4200 ne
1083 4133 1282 4200 Silius
1329 4135 1394 4198 h.
1421 4134 1467 4198 l.
1518 4156 1749 4220 parum
1793 4141 1963 4201 recte
2010 4134 2266 4201 locutus
2316 4138 2422 4201 sit.
2482 4138 2699 4200 Caecus
2744 4157 2890 4203 cum
2930 4130 2999 4197 ad

624 4246 843 4308 visum
860 4290 876 4320 ‚
948 4262 1074 4306 non
1146 4241 1225 4306 ad
1281 4240 1582 4306 auditum
1646 4245 1998 4327 pertineat,
2063 4264 2215 4308 cum
2277 4244 2472 4311 verbo
2537 4243 2788 4308 silentia
2847 4239 2999 4307 male

624 4351 943 4438 iungitur.
990 4348 1474 4434 Exspectaveris
1514 4346 1642 4413 tale
1682 4348 1871 4434 quale
1911 4350 2043 4412 alta
2079 4348 2189 4416 vel
2229 4358 2404 4415 vasta
2442 4356 2543 4431 (ut
2582 4349 2634 4415 1.
2671 4348 2756 4417 6'7
2773 4370 2792 4429 3
2831 4349 2904 4414 V.
2927 4346 2998 4414 25
