3192 5009
1129 359 1214 406 nn
1259 359 1526 407 'ramme
1574 357 1874 408 ROMANIS.
2558 339 2686 406 381

312 536 382 595 et
437 531 782 594 omittitur.
844 527 913 592 Si
957 548 1188 591 verum
1234 533 1398 590 esset
1445 526 1615 610 quod
1662 529 1916 612 scripsit
1964 529 2064 589 vir
2112 523 2188 590 cl.
2228 525 2495 589 Nissen:
2547 522 2689 602 „die

315 634 812 720 Constituirung
879 636 1048 698 eines
1107 631 1452 716 Templum
1510 632 1625 696 hat
1688 632 1882 697 sofort
1939 653 2049 696 zur
2109 630 2307 718 Folge
2331 680 2346 708 ‚
2398 631 2536 696 dass
2583 630 2693 694 der

313 742 448 807 also
516 743 895 828 eingehegte
965 740 1176 804 Raum
1238 760 1366 804 von
1427 742 1636 803 einem
1702 736 1887 804 Geist
1942 742 2009 804 in
2058 739 2264 804 Besitz
2311 757 2693 825 genommen

315 847 516 912 wird”
577 857 771 933 (supr.
829 867 976 933 pag.
1028 845 1156 910 357
1206 845 1347 910 adn.
1401 843 1488 924 3),
1539 848 1593 908 si
1644 863 1871 910 verum
1912 850 2076 910 esset
2123 844 2289 930 quod
2336 844 2449 910 alii
2495 847 2694 910 conie-

315 961 535 1020 cerunt
577 955 1141 1040 inaugurationem
1187 973 1322 1016 esse
1371 955 1819 1016 caerimoniam
1868 973 1993 1036 qua
2037 951 2176 1017 loca
2221 955 2519 1038 auspiciis
2558 972 2695 1036 cap—

314 1061 522 1126 tandis
563 1061 791 1127 idonea
837 1059 1058 1125 fierent
1089 1056 1160 1144 ¹),
1210 1058 1346 1124 fieri
1395 1080 1521 1123 non
1567 1065 1781 1144 posset
1828 1065 1902 1123 ut
1947 1059 2253 1124 vocabula
2294 1058 2547 1138 „locum
2588 1080 2693 1123 au-

312 1173 544 1254 gurato
591 1165 918 1242 condere”,
960 1165 1220 1244 „locum
1259 1165 1709 1250 inaugurare”‚
1754 1164 2194 1245 ,,τεμεν1ζειν”,
2238 1165 2518 1254 „effari'’,
2560 1163 2695 1231 sola

315 1282 380 1338 et
439 1272 695 1360 singula
755 1279 904 1356 apta
963 1277 1172 1336 essent
1231 1271 1310 1336 ad
1371 1270 1843 1336 describendam
1896 1272 2057 1336 hanc
2103 1274 2571 1337 caerimoniam.
2621 1270 2695 1334 In

313 1380 417 1443 his
476 1378 802 1444 vocabulis
863 1377 1027 1442 nihil
1086 1381 1251 1442 inest
1306 1377 1473 1462 quod
1522 1383 1763 1463 spectet
1810 1378 1889 1442 ad
1962 1384 2209 1442 certum
2254 1400 2447 1443 usum
2492 1398 2695 1462 neque

313 1507 566 1550 sacrum
612 1506 812 1570 neque
865 1484 1205 1569 profanum
1251 1487 1356 1548 cui
1403 1487 1615 1549 omnia
1664 1483 1907 1569 templa
1938 1484 2165 1550 idonea
2202 1505 2334 1550 esse
2360 1485 2691 1561 deberent,

313 1591 551 1656 nedum
617 1590 696 1655 ad
755 1593 1036 1675 auspicia
1094 1592 1164 1653 in
1227 1592 1318 1654 eis
1383 1589 1725 1674 captanda3
1790 1589 1951 1654 nihi]
2014 1591 2182 1675 quod
2226 1594 2533 1677 suspicari
2579 1611 2693 1655 nos

314 1701 482 1762 sinat
525 1698 1047 1762 constitutionem
1095 1695 1489 1781 templorum
1535 1698 1893 1761 constitisse
1932 1699 2001 1759 in
2041 1697 2283 1761 artibus
2323 1699 2593 1783 magicis
2633 1704 2697 1761 et

311 1804 801 1868 incantamentis
849 1811 1048 1886 (supr.
1097 1822 1242 1887 pag.
1295 1799 1426 1866 372
1467 1801 1609 1866 adn.
1656 1801 1739 1881 1),
1799 1801 1963 1865 nihil
2016 1802 2188 1887 quod
2241 1804 2460 1868 referri
2496 1805 2697 1887 possit

315 1909 395 1973 ad
439 1908 790 1973 doctrinam
839 1911 1217 1995 mysticam;
1259 1911 1398 1994 ipsa
1438 1906 1794 1984 declarant,
1836 1907 2077 1992 templa
2114 1907 2277 1971 nihil
2298 1909 2475 1972 aliud
2496 1909 2691 1973 fuisse

315 2035 512 2098 quam
569 2013 708 2079 loca
769 2013 901 2078 deis
964 2014 1226 2099 probata
1288 2035 1560 2099 quorum
1614 2013 1767 2079 fines
1812 2016 1880 2077 in
1927 2021 2310 2100 perpetuum
2358 2017 2693 2080 constituti

317 2126 548 2186 essent.

407 2225 512 2289 VI.
561 2224 669 2290 De
728 2229 1062 2290 ratione
1125 2225 1586 2291 Decumani
1650 2233 1731 2291 et
1794 2224 2182 2292 Cardinis
2244 2227 2695 2292 observata

315 2336 400 2396 in
451 2331 797 2417 templis
846 2333 1428 2397 terrestribus.

408 2437 632 2502 Restat
691 2445 766 2502 ut
814 2437 1280 2502 consideremus
1299 2487 1315 2516 ,
1368 2439 1687 2523 quomodo
1734 2439 1887 2503 fines
1936 2438 2326 2526 templorum
2373 2440 2451 2504 ab
2498 2459 2697 2525 augu-

313 2543 492 2608 ribus
538 2546 667 2606 sint
712 2546 1063 2608 constituti.
1129 2543 1445 2631 Regiones
1496 2544 1863 2631 dirigendae
1910 2551 2088 2608 erant
2102 2565 2117 2622 ;
2168 2545 2285 2609 hoc
2322 2547 2391 2608 in
2428 2548 2698 2632 inaugu-

313 2652 560 2713 ratione
607 2670 733 2714 non
779 2649 1001 2714 eodem
1047 2650 1234 2714 modo
1283 2649 1421 2714 fieri
1466 2657 1715 2736 poterat
1763 2672 1887 2735 quo
1934 2655 1999 2714 in
2047 2654 2496 2716 constitutione
2542 2659 2702 2716 tem-

317 2754 411 2842 pli
457 2757 612 2820 aerii
630 2804 644 2832 ,
698 2756 811 2820 ubi
855 2756 1060 2820 lituus
1103 2761 1290 2843 aptus
1331 2763 1464 2822 erat
1503 2757 1690 2826 lineis
1727 2761 2129 2843 imaginariis
2174 2758 2473 2823 ducendis
2496 2765 2695 2844 (supr.

316 2881 464 2946 pag.
517 2858 647 2926 370
694 2861 834 2926 adn.
888 2861 956 2945 2)
974 2881 990 2939 3
1053 2865 1122 2925 in
1187 2861 1428 2948 templo
1476 2867 1759 2928 terrestri
1808 2884 1994 2928 verae
2042 2867 2329 2950 regiones
2376 2863 2696 2928 ducendae

317 2973 527 3044 erant,
569 2988 729 3052 quae
769 2973 844 3032 ut
883 2989 1072 3053 supra
1112 2968 1245 3032 dixi
1271 2972 1442 3056 (pag.
1473 2968 1631 3055 380)
1658 2972 2143 3035 continebantur
2166 2971 2455 3036 formulis
2482 2973 2699 3036 huius-

317 3072 527 3138 modi:
579 3097 660 3150 „a
693 3075 894 3155 primo
941 3076 1160 3156 anqulo
1207 3082 1292 3138 tot
1318 3078 1508 3158 pedes
1543 3077 1612 3138 in
1652 3075 1825 3139 illum
1865 3077 2094 3140 locum”
2136 3083 2201 3142 et
2236 3081 2330 3142 ita
2369 3077 2695 3163 deinceps;

318 3180 399 3244 ad
445 3201 548 3245 eas
593 3182 880 3265 regiones
927 3180 1179 3246 inutilis
1227 3188 1362 3246 erat
1406 3181 1611 3246 lituus
1633 3231 1648 3259 ,
1687 3186 1903 3268 itaque
1945 3189 2205 3270 apparet
2248 3205 2465 3250 omnes
2490 3183 2659 3249 locos
2680 3233 2696 3262 ,

319 3286 434 3350 ubi
487 3289 556 3350 in
613 3288 1104 3372 inauguratione
1164 3287 1448 3352 locorum
1511 3288 1588 3354 de
1641 3287 1792 3352 litui
1840 3309 2045 3354 sermo
2094 3292 2211 3366 sit,
2260 3293 2575 3374 pertinere
2621 3289 2701 3353 ad

391 3582 444 3642 1)
481 3579 876 3629 Miiller-Deecke
911 3579 1144 3628 Etrusker
1180 3580 1211 3628 2
1248 3597 1353 3644 pag.
1393 3581 1515 3629 142:
1559 3583 1695 3630 ‚dem
1731 3581 1934 3645 Begriffe
1970 3581 2089 3630 nach
2123 3582 2188 3630 iet
2222 3581 2472 3647 Templum
2508 3581 2585 3630 ein
2618 3581 2700 3629 fiir

319 3662 566 3726 Augurien
593 3662 891 3711 bestimmter
929 3661 1160 3721 Bezirk”;
1215 3662 1403 3712 Rubino
1437 3661 1755 3726 (Untersnch.
1794 3665 1839 3711 1.
1873 3679 1919 3727 p.
1954 3679 2061 3728 pag.
2098 3665 2185 3727 53)
2222 3663 2369 3712 refert
2406 3662 2586 3727 templa
2618 3679 2704 3711 vo·

319 3744 487 3794 cabulo
529 3744 1085 3808 ‚Beobacbtnngsorte'h
1123 3747 1392 3794 Mommsen
1429 3744 1586 3793 reddit
1621 3745 1883 3810 ..templum
1916 3743 2149 3794 condere”
2178 3761 2265 3810 per
2296 3746 2407 3794 udas
2432 3745 2699 3795 Absteeken

319 3829 449 3876 eines
493 3825 818 3876 visin-sumt?
866 3814 1087 3888 (Stator.
1129 3829 1171 3876 1.
1209 3842 1317 3892 pag.
1359 3827 1493 3891 103),
1536 3826 1835 3891 „templum”
1870 3843 1955 3893 per
1996 3828 2100 3876 ‚ein
2136 3843 2222 3877 zur
2256 3827 2565 3892 Auspication
2600 3828 2705 3878 ein·

319 3909 610 3974 gericbteter
641 3907 810 3958 Pletz’'
847 3908 965 3969 (ibid
1017 3911 1048 3957 3
1083 3925 1190 3974 pag.
1228 3910 1365 3973 926),
1403 3912 1450 3958 et
1483 3909 1707 3974 auspiciis
1740 3927 1797 3959 σε
1832 3910 1991 3959 avibus
2024 3910 2214 3973 quidem
2250 3910 2489 3976 cap-iendis
2523 3909 2703 3974 templa

321 3993 560 4041 destinata
603 4007 700 4040 cese
746 3996 902 4041 censet
951 3991 1092 4056 (ibid.
1127 3994 1174 4041 3.
1209 4007 1315 4056 pag.
1353 3993 1502 4054 935„
1537 4007 1633 4055 qua
1665 3992 1723 4040 de
1758 4007 1809 4040 re
1842 4009 1949 4041 cum
1988 4007 2041 4040 eo
2078 4007 2172 4040 non
2208 3991 2322 4040 facit
2360 3991 2558 4050 Mfiller,
2594 3993 2701 4041 Etr.

321 4089 428 4139 pag.
479 4074 603 4123 146:
654 4073 782 4122 ‚dies
826 4073 943 4122 alles
976 4074 1072 4122 sint
1109 4073 1306 4138 Templa
1339 4074 1408 4122 im
1443 4073 1763 4136 cigentlichen
1800 4074 1946 4122 Sinne
1978 4074 2059 4122 des
2096 4073 2315 4130 werten,
2354 4072 2479 4122 ohne
2513 4072 2704 4122 Zweifel

322 4156 502 4204 konnte
549 4171 657 4204 man
699 4155 820 4203 auch
865 4154 916 4204 in
962 4155 1118 4214 allen,
1154 4171 1288 4204 wenu
1319 4155 1439 4204 auch
1475 4154 1611 4204 nicht
1644 4155 1734 4203 den
1772 4155 2016 4213 Himmel‚
2051 4155 2171 4204 doch
2205 4155 2381 4204 andere
2422 4154 2703 4220 Auspicien,

321 4252 361 4287 ι.
387 4239 444 4289 Β.
487 4237 562 4286 die
607 4237 815 4301 heiligen
863 4237 1084 4296 Riihner,
1131 4237 1453 4287 becbechten'’
1500 4237 1611 4300 (cfr.
1646 4253 1779 4303 supr.
1814 4254 1921 4303 pag.
1958 4236 2094 4300 3⁶6).
2150 4239 2255 4287 Iam
2310 4236 2528 4286 Niebuhr
2561 4237 2703 4287 Rom.

325 4320 492 4370 Goech.
529 4321 575 4369 2.
619 4335 725 4385 pag.
763 4319 885 4372 700:
929 4321 1034 4369 ‚die
1071 4321 1282 4370 Kirchen
1317 4321 1402 4370 der
1437 4321 1611 4369 Gotter
1637 4335 1794 4369 waren
1823 4320 1955 4370 nicht
1985 4319 2289 4383 nothwendig
2318 4319 2538 4384 Tempeh
2570 4319 2703 4368 nicht

325 4401 374 4451 in
427 4402 553 4450 allen
604 4402 815 4450 konnten
867 4403 1122 4467 Auspicien
1171 4417 1454 4467 genommen
1500 4401 1723 4450 'erdem'
1772 4403 1879 4451 Hoc
1922 4419 1949 4450 e
1982 4402 2161 4467 templo
2201 4401 2330 4450 serio
2365 4415 2615 4465 perperam
2648 4401 2701 4450 in

325 4483 558 4549 templum
591 4487 819 4533 terrestre
853 4484 1141 4534 translatum
1175 4500 1297 4543 esee,
1333 4484 1638 4534 menifestum
1674 4489 1760 4533 est.
