3192 5009
579 379 710 449 398
1523 401 1607 452 An
1652 400 2004 454 onrssnm.

891 571 982 646 μή
1027 595 1107 646 με
1160 571 1689 648 περισθενέων
1741 571 2075 647 δηλήσεται
2127 573 2247 650 ὀξέι
2294 575 2541 654 χαλκῷ,

891 674 1112 754 ἀνδρῶν
1159 678 1513 756 μνηστήρων
1565 681 2022 760 κεχολωμένος,
2074 681 2206 744 xri.

575 777 973 848 Gravissima
1033 783 1138 847 hic
1191 782 1368 848 locus
1415 784 1773 870 corruptela
1818 784 2081 850 laborat.
2132 784 2367 850 Medon
2416 788 2589 850 enim
2607 833 2625 862 ,
2676 787 2787 870 qui
2807 833 2824 862 ,
2870 793 2957 848 ut

571 889 706 972 ipse
767 890 857 951 ait
916 895 1102 974 poeta
1120 937 1136 966 ‚
1201 890 1488 955 audierat
1534 890 1702 955 dicta
1748 911 1785 956 a
1831 890 2211 956 Telemacho
2263 891 2344 956 ad
2390 897 2641 977 patrem
2660 939 2675 968 ,
2727 895 2951 976 itaque

575 993 862 1058 audierat
906 993 1220 1059 dicentem
1267 1016 1363 1060 vs.
1416 993 1584 1060 356:

887 1098 1065 1179 ἴσχεο
1114 1099 1268 1176 μηδέ
1315 1125 1372 1164 τι
1421 1105 1635 1166 τοῦτον
1678 1102 1949 1166 α’ναίτιον
1998 1101 2183 1168 οὔταε
2231 1103 2491 1183 χαλκῷ,

890 1206 992 1269 καὶ
1043 1208 1274 1284 κήρυκα
1321 1207 1608 1272 Μέδοντα
1659 1210 1997 1285 σαώσομεν,
2047 1224 2188 1272 κτλ.

572 1313 684 1396 qui
730 1331 958 1396 quaeso
1004 1310 1380 1378 Telemacho
1430 1313 1636 1379 dicere
1684 1316 1898 1400 potuit
1943 1313 2122 1395 ἴσχεο
2140 1363 2155 1392 ,
2205 1314 2403 1378 cohibe
2452 1313 2562 1378 te?
2609 1312 2949 1379 Praeterea

572 1439 722 1484 vero
783 1421 852 1482 in
912 1421 1200 1504 sequenti
1262 1441 1452 1485 versu
1511 1422 1920 1486 vehementer
1980 1421 2145 1485 mihi
2206 1426 2577 1506 suspectum
2639 1426 2739 1484 est
2786 1443 2951 1499 περι·

573 1523 837 1610 σθενέων,
886 1524 962 1591 de
1007 1528 1190 1590 cuius
1235 1527 1504 1591 sanitate
1540 1525 1834 1591 dubitant
1875 1547 2123 1612 quoque
2164 1526 2456 1592 editores.
2508 1523 2949 1611 Expectabam

573 1629 815 1717 aliquid
861 1629 1337 1697 huiuscemodi:

885 1734 926 1801 ὦ
987 1738 1150 1818 Φίλ’,
1214 1737 1334 1814 ἐγὼ
1398 1739 1510 1813 μὲν
1575 1733 1665 1802 ὅδ’
1731 1739 1893 1814 εἶμί·
1959 1739 2035 1802 σὺ
2085 1737 2139 1802 δ’
2186 1737 2375 1818 ἴσχε
2437 1761 2511 1802 τε
2574 1737 2955 1815 ειέμενόν

2416 1867 2558 1925 περ
2605 1843 2710 1924 (cf.
2762 1842 2953 1922 409),

880 1952 969 2024 μή
1017 1973 1096 2024 με
1145 1951 1363 2022 πατη
1380 1972 1409 2028 ρ
1457 1951 1729 2014 θείνων
1775 1949 2112 2027 δηλήσεται
2162 1949 2281 2024 ὀξέι
2331 1951 2557 2030 χαλκῶ
2607 1951 2735 2014 κτὲ.

567 2056 679 2123 sed
721 2057 894 2144 prior
937 2058 1237 2121 correctio
1285 2077 1408 2120 non
1455 2055 1642 2142 plane
1688 2057 1853 2122 mihi
1901 2057 2226 2122 satisfacit.
2278 2056 2599 2136 Quaerant
2646 2055 2781 2121 alii.

609 2284 662 2356 ψ
691 2277 818 2343 133
881 2277 1082 2357 αὐτὰρ
1126 2280 1278 2348 θεῖος
1327 2277 1520 2349 ἀοιδὸς
1573 2275 1734 2357 ἔχων
1780 2275 2125 2358 Φόρμιγγα
2172 2285 2419 2354 λιγεΐαν

882 2385 1140 2462 ἡγείσθω
1190 2380 1375 2460 ἥμιν
1422 2383 1909 2464 Φιλοπαίσμονος
1959 2384 2325 2466 ὀρχηθμοῖο,
2375 2383 2503 2448 κτὲ.

565 2489 714 2558 Sine
761 2493 1184 2557 controversia
1222 2510 1372 2555 vera
1411 2497 1506 2556 est
1545 2489 1744 2556 altera
1763 2489 1951 2556 lectio
1997 2485 2032 2554 ὖ
2048 2515 2097 2566 μ
2120 2515 2137 2553 ι
2158 2513 2188 2552 ν
2206 2540 2221 2568 ,
2263 2511 2413 2555 nam
2437 2493 2655 2575 ipsum
2678 2487 2952 2555 Ulixem

567 2619 692 2664 non
737 2597 1000 2662 saltasse
1047 2617 1197 2662 cum
1241 2595 1504 2682 reliquis
1550 2595 1777 2662 docent
1823 2617 1947 2663 vss.
2004 2594 2359 2661 153—296
2406 2602 2473 2660 et
2519 2595 2649 2662 297
2674 2617 2807 2681 sqq.

653 2843 695 2881 ω
719 2817 873 2884 231.
936 2817 1098 2883 Pace
1157 2819 1448 2882 virorum
1511 2816 2027 2882 doctissimorum
2089 2816 2363 2882 dixerim
2380 2865 2397 2895 ,
2466 2815 2952 2904 Hyperboraeis

562 2924 824 3012 dig-nam
887 2925 1268 2989 sententiam
1329 2923 1533 2988 videri
1581 2923 2009 2988 iudicantium
2053 2944 2169 3008 pro
2221 2922 2427 2993 πένθος
2476 2920 2672 2999 ἀέξων
2720 2925 2955 3008 aptius

562 3052 695 3099 esse
755 3035 961 3109 ψῦχος
1023 3028 1130 3095 vel
1173 3029 1398 3110 ὄμβρον
1448 3049 1645 3114 quam
1694 3029 1863 3114 quod
1910 3049 2031 3116 ego
2082 3028 2240 3094 olim
2288 3030 2525 3101 θάλπος
2574 3036 2687 3096 aut
2732 3051 2951 3114 nuper

563 3135 830 3204 Schulze
891 3143 1106 3214 πνῖγος
1173 3135 1510 3215 ἆ<λ>έξων
1574 3139 1897 3222 proposui.
1970 3135 2176 3216 Quam
2238 3139 2413 3202 enim
2476 3140 2693 3224 gravis
2750 3133 2947 3202 calvo

563 3245 825 3311 fortasse
871 3245 1066 3329 capiti
1113 3245 1279 3309 senis
1325 3243 1737 3319 λιστρεύοντος
1785 3244 1844 3305 ἐν
1883 3244 2051 3324 ἁλώῃ
2090 3242 2241 3308 solis
2278 3241 2712 3310 meridionalis
2748 3240 2951 3307 ardor

565 3370 699 3416 esse
760 3350 1048 3416 debuerit
1065 3398 1081 3426 ,
1143 3349 1313 3414 cadit
1355 3351 1424 3413 in
1470 3347 1707 3414 oculos.
1756 3346 2060 3415 Ceterum
2102 3353 2381 3416 sermoni
2425 3350 2771 3415 Homerico
2816 3350 2948 3412 mi-

565 3477 686 3521 nus
754 3475 1103 3544 congruam
1175 3476 1311 3520 esse
1379 3457 1809 3520 coniecturam
1870 3477 2073 3542 neque
2135 3456 2293 3521 olim
2355 3477 2461 3521 me
2522 3454 2759 3521 latebat
2818 3476 2947 3520 nec

565 3561 751 3628 hodie
810 3583 954 3628 eam
1006 3569 1205 3640 tueor,
1272 3562 1380 3626 sed
1443 3561 1563 3626 hoc
1622 3560 1809 3626 video
1860 3561 2026 3647 quod
2070 3562 2374 3649 volgatur
2417 3583 2673 3648 prorsus
2718 3561 2945 3626 absur-

567 3669 725 3734 dum
769 3690 922 3734 esse.
969 3665 1158 3735 Certa
1196 3673 1411 3733 contra
1449 3667 1615 3732 mihi
1650 3667 1906 3733 videtur
1944 3668 2261 3733 editorum
2299 3668 2655 3734 emendatio
2678 3689 2770 3734 vs.
2800 3665 2941 3734 33¹7

566 3771 597 3839 ἔ
610 3800 640 3854 ρ
658 3800 687 3839 ε
706 3798 733 3839 0
755 3800 782 3837 ν
846 3781 985 3861 (pro
1049 3776 1141 3856 ᾔτ
1159 3797 1230 3839 εο
1249 3781 1325 3854 ν),
1397 3773 1566 3860 quod
1634 3776 1972 3860 imperiose
2032 3773 2357 3859 postulant
2402 3778 2543 3860 ipsa
2587 3778 2940 3861 sequentia.

564 3879 812 3948 VeUem
859 3882 1241 3967 recepissent
1284 3882 1354 3944 in
1400 3885 1672 3946 textum.

659 4083 859 4149 oe394
905 4080 948 4147 ὦ
999 4081 1188 4163 γέρον,
1255 4079 1348 4164 ἵζ’
1412 4085 1541 4149 ἐπὶ
1604 4083 1961 4162 δεῖπνον,
2026 4086 2699 4151 ἀπεκλελάθεσθε
2760 4084 2839 4150 δὲ

2536 4191 2628 4256 θα.
2775 4215 2805 4254 ε
2824 4215 2861 4254 υ
2914 4243 2933 4259 .

564 4295 836 4364 Versum
882 4294 1121 4383 triplici
1167 4298 1332 4362 vitio
1377 4292 1777 4363 laborantem
1825 4299 1915 4363 sic
1962 4303 2171 4363 tento:
2508 4195 2533 4275 [
2645 4190 2759 4270 μβ
2876 4217 2907 4263 ⁶

901 4401 942 4471 ὦ
993 4403 1200 4485 γέρον,
1267 4400 1490 4482 ἵζετε
1553 4403 1877 4469 δεῖπνον
1942 4403 2085 4483 ἐπ’,
2151 4405 2699 4471 ἑκλελῶθεσθε
2759 4406 2839 4471 δὲ

2558 4511 2933 4597 [θάμβου.
