3192 5009
1316 273 1638 324 nonnus.
2539 253 2671 322 297
2749 293 2754 298 ·

394 440 533 506 XII.
588 441 691 507 Ad
740 453 781 506 Β
812 438 944 508 ’794
992 447 1057 506 et
1096 449 1144 505 K
1179 438 1306 506 189
1347 444 1636 526 persuasi
1675 439 1870 506 Vobis
1909 462 2022 526 pro
2062 439 2297 506 ὁππότε
2337 442 2674 505 restituen-

317 547 459 612 dum
503 569 632 614 esse
676 547 908 614 εἴποτε.
957 546 1195 615 Contra
1239 556 1284 612 Γ
1319 546 1481 613 18οε

559 654 711 733 δαὴρ
760 650 900 720 αὖτ’
948 653 1091 731 ἐμὸς
1142 649 1287 726 ἔσκε
1336 653 1698 732 κυνώπιδος,
1747 651 2008 718 εἵποτ’
2054 651 2152 727 ἔην
2199 676 2314 730 γε,

311 779 525 844 quaero
571 781 653 826 an
701 781 826 826 non
874 763 1109 826 rectius
1154 762 1355 846 possit
1402 759 1686 846 intelligi
1725 761 1886 824 ὃππ
1906 757 1938 823 ό
1953 761 2010 822 τ’
2051 759 2152 832 ἔην
2189 783 2267 837 ’γε
2289 807 2305 835 ,
2343 779 2457 823 nec
2495 756 2675 843 quid-

308 887 489 952 quam
545 868 627 932 ad
688 888 827 933 rem
889 869 1205 952 pertinere
1269 866 1455 932 video
1474 915 1490 944 ,
1556 867 1726 952 quod
1785 869 2162 953 interpretes
2210 864 2289 930 ad
2333 864 2673 950 vulgatam

306 970 631 1039 lectionem
694 971 1136 1059 explicandam
1200 970 1557 1038 attulerint.
1623 972 1917 1038 Praefero
1964 977 2132 1037 certe
2179 992 2402 1037 meum
2448 971 2670 1037 ὁππότ’

307 1075 395 1152 ἔην
438 1103 517 1157 γε
561 1077 777 1146 Curtii
822 1082 1199 1165 suspicioni,
1248 1099 1443 1164 quem
1488 1082 1816 1164 scripsisse
1861 1078 2106 1144 dicitis:
2159 1071 2196 1151 ἦ
2243 1079 2382 1142 ποτ’
2430 1074 2530 1151 ἔην
2568 1101 2670 1154 γε.

306 1183 515 1250 Verte:
560 1185 747 1250 Levir
791 1207 949 1249 meus
977 1185 1128 1271 fuit
1140 1234 1157 1263 ,
1207 1185 1493 1270 quamdiu
1522 1185 1673 1271 fuit
1688 1212 1708 1247 .-
1743 1185 1810 1250 h.
1836 1207 1890 1250 6.
1932 1184 2277 1248 iamdudum
2315 1206 2436 1248 esse
2469 1182 2671 1247 desiit.

304 1289 436 1356 Alio
478 1291 671 1356 modo
718 1289 894 1356 idem
940 1290 1189 1355 dictum
1234 1297 1332 1355 est
1381 1299 1436 1354 Δ
1467 1290 1635 1356 321:
1689 1285 1726 1365 ἦ
1770 1289 1914 1355 τότε
1964 1294 2164 1368 κοῦρος
2214 1286 2325 1367 ἔα,
2377 1295 2476 1353 νῦν
2520 1285 2670 1354 αὖτέ

302 1420 378 1470 με
434 1404 629 1475 γῆρας
694 1394 948 1477 ὀπάζει,
999 1396 1063 1461 h.
1094 1418 1147 1462 6.
1198 1396 1541 1460 iamdudum
1591 1397 1903 1474 consenui,
1953 1403 2018 1462 et
2064 1396 2144 1460 of.
2195 1405 2251 1459 Ψ
2283 1393 2434 1460 643.
2483 1393 2674 1460 Simi-

300 1501 439 1566 liter
497 1500 783 1568 A7622·
820 1505 898 1568 ὥς
962 1499 1072 1580 ἔα,
1138 1502 1391 1567 εἴτι-στ’
1455 1499 1531 1566 ἔα
1594 1527 1710 1581 γε,
1759 1503 1870 1568 sed
1915 1502 2061 1589 lege
2101 1501 2386 1566 ὁππότ’
2435 1499 2508 1564 ἔα
2553 1525 2668 1579 γε,

300 1608 638 1696 itidemque
702 1606 923 1674 eadem
970 1610 1355 1674 correctione
1402 1614 1551 1674 utar
1597 1633 1640 1672 ω
1669 1607 1800 1674 289
1848 1609 1995 1686 ἐμὸν
2043 1608 2215 1674 παῖδ’
2266 1606 2402 1672 εἵπ
2421 1610 2522 1672 στ’
2572 1605 2672 1682 ἔην

302 1737 373 1790 γε
416 1720 481 1780 et
524 1724 591 1780 Ω
623 1714 787 1780 426:

672 1907 679 1914 ο
819 1821 953 1885 ἐπεὶ
1002 1819 1073 1886 οὔ
1116 1823 1258 1886 ποτ’
1304 1822 1449 1898 ἐμὸς
1495 1822 1683 1900 πάις,
1734 1820 1985 1887 εἵποτ’
2033 1819 2132 1894 ἔην
2178 1845 2294 1899 γε,

560 1924 765 2002 λήθετ’
813 1927 895 1991 ε’νὶ
947 1925 1271 2006 μεγάροισι
1321 1928 1481 2005 θεῶν,
1530 1924 1583 1992 οἳ
1629 1925 1962 2005 Ὄλυμπον
2010 1925 2242 2007 ἔχουσι,
2391 2002 2398 2008 .

302 2029 535 2117 legam:
587 2032 799 2098 ὃππό
812 2034 873 2097 τ’
921 2029 1021 2108 ἔην
1064 2057 1181 2111 γε,
1223 2033 1287 2098 h.
1313 2055 1367 2099 6.
1408 2034 1694 2119 quamdiu
1730 2042 2026 2117 superstes
2067 2041 2199 2097 erat
2230 2034 2474 2111 Hector,
2501 2033 2669 2096 cuim

306 2144 525 2201 mortem
588 2161 901 2226 numquam
965 2139 1220 2221 ebuqebo.
1284 2139 1477 2204 Recte
1537 2160 1690 2205 vero
1708 2189 1724 2218 ,
1790 2161 1984 2226 quem
2047 2140 2268 2205 locum
2314 2138 2668 2204 describam

301 2249 367 2307 ut
412 2243 747 2310 discrimen
792 2244 1152 2310 luculenter
1197 2251 1499 2331 appareat
1516 2295 1531 2318 .
1582 2268 1619 2309 κ
1646 2244 1767 2312 66:

554 2348 589 2426 ἦ
636 2350 751 2429 μέν
799 2351 860 2417 σ’
913 2350 1200 2424 ἐνδυκέως
1248 2351 1730 2430 ἀπεπέμπομεν,
1779 2350 1915 2432 ὄφρ’
1965 2352 2214 2432 ἀφίκοιο

552 2458 823 2538 πατρίδα
871 2459 979 2532 σὺν
1028 2459 1133 2522 καὶ
1184 2457 1361 2534 δῶμα
1409 2459 1513 2523 καὶ
1563 2457 1622 2522 εἴ
1665 2459 1802 2522 ποθί
1847 2481 1936 2522 τοι
1987 2459 2172 2538 Φίλον
2219 2455 2332 2531 εἴη.

297 2561 637 2650 Itidemque
685 2569 854 2629 recte
898 2587 926 2629 0
952 2563 1120 2630 403:

550 2667 722 2742 νῆσός
774 2693 866 2743 τις
917 2671 1101 2749 Συρίη
1151 2673 1554 2741 κικλήσκεται
1606 2669 1664 2734 εἴ
1703 2693 1821 2735 που
1869 2670 2131 2744 ἀκούεις.

298 2772 408 2840 Sed
450 2796 601 2840 cum
644 2778 807 2841 vitio
853 2775 1143 2840 ambulat
1190 2801 1226 2840 τ
1254 2773 1421 2840 315:

546 2877 662 2954 οἶος
712 2882 1049 2955 Ὀδυσσεὺς
1102 2876 1248 2956 ἥσκε
1297 2885 1440 2959 μετ’
1490 2882 1798 2961 ἀνδράσιν,
1846 2883 2097 2948 εἵποτ’
2148 2881 2247 2958 ἔην
2293 2909 2404 2962 γε,

296 2995 351 3053 et
392 2987 702 3054 utendum
751 2995 847 3054 est
893 2989 1175 3055 remedio
1225 2989 1394 3075 quod
1440 2989 1594 3053 dixi.
1645 2990 1980 3055 Praeterea
2023 2990 2102 3054 cf.
2150 3013 2177 3054 ο
2204 2989 2358 3067 268,
2409 2990 2487 3055 (16
2533 3010 2658 3075 quo

294 3092 415 3160 loco
460 3095 903 3182 ampliandum
950 3117 1193 3161 censeo.

370 3312 545 3378 XIII.
611 3313 817 3380 All:
852 3314 972 3379 -καὶ
1023 3315 1276 3379 αὐτοῦ
1324 3323 1510 3395 κῆρας
1561 3315 1804 3391 ἀμύνει.
1855 3315 2081 3381 Nonne
2128 3314 2291 3381 solet
2334 3314 2659 3381 Homerus

299 3417 403 3485 hoc
443 3421 715 3486 verbum
760 3441 911 3486 cum
957 3423 1148 3486 tertio
1195 3441 1344 3487 casu
1391 3419 1819 3509 coniungere?

372 3639 535 3706 XIV.
599 3640 807 3720 Quam
853 3645 952 3706 est
992 3640 1337 3706 insolenter
1380 3641 1630 3707 dictum
1678 3649 1733 3704 Δ
1761 3639 1927 3705 314:

540 3743 619 3818 ὦς
667 3771 757 3811 τοι
807 3745 1061 3825 ’γούναθ’
1112 3741 1429 3825 ἕποιτο,
1480 3746 1589 3824 βίη
1642 3745 1704 3810 δέ
1752 3770 1840 3811 τοι
1893 3743 2154 3822 ἔμπεδος
2204 3746 2356 3825 ein„

295 3871 475 3936 quum
520 3851 803 3939 proclive
844 3856 930 3918 sit
966 3854 1305 3920 rescribere
1343 3853 1377 3918 ὅ
1388 3877 1417 3933 ρ
1433 3876 1461 3917 ο
1480 3879 1496 3918 ι
1516 3875 1621 3917 το.
1671 3852 1767 3918 Ι)6
1805 3879 1840 3918 υ
1863 3850 1995 3918 237
2035 3851 2336 3919 Vestrum
2360 3861 2654 3939 exspecto

294 3958 601 4025 iudicium.

372 4159 503 4226 XV.
566 4163 838 4227 Prorsus
886 4167 985 4228 est
1028 4163 1375 4228 ridiculum
1416 4163 1587 4249 quod
1628 4161 1703 4228 de
1743 4161 2044 4228 Simoisio
2085 4162 2360 4228 traditur
2398 4172 2453 4227 A
2481 4160 2648 4231 476:

1595 4264 1657 4333 ὅν
1706 4291 1856 4332 ποτε
1905 4269 2106 4347 μήτηρ

537 4372 773 4444 Ἴδηθεν
820 4378 1121 4439 κατιοῦσα
1169 4373 1315 4452 παρ’
1364 4373 1612 4454 ὄχθῃσιν
1663 4373 1990 4451 Σιμόεντος
