3192 5009
1003 833 1774 1016 MI‘SCELLA..

1263 1123 1512 1166 sompsl‘r

914 1275 983 1344 O.
1045 1277 1141 1343 M.
1204 1275 1850 1344 FRANOKEN.

1252 1588 1489 1615 —otnt—
1564 1587 1591 1604 o

302 1833 365 1897 In
414 1835 745 1902 Aulularia
786 1843 1130 1922 postquam
1173 1835 1401 1901 Euclio
1448 1837 1608 1902 abiit
1656 1837 2036 1904 obsonatum
2084 1844 2150 1904 et
2196 1862 2268 1905 eo
2314 1842 2573 1907 absente

228 1935 507 2023 Staphula
548 1961 829 2027 coquum
876 1939 1305 2029 Congu-ionem
1334 1942 1612 2007 admisit
1631 1991 1647 2018 ‚
1714 1943 1930 2028 prodit
1977 1947 2088 2029 qui
2133 1953 2400 2012 vocatur
2447 1947 2574 2034 Py-

231 2043 489 2111 thodicus
546 2067 771 2113 servus
826 2050 897 2110 in
942 2046 993 2111 F
1016 2046 1098 2125 Ζ,
1143 2047 1471 2113 Fitodicus
1514 2050 1583 2112 in
1632 2047 1687 2112 B
1709 2047 1748 2113 J
1797 2055 1862 2114 et
1895 2038 2084 2115 Voss.
2107 2100 2124 2129 ‚
2174 2058 2240 2116 et
2287 2053 2441 2116 haec
2485 2051 2576 2116 lo-

231 2152 421 2234 quitur
464 2174 507 2216 v
553 2150 685 2218 363
734 2173 870 2237 sqq.
918 2149 1154 2218 Goetz:

466 2255 732 2324 Curate:
780 2278 901 2344 ego
946 2242 1325 2324 intervisam
1371 2259 1525 2343 quid
1572 2258 1810 2324 faciant
1854 2263 2078 2345 coqui:

466 2362 633 2442 Quos
676 2364 788 2449 pol
834 2369 907 2428 ut
954 2383 1077 2450 ego
1122 2363 1310 2429 hodie
1358 2385 1612 2430 servem
1630 2414 1647 2443 ‚
1695 2385 1847 2430 cura
1892 2369 2260 2432 maximast.

466 2468 605 2534 Nisi
640 2490 848 2535 unum
884 2470 1002 2534 hoc
1039 2469 1271 2534 faciam
1286 2516 1304 2547 ,
1344 2476 1421 2534 ut
1456 2473 1525 2534 in
1564 2476 1759 2556 puteo
1797 2491 2018 2536 cenam
2057 2477 2366 2556 coquant:

466 2574 617 2640 Inde
662 2582 911 2640 coctam
959 2595 1216 2640 sursum
1262 2575 1691 2641 subducemus
1737 2576 2035 2641 corbeiis.

468 2679 537 2745 Si
572 2683 701 2766 ipsi
737 2687 956 2746 autem
994 2680 1292 2746 deorsum
1332 2681 1695 2758 comedent,
1745 2685 1800 2746 si
1841 2681 1995 2766 quid
2033 2686 2350 2761 coxerint,

466 2786 694 2872 Superi
739 2789 1015 2852 incenati
1058 2789 1189 2851 sint
1234 2793 1300 2852 et
1345 2791 1554 2852 cenati
1599 2788 1807 2852 inferi.

469 2891 589 2956 Sed
635 2892 829 2958 verba
875 2893 979 2956 hic
1007 2892 1185 2973 ‚facio
1204 2941 1221 2970 ‚
1271 2896 1452 2978 quasi
1500 2896 1722 2979 negoti
1765 2893 1860 2958 nil
1906 2897 2028 2960 siet
2045 2943 2061 2971 ,

468 2995 934 3083 Rapacidarum
979 2999 1092 3062 ubi
1138 3003 1393 3063 tantum
1441 3001 1525 3064 sit
1568 3001 1640 3062 in
1687 2998 1968 3064 aedibus.

308 3099 525 3169 Deinde
561 3087 884 3169 evanescit
918 3103 1319 3190 Pythodicus
1332 3152 1349 3180 ,
1392 3124 1507 3168 nec
1541 3125 1818 3189 usquam
1853 3113 2140 3190 apparet,
2181 3109 2250 3170 in
2279 3111 2574 3192 proxima

238 3223 391 3272 scena
440 3207 664 3274 Euclio
724 3229 765 3274 a
820 3209 956 3273 foro
1014 3208 1204 3273 redit.
1268 3208 1708 3295 Pythodicum
1762 3209 2105 3296 Ussingius
2151 3211 2537 3294 Alfitodicwm
2554 3261 2570 3290 ‚

238 3307 491 3380 Gertzius
526 3313 891 3378 Philositm.
905 3363 921 3392 ‚
972 3313 1085 3379 alii
1122 3314 1501 3378 Philonicum
1540 3313 1647 3381 vel
1685 3315 2066 3380 Philodieum
2101 3317 2406 3382 fecerunt.
2448 3319 2576 3404 Py-

239 3415 441 3484 thodici
478 3439 712 3485 nomen
760 3441 837 3484 ex
884 3422 1093 3505 priore
1140 3423 1499 3511 recensione
1546 3423 1927 3485 remansisse
1944 3469 1961 3498 ,
2006 3442 2131 3506 quo
2179 3423 2576 3510 significetur

242 3526 331 3605 qui
368 3525 507 3592 alibi
542 3529 615 3591 in
654 3525 853 3590 altera
892 3545 1086 3611 quam
1125 3526 1475 3591 habeamus
1513 3529 1874 3591 recensione
1915 3533 2182 3593 vocetur
2203 3526 2521 3594 Strobilus
2545 3529 2576 3592 I

240 3625 531 3714 Megadori
590 3651 813 3696 servus
831 3679 848 3708 ,
914 3634 1143 3695 statuit
1202 3628 1403 3697 Goetz
1465 3631 1663 3716 praef.
1713 3654 1774 3716 p.
1823 3630 1975 3696 VIII
1991 3681 2008 3710 ‚
2057 3653 2208 3698 cum
2265 3654 2392 3718 quo
2445 3633 2574 3700 fere

238 3740 505 3802 consentit
550 3735 855 3802 Dziatzko
904 3736 1084 3802 Rein.
1126 3735 1300 3801 Mus.
1349 3734 1521 3802 1882
1562 3759 1626 3823 p.
1671 3736 1800 3802 261
1843 3744 1909 3802 et
1947 3738 2021 3802 P.
2066 3737 2328 3826 Langen
2368 3743 2436 3803 in
2475 3739 2574 3805 ed.

246 3837 403 3907 1889.
438 3842 777 3930 Megadori
814 3843 1156 3908 atriensem
1192 3844 1331 3927 ipse
1370 3841 1530 3907 olim
1564 3842 2003 3928 Pythodicum
2039 3845 2108 3907 in
2145 3842 2420 3910 editione
2445 3848 2576 3929 opi-

242 3951 393 4010 natus
449 3969 613 4014 sum.
676 3947 1019 4013 Neminem
1080 3947 1317 4012 vidisse
1379 3950 1623 4012 mirum
1684 3954 1815 4024 est,
1863 3948 2058 4014 verba
2101 3949 2450 4036 Pythodici
2495 3950 2574 4015 ad

244 4055 507 4118 amussim
552 4056 887 4119 convenire
932 4052 1261 4131 Euclioni;
1310 4074 1438 4118 non
1484 4052 1612 4118 alia
1658 4073 1926 4138 persona
1941 4101 1959 4132 ,
1997 4058 2124 4119 nisi
2161 4053 2390 4121 Euclio
2407 4103 2425 4134 ,
2467 4077 2576 4142 po-

246 4157 343 4220 test
382 4179 601 4244 coquos
646 4158 971 4242 rapacidas
1014 4178 1237 4224 vocare
1256 4207 1271 4235 ,
1330 4161 1399 4222 in
1446 4157 1693 4222 nullius
1709 4207 1725 4236 ‚
1771 4161 1896 4223 nisi
1939 4158 2266 4225 Euclionis
2313 4159 2574 4226 aedibus

244 4279 379 4326 nunc
422 4265 735 4340 „officium
776 4265 1012 4354 suum’f
1050 4265 1293 4330 faciunt
1332 4267 1519 4348 coqui
1540 4313 1557 4342 ‚
1597 4269 1675 4329 ut
1712 4263 1979 4348 perdant
2015 4269 2231 4330 omnia
2265 4271 2333 4330 et
2369 4266 2578 4330 furen-

248 4367 357 4444 tur;
398 4389 571 4435 nemo
614 4377 749 4435 tam
785 4373 1081 4456 ineptum
1122 4369 1467 4434 consilium
1506 4390 1740 4455 coquos
1778 4373 1846 4434 in
1886 4376 2159 4455 puteum
2199 4371 2576 4437 detrudendi

2224 4489 2290 4538 ss
