3192 5009
1250 261 1572 312 nonnus.
2325 289 2332 297 -
2475 243 2609 310 321

594 427 815 500 Ἰδαῖος
865 426 916 491 δ’
965 427 1269 506 ἀπόρουσε
1316 428 1508 491 λιπὼν
1554 425 2217 508 περικαλλέαδίφρον,

594 533 711 600 οὐδ’
764 531 912 609 ἔτλη
963 533 1289 615 περιβῆναι
1340 532 1646 616 α’δελφεόο
1701 530 2045 610 κταμένοιο.

287 640 387 706 Hic
436 639 635 706 Zoilus
691 637 856 719 λιάν,
921 641 1116 720 Φησί,
1180 638 1894 744 γελοίως,,πρποζιχ“ὖ
1941 642 2192 715 ποιητὴς
2241 639 2345 704 τὸν
2394 639 2614 706 Ἰδαῖον

286 747 622 814 ἀπολιπόντα
670 747 809 820 τοὺς
857 743 1079 818 ἵππους
1127 747 1231 811 καὶ
1281 748 1351 813 τὸ
1398 743 1572 826 ἅρμα
1622 745 1917 826 <psorem-
1969 745 2228 823 ἠδύνατο
2276 747 2404 828 γὰρ
2449 751 2618 824 μᾶλ-

280 868 363 918 λον
404 855 491 918 ἐπὶ
532 862 654 925 τοῖς
694 851 924 924 ἵπποις.
980 852 1221 918 Verum
1260 853 1422 918 hanc
1465 851 1729 938 quidem
1766 853 2322 936 reprehensionem
2368 852 2612 919 diluere

280 962 583 1045 poterimus
599 1009 616 1038 ‚
686 981 801 1026 nec
862 957 1174 1024 dissimile
1234 964 1332 1024 est
1359 967 1365 972 ’
1393 958 1563 1044 quod
1623 958 1901 1023 traditur
1959 961 2028 1024 in
2085 957 2250 1025 libro
2316 956 2614 1026 Iudicum

281 1065 451 1130 4.15:
510 1066 745 1145 κατέβη
816 1065 1059 1146 Σισῶρα
1122 1065 1426 1130 ἕποὲνωθεν
1486 1067 1593 1129 τοῦ
1657 1062 1936 1144 ἅρματος
2001 1065 2193 1130 αὐτοῦ
2260 1064 2362 1130 καὶ
2411 1064 2614 1149 ἔφυγε

279 1181 375 1244 τοῖς
415 1171 576 1237 ποσὶν
620 1174 837 1238 αὑτοῦ.

342 1390 489 1460 XCI.
544 1392 909 1458 Retractare
952 1395 1137 1459 iuva-t
1182 1393 1351 1478 quod
1397 1407 1545 1459 ante
1609 1398 1856 1479 septem
1917 1413 2114 1458 annos
2173 1392 2475 1459 adnotavi
2535 1390 2616 1458 ad

275 1496 454 1563 0373:
514 1500 627 1565 τῶν
682 1497 929 1578 ἔφαγόν
991 1499 1051 1564 τ’
1119 1495 1284 1563 ἔπιόν
1349 1524 1416 1563 τε
1483 1498 1588 1563 καὶ
1655 1499 2095 1564 αἰδοίοισιν
2160 1497 2391 1578 ἔδωκα,
2462 1520 2615 1565 nam

271 1625 460 1670 maneo
525 1606 786 1692 quidem
854 1608 924 1670 in
997 1611 1211 1670 vetere
1274 1608 1587 1671 sententia
1647 1626 1776 1671 non
1837 1604 2131 1690 pudenda
2176 1607 2282 1671 hic
2329 1606 2614 1694 intelligi

272 1708 457 1776 debere
472 1760 489 1788 ‚
528 1711 637 1776 sed
675 1711 1042 1778 Eumaeum
1080 1712 1253 1799 regis
1292 1712 1395 1776 sui
1434 1709 1726 1796 exemplo
1743 1760 1762 1789 ,
1803 1734 1842 1775 τ
1870 1707 1977 1789 ¹76,
2014 1712 2343 1777 interdum
2373 1711 2617 1799 aliquid

270 1815 536 1882 mendicis
578 1819 901 1903 impertiri
946 1817 1141 1882 fuisse
1188 1815 1455 1883 solitum
1474 1865 1490 1894 ‚
1541 1817 2086 1902 quemadmodum
2128 1818 2424 1885 videmus
2461 1841 2614 1885 eum

272 1923 506 1988 Αἰτωλὸν
567 1922 754 2003 ἄνδρα
818 1925 1096 2010 hospitio
1158 1927 1478 2010 excepisse
1539 1923 1578 2002 ξ
1605 1921 1756 2001 379,
1819 1924 1932 1990 sed
1993 1924 2164 2010 quod
2225 1926 2609 2011 reponebam

268 2027 578 2108 αἱτίζουσιν,
626 2017 816 2096 hodie
861 2028 1135 2096 dixerim
1182 2029 1373 2117 paulo
1410 2029 1846 2096 verosimilius
1884 2033 2112 2096 coniici
2147 2052 2332 2117 posse
2382 2032 2426 2095 οἰ
2443 2047 2483 2097 λ
2503 2046 2543 2096 λ
2563 2055 2617 2096 o·

267 2133 651 2215 δαποΐσιν,
702 2133 842 2202 coll.
894 2134 1103 2216 p485.

342 2339 526 2410 XCII.
574 2367 601 2408 ο
627 2341 795 2408 435:

499 2457 679 2515 TON
732 2449 784 2513 δ’
833 2444 986 2514 αὖτε
1033 2450 1352 2525 προσέειπε
1400 2449 1554 2528 γυνὴ
1604 2449 1706 2514 καὶ
1759 2449 2065 2525 ἀμείβετο
2113 2450 2316 2531 μυθῷ·

498 2553 587 2630 εἴη
637 2578 740 2620 κεν
786 2555 891 2620 καὶ
943 2554 1133 2634 τοῦτ’,
1183 2554 1241 2620 εἷ
1281 2578 1385 2634 μοι
1433 2555 1694 2621 ἐθέλοιτε
1745 2579 1860 2634 γε,
1913 2559 2246 2634 ναῦται,

496 2659 641 2740 ὅρκῳ
688 2663 1059 2736 πιστωθῆναι
1112 2663 1407 2739 ἀπήμονα
1456 2660 1651 2725 οἴκαδ’
1703 2658 1994 2736 ἀπάξειν.

266 2761 539 2833 Emendat
604 2772 889 2834 ναῦτα.
954 2767 1181 2834 Simile
1244 2769 1490 2835 obtinet
1550 2767 1731 2834 098:
1799 2771 1918 2832 Ζεῦ
1984 2767 2220 2845 πάτερ,
2268 2766 2326 2832 εἴ
2371 2769 2442 2842 μ’
2488 2767 2608 2833 ἐθέ-

270 2883 439 2948 λοντες
485 2913 570 2923 -
620 2874 833 2952 ἤγετε.

335 3090 545 3160 XCIII.
613 3091 823 3175 Quam
868 3099 965 3160 est
1011 3096 1256 3159 mirum
1303 3118 1331 3159 ο
1358 3092 1526 3159 466:

492 3197 625 3280 εὗρε
674 3199 727 3265 δ’
776 3199 857 3264 ἐν)
907 3198 1185 3281 προδόμῳ
1230 3200 1380 3276 ἠμὲν
1428 3200 1588 3265 δέπα
1638 3196 1740 3275 ἠδὲ
1787 3195 2216 3280 τραπὶζας

491 3305 717 3386 α’νδρῶν
766 3305 1160 3384 δαιτυμόνων.

266 3403 478 3476 Mensae
522 3412 873 3478 Phoenissa
909 3409 1145 3478 mulier
1181 3433 1307 3478 non
1346 3412 1643 3490 curabat,
1686 3411 1794 3477 sed
1835 3431 2095 3477 auream
2120 3411 2604 3498 supellectilem.

268 3510 488 3584 Utinam
549 3543 587 3583 κ
604 3519 637 3584 ύ
657 3543 704 3582 π
724 3533 806 3584 ελ
826 3534 865 3583 λ
883 3544 924 3583 α
972 3521 1189 3584 minus
1236 3519 1555 3584 recederet
1601 3518 1678 3583 ab
1729 3517 1982 3584 traditis
2027 3515 2367 3584 literarum
2409 3518 2615 3584 ducti-

267 3616 389 3700 bus,
432 3625 505 3690 cf.
556 3623 769 3690 21253.

336 3822 539 3894 XCIV.
609 3826 763 3894 Dixi
830 3833 977 3894 ante
1041 3825 1286 3893 multos
1349 3848 1544 3892 annos
1609 3825 1686 3893 de
1749 3823 1970 3891 Iliadis
2032 3825 2490 3911 compositione
2535 3825 2608 3889 in

270 3924 709 4004 Quaestionibus
754 3936 916 4000 meis
960 3932 1324 4000 Homericis
1342 3982 1357 4010 ‚
1406 3954 1558 3999 nam
1604 3932 1874 3997 firmum·
1917 3929 2129 3997 solum
2173 3930 2338 3998 mihi
2383 3934 2608 3996 nactus

272 4052 375 4101 esse
412 4041 685 4119 videbar,
732 4043 839 4107 cui
882 4039 1009 4106 alia
1054 4046 1199 4106 tuto
1246 4044 1505 4126 possent
1552 4040 1943 4126 superstrui:
1986 4039 2228 4104 etenim
2265 4042 2455 4124 poeta
2493 4037 2607 4123 qui

273 4147 413 4208 sexto
462 4145 624 4213 libro
686 4148 918 4213 cecinit
964 4146 1355 4233 colloquium
1400 4145 1702 4212 Hectoris
1751 4165 1903 4209 cum
1948 4165 2147 4210 uxore
2163 4191 2180 4221 ‚
2230 4143 2496 4230 posthac
2544 4143 2607 4209 ei

273 4246 507 4320 reditum
566 4255 635 4317 in
679 4253 910 4319 urbem
955 4252 1293 4318 concedere
1339 4273 1463 4318 non
1509 4252 1761 4338 potuit,
1809 4253 2003 4316 sicuti
2046 4249 2120 4314 fit
2170 4258 2224 4313 H
2252 4248 2418 4315 310:
2467 4256 2606 4346 tam

277 4353 405 4418 mihi
455 4359 569 4425 hoc
627 4365 878 4426 certum
936 4359 1194 4425 videtur
1254 4378 1450 4444 quam
1512 4357 1684 4444 quod
1741 4359 2173 4425 certissimum
2219 4361 2412 4442 atque
2457 4356 2608 4422 hinc
