3192 5009
1144 350 1228 403 nn
1273 352 1542 404 'murus
1591 353 1891 404 nonnus.
2576 336 2705 402 349

337 522 551 589 deficit
608 543 754 586 cum
816 520 892 586 de
943 519 1100 586 locis
1147 526 1441 600 τεχνικῶς
1490 523 1721 588 sanctis
1768 521 1954 587 dictis
2001 542 2379 607 quaeramus
2398 570 2414 598 ‚
2466 527 2529 586 et
2573 526 2711 586 tota

337 636 479 694 orta
515 633 610 694 est
652 648 729 693 ex
769 625 883 692 illo
921 647 1128 692 errore
1169 647 1361 711 quem
1399 630 1637 692 notavi.
1680 626 2101 692 Manifestum
2141 628 2401 712 quidem
2439 632 2571 706 est,
2599 629 2709 712 qui

337 735 552 800 dicant
593 732 733 799 loca
777 735 1094 798 sanctione
1141 731 1278 796 fieri
1324 739 1541 798 sancta
1557 781 1574 810 ,
1618 735 1925 820 respicere
1962 737 2351 799 sanctionem
2392 732 2713 814 Zeqithnoem

336 839 541 906 solam
558 889 574 917 ‚
637 859 760 904 non
812 859 962 904 vero
1011 840 1210 902 etiam
1253 841 1646 904 sanctionem
1694 836 1975 925 aliquam
2021 837 2390 926 religiosam
2435 844 2546 904 aut
2592 841 2714 923 pri-

335 953 558 1013 vatam
573 994 590 1022 ‚
652 949 746 1011 ita
803 947 974 1012 enim
1021 965 1094 1010 ea
1141 944 1424 1010 definitio
1469 953 1606 1010 tota
1650 945 1730 1010 ad
1774 946 2120 1011 absurdum
2167 946 2564 1033 redigeretur
2581 994 2597 1023 ‚
2649 951 2713 1010 et

337 1055 553 1118 omnia
591 1051 730 1117 loca
775 1052 906 1116 fere
953 1059 1168 1116 sancta
1215 1057 1457 1129 essent,
1505 1053 1703 1116 etiam
1748 1051 2049 1138 religiosa
2095 1057 2158 1116 et
2204 1051 2414 1116 multa
2460 1054 2713 1136 privata

335 1165 535 1244 (supr.
598 1179 744 1245 pag.
815 1157 944 1223 346
994 1157 1148 1222 adn.
1216 1157 1305 1237 3).
1371 1156 1497 1223 Sed
1543 1160 1637 1222 ita
1682 1156 2001 1224 revelatur
2043 1160 2283 1223 vitium
2330 1157 2498 1243 quod
2542 1158 2710 1234 dixi,

335 1267 740 1332 sanctitatem
797 1263 1088 1330 locorum
1149 1263 1228 1328 ad
1271 1262 1487 1350 legem
1505 1313 1520 1342 ,
1571 1285 1699 1330 non
1746 1265 1824 1329 ad
1871 1263 2249 1351 religionem
2266 1314 2283 1343 ,
2330 1266 2568 1330 referri.
2614 1264 2713 1330 Ab

337 1391 412 1436 eo
470 1373 629 1436 vitio
691 1369 1034 1456 diligenter
1095 1371 1304 1434 caveri
1365 1369 1528 1435 solet
1579 1372 1650 1434 in
1694 1369 1849 1435 locis
1896 1373 2123 1448 sacris;
2175 1372 2331 1436 haec
2368 1371 2541 1437 enim
2584 1391 2716 1433 con»

333 1477 662 1541 sec-ratione
678 1526 695 1554 ,
756 1479 800 1542 i.
841 1498 894 1542 e.
961 1479 1206 1542 actione
1266 1475 1637 1541 sacerdotali
1654 1525 1671 1553 ,
1738 1497 1865 1541 non
1912 1497 2061 1542 vero
2103 1475 2247 1564 lege
2266 1525 2281 1554 ‚
2331 1497 2504 1542 sacra
2550 1476 2715 1540 facta

337 1603 474 1648 esse
542 1604 760 1648 omnes
819 1563 1240 1648 consentiunt.
1307 1580 1528 1667 Itaque
1593 1581 2025 1648 definitionem
2086 1581 2271 1647 illam
2334 1581 2712 1648 reiciendam

336 1709 472 1754 esse
518 1695 762 1754 constat
777 1708 794 1766 ;
843 1689 1004 1753 vitia
1048 1689 1184 1752 eius
1229 1688 1348 1752 hoc
1393 1687 1582 1752 modo
1631 1687 1810 1752 brevi
1858 1707 2289 1756 resumemus:

430 1819 470 1858 a
513 1817 638 1861 non
683 1794 893 1860 solum
936 1793 1073 1859 loca
1118 1799 1332 1858 sancta
1351 1841 1368 1871 ‚
1418 1796 1617 1858 etiam
1661 1793 1799 1860 loca
1847 1815 2024 1860 sacra
2064 1803 2214 1859 sunt
2254 1794 2509 1860 defensa
2546 1816 2716 1860 sane-

338 1904 510 1966 tione
549 1901 845 1989 legitima
861 1950 878 1978 ,
917 1904 1132 1986 itaque
1173 1901 1326 1964 haec
1351 1898 1635 1964 definitio
1659 1898 1833 1965 tollit
1858 1921 2043 1966 omne
2067 1900 2407 1967 discrimen
2428 1899 2715 1966 locorum

339 2015 704 2074 sanctorum
749 2013 814 2071 et
859 2027 1203 2072 sacrorum.

433 2115 464 2176 b
509 2113 656 2178 Alia
697 2111 838 2178 loca
883 2115 1080 2178 etiam
1123 2111 1385 2176 fuerunt
1422 2111 1676 2177 defensa
1712 2113 2141 2178 sanctionibus
2175 2113 2486 2200 legitimis
2501 2163 2517 2191 ‚
2565 2135 2713 2179 non-

337 2217 520 2284 nulla
575 2221 771 2286 etiam
817 2239 1014 2304 poena
1061 2217 1318 2303 capitali
1334 2265 1352 2296 ,
1400 2226 1474 2282 ut
1519 2217 1766 2282 vallum
1814 2224 2129 2284 castrense
2158 2215 2210 2299 1)
2228 2269 2245 2297 ,
2295 2240 2455 2305 quae
2500 2226 2715 2287 tamen

337 2329 508 2391 inter
567 2324 706 2390 loca
749 2331 964 2391 sancta
1009 2345 1132 2389 non
1179 2331 1603 2390 numerantur
1616 2344 1634 2401 ;
1684 2327 1901 2410 itaque
1946 2325 2099 2390 haec
2149 2325 2429 2391 definitio
2476 2324 2715 2411 aliquid

342 2432 569 2497 tribuit
613 2433 928 2497 sanctioni
973 2431 1304 2518 legitimae
1323 2480 1338 2509 ,
1389 2430 1556 2517 quod
1603 2433 1663 2496 ei
1706 2431 1907 2496 tribui
1944 2453 2069 2496 non
2108 2431 2331 2498 debeat
2350 2479 2364 2506 ,
2406 2453 2555 2498 cum
2592 2453 2717 2497 non

342 2543 598 2602 tantum
641 2536 853 2603 valeat
899 2545 973 2602 ut
1017 2536 1150 2602 sola
1193 2539 1394 2622 possit
1438 2535 1580 2602 loca
1626 2537 1829 2603 facere
1876 2546 2107 2603 sancta.

433 2667 464 2707 c
507 2643 682 2709 Haec
729 2643 1012 2708 definitio
1061 2641 1231 2709 tollit
1277 2649 1572 2708 naturam
1614 2643 1982 2730 religiosam
2030 2647 2417 2722 sanctitatis;
2466 2663 2617 2708 nam
2660 2646 2717 2708 si

343 2753 642 2815 sanctitas
703 2751 907 2816 oritur
965 2771 1044 2814 ex
1089 2752 1410 2815 sanctione
1453 2749 1751 2836 legitima
1770 2799 1786 2828 ,
1836 2770 1959 2814 non
2010 2748 2219 2815 solum
2268 2770 2397 2814 non
2442 2751 2720 2835 pertinet

343 2855 424 2920 ad
470 2855 818 2921 sacerdotes
865 2855 976 2920 sed
1024 2858 1278 2920 omnino
1324 2877 1404 2921 ne
1443 2877 1594 2920 cum
1634 2853 1943 2941 religione
1982 2855 2241 2941 quidem
2280 2855 2589 2921 cohaeret.
2629 2857 2718 2919 At

343 2967 588 3026 constat
642 2964 1044 3028 sanctitatem
1105 2960 1392 3026 locorum
1453 2965 1574 3026 niti
1632 2960 1940 3048 religione
1958 3010 1975 3038 ,
2030 2969 2093 3026 et
2140 2959 2358 3028 Cicero
2405 2962 2473 3027 id
2518 2963 2717 3026 etiam
2796 3015 2799 3020 .

344 3065 576 3132 diserte
614 3067 770 3133 dicit
795 3067 882 3147 ⁹);
921 3067 1040 3132 hoc
1077 3069 1284 3153 igitur
1320 3087 1652 3153 perperam
1692 3066 2109 3154 neglexerunt
2143 3070 2513 3154 iurisperiti.
2540 3067 2601 3132 N
2602 3067 2721 3132 ihi·

345 3170 624 3237 lominus
683 3175 808 3258 ipsi
867 3171 1122 3250 docent,
1197 3170 1378 3237 loca
1449 3179 1741 3237 sancta
1808 3172 2076 3237 fuisse
2144 3175 2361 3237 iuris
2431 3172 2717 3237 divini.

348 3276 514 3344 Cum
573 3280 994 3364 perspicerent
1013 3327 1030 3354 ‚
1092 3277 1212 3343 hoc
1274 3298 1529 3362 prorsus
1589 3298 1944 3364 repugnare
1998 3280 2287 3363 ipsorum
2333 3276 2685 3342 definitioni
2702 3327 2718 3356 ,

347 3405 483 3449 rem
521 3386 591 3451 in
630 3384 840 3450 medio
877 3383 1306 3469 reliquerunt,
1344 3383 1556 3450 addito
1603 3383 1907 3449 vocabulo
1943 3383 2516 3469 „quodammodo''‚
2541 3386 2723 3469 quasi

346 3491 464 3557 hoc
511 3489 766 3556 toHeret
809 3493 1300 3576 repugnantiam
1317 3539 1333 3567 ‚
1383 3493 1439 3554 si
1486 3489 1767 3555 dicerent
1810 3488 1949 3556 loca
1990 3495 2205 3556 sancta
2250 3510 2386 3555 esse
2424 3489 2723 3576 quodam—

345 3597 536 3664 modo
583 3600 744 3662 iuris
788 3597 1009 3662 divini.
1055 3596 1192 3662 Iam
1230 3599 1342 3682 qui
1378 3597 1453 3661 de
1493 3599 1905 3683 perversitate
1944 3597 2137 3662 huius
2177 3595 2555 3662 definitionis
2600 3597 2723 3661 sibi

346 3702 718 3790 persuadere
778 3703 938 3768 velit
955 3752 972 3780 ‚
1035 3705 1188 3767 satis
1249 3702 1478 3768 habeat
1538 3701 1840 3788 relegisse
1903 3703 2072 3768 hunc
2127 3702 2341 3768 locum
2386 3701 2720 3767 Iustiniani

347 3809 582 3890 (Instit.
633 3808 694 3873 2.
727 3808 785 3873 l.
817 3808 960 3889 10):

439 3922 730 3993 „sanctae
767 3935 1016 4000 quoque
1049 3936 1148 3980 res
1165 3965 1182 3994 ,
1223 3915 1428 3981 veluti
1463 3919 1639 3982 muri
1677 3923 1740 3982 et
1778 3923 1995 4002 portae
2014 3965 2030 3994 ,
2071 3913 2537 4001 quodammodo
2558 3916 2719 3979 iuris

348 4022 554 4087 divini
609 4027 760 4086 sunt
777 4069 794 4098 ,
852 4025 917 4085 et
975 4019 1114 4086 ideo
1173 4020 1414 4086 nullius
1475 4023 1544 4086 in
1610 4023 1787 4087 bonis
1832 4027 1999 4086 sunt.
2048 4019 2195 4086 Ideo
2240 4026 2458 4085 autem
2503 4040 2721 4084 muros

347 4133 596 4194 sanctos
652 4127 922 4193 dicimus
938 4179 955 4213 ‚
1022 4129 1172 4212 quia
1233 4147 1434 4212 poena
1493 4129 1721 4211 capitis
1781 4130 2125 4192 constituta
2186 4129 2271 4192 sit
2330 4129 2399 4191 in
2458 4148 2565 4192 eos
2611 4129 2723 4212 qui

347 4234 594 4319 aliquid
637 4237 706 4298 in
749 4255 968 4300 muros
1017 4231 1463 4319 deliquerint''.

416 4395 471 4460 1)
507 4395 615 4459 Dig.
651 4395 826 4445 49.1e.
851 4397 896 4444 3.
920 4394 996 4446 17.
1033 4423 1096 4432 —
1131 4396 1186 4456 2)
1220 4395 1318 4445 Cic.
1355 4401 1452 4445 nst.
1491 4396 1619 4444 deor.
1660 4397 1805 4445 ΒΑΘ.
1827 4395 1916 4444 94:
1961 4394 2121 4445 ..urbis
2154 4395 2311 4453 muri,
2346 4409 2463 4458 quoe
2496 4409 2579 4444 voe
2606 4409 2722 4460 pon·

345 4477 498 4526 tifice·
528 4481 718 4528 unctos
749 4493 846 4528 ease
877 4478 1060 4538 dicitin,
1089 4478 1456 4543 diligentiusque
1491 4477 1656 4528 urbem
1686 4478 1907 4543 reliqione
1932 4493 2075 4542 quam
2102 4478 2217 4542 ipsis
2242 4476 2489 4528 moenibus
2506 4476 2719 4542 cingitis.
