3192 5009
1231 220 1603 271 maxumus.
2525 202 2610 267 55

281 387 610 452 necessitate
653 386 1058 474 compulsus,
1107 410 1233 454 non
1281 394 1357 452 ut
1403 393 1476 453 tu
1495 436 1510 463 ,
1560 386 1939 453 Menedemo
1958 436 1975 464 ‚
2022 388 2157 451 ruri
2203 407 2361 474 opus
2407 386 2613 451 fecisti

279 494 448 556 animi
487 493 737 559 cuidam
782 495 1006 560 morbo
1051 494 1410 582 indulgens.
1467 495 1615 558 Vero
1635 542 1651 572 ‚
1706 492 2047 559 lectionem
2098 493 2232 558 cod.
2279 492 2591 570 Bembini,

275 597 510 663 editores
563 602 796 667 merito
859 601 1140 686 amplexi
1201 606 1369 666 sunt.
1435 598 1581 665 Non
1642 598 1851 665 solum
1912 597 2184 663 Plautus
2246 599 2401 679 (vid.
2452 619 2613 684 quae

275 707 467 789 scripsi
519 706 834 773 Mnemos.
891 706 1042 771 XVI
1082 731 1145 793 p.
1191 705 1368 785 155),
1431 706 1765 772 Terentius
1812 726 2063 791 quoque
2110 728 2243 768 vero
2288 705 2613 771 interdum

271 813 427 895 ponit
465 834 574 898 pro
619 834 774 891 vere,
823 836 888 877 re
931 812 1262 877 vera.Eun.
1315 812 1445 878 606

1708 941 1789 981 cm
1837 939 1939 999 eqo
1989 914 2344 981 occaeidnem

507 1026 608 1089 Hs
667 1022 947 1089 oete‘ntam
969 1073 984 1101 ,
1051 1030 1278 1089 tantam
1294 1074 1310 1103 ,
1363 1024 1483 1088 ta‘m
1529 1025 1748 1087 brevem
1770 1072 1786 1101 ,
1837 1028 1956 1085 tam
2005 1022 2268 1105 optdtam
2287 1072 2304 1100 ‚
2355 1030 2475 1086 tam
2520 1023 2613 1087 iw-

2315 1128 2615 1212 spera‘tam

505 1238 848 1301 Amitterem
863 1238 900 1301 ‚7
947 1244 1070 1301 tum
1102 1235 1222 1320 pen
1263 1260 1365 1318 eqo
1411 1238 1466 1299 ie
1511 1259 1688 1301 essem
1733 1242 1882 1305 vero
1905 1287 1921 1316 ‚
1976 1236 2081 1322 qui
2126 1235 2472 1300 simulcibar.

335 1446 458 1513 xl.
501 1448 576 1513 In
620 1448 919 1515 Eunuchi
964 1456 1142 1514 actus
1190 1452 1366 1515 tertii
1413 1470 1600 1514 scena
1646 1453 1868 1535 quinta
1916 1447 2195 1516 Chaerea
2240 1449 2598 1516 adolescens
2632 1472 2753 1522 Eun.
2789 1472 2901 1522 591.

260 1574 290 1617 a
327 1553 551 1620 Thaide
596 1557 764 1633 exit,
809 1555 1048 1641 gaudio
1097 1554 1421 1620 exsultans
1469 1556 1638 1641 quod
1674 1559 1927 1642 virgine
1967 1559 2209 1641 potitus
2253 1562 2383 1634 est,
2426 1558 2607 1621 cuius

259 1680 444 1726 amore
501 1662 764 1750 flagrat,
829 1670 1087 1748 propter
1151 1683 1345 1748 quam
1399 1662 1516 1726 sub
1565 1666 1773 1747 specie
1823 1662 2097 1728 eunuchi
2140 1666 2211 1726 in
2258 1666 2607 1727 meretricis

259 1765 496 1831 domum
541 1770 898 1853 penetravit
944 1767 1234 1833 fortunae
1280 1767 1581 1833 beneficio
1630 1790 1805 1833 usus.
1855 1769 2209 1853 Antiphoni
2257 1770 2460 1833 amico
2506 1790 2609 1833 su-

259 1877 624 1957 pervenienti
686 1895 824 1939 rem
882 1881 958 1939 ut
1003 1879 1186 1961 gesta
1232 1879 1329 1939 est
1377 1880 1643 1940 enarrat.
1693 1873 1834 1939 Iam
1878 1877 2161 1960 primum
2209 1895 2359 1940 cum
2404 1878 2470 1938 in
2517 1876 2609 1939 in-

257 1982 458 2045 teriore
529 1980 788 2047 aedium
855 1987 1035 2067 parte
1054 2029 1070 2058 ,
1143 1990 1219 2045 ut
1289 1980 1621 2045 eunuchus
1693 1980 1933 2046 scilicet
1952 2030 1966 2056 ,
2030 1979 2202 2046 solus
2268 2001 2417 2045 cum
2478 1980 2610 2045 sola

257 2085 490 2151 relictus
535 2094 735 2164 esset,
787 2089 1000 2152 animo
1047 2108 1113 2151 se
1160 2086 1607 2152 confirmatum
1656 2108 1790 2152 esse
1829 2087 1983 2151 dicit
2022 2091 2352 2172 conspecta
2389 2085 2609 2152 tabula

255 2192 308 2254 in
367 2213 490 2277 qua
557 2192 804 2278 Iupiter
861 2195 1072 2277 pictus
1134 2199 1300 2257 esset
1358 2215 1470 2279 per
1528 2194 1805 2257 imbrem
1862 2213 2129 2257 aureum
2192 2192 2270 2257 ad
2348 2191 2608 2257 Danaen

253 2303 579 2380 penetrans).
644 2296 714 2363 Si
775 2319 1070 2362 summus
1133 2298 1287 2363 deus
1305 2347 1321 2376 ‚
1385 2319 1496 2363 rex
1559 2298 1932 2363 caelestium
1952 2347 1968 2376 ,
2031 2298 2188 2363 furti
2248 2318 2320 2363 ac
2366 2297 2605 2362 fraudis

255 2408 440 2468 tantae
509 2407 576 2467 in
645 2425 713 2469 re
773 2407 1082 2470 amatoria
1143 2403 1514 2490 exemplum
1575 2404 1853 2469 dedisset
1871 2454 1887 2481 ,
1951 2425 2154 2470 nonne
2217 2403 2605 2469 homunculo

254 2508 437 2575 simile
497 2509 739 2595 aliquid
799 2508 1062 2575 liceret?
1120 2507 1454 2576 Conclusio
1503 2518 1722 2575 autem
1768 2510 1962 2575 huius
2010 2512 2151 2596 piae
2198 2512 2605 2597 cogitationis

253 2636 356 2678 non
397 2619 553 2701 ipsis
601 2621 820 2702 poetae
868 2617 1078 2681 verbis
1124 2617 1356 2682 tradita
1403 2621 1519 2681 est.
1560 2616 1727 2682 Nam
1775 2638 1997 2682 versus
2048 2615 2199 2695 591,
2241 2639 2365 2703 quo
2413 2621 2608 2683 conti-

253 2727 432 2799 netur,
475 2721 697 2809 procul
745 2722 936 2788 dubio
979 2722 1400 2811 interpolatus
1448 2729 1545 2788 est
1563 2772 1578 2800 ‚
1629 2724 1797 2809 quod
1843 2726 1976 2788 iam
2020 2724 2167 2789 inde
2213 2730 2390 2810 patet
2437 2725 2603 2809 quod

251 2828 305 2889 in
341 2826 517 2893 libris
559 2849 714 2895 mss.
763 2827 892 2893 fere
937 2828 1232 2894 omnibus
1276 2831 1450 2894 iusto
1499 2830 1750 2894 brevior
1797 2834 1894 2894 est

495 2956 615 3022 ego
677 2935 1022 3001 homuncio
1068 2936 1188 3000 hoc
1236 2958 1361 3001 non
1409 2932 1724 3001 facerem?
1774 2957 1894 3023 ego
1940 2935 2104 3000 fflud
2150 2957 2299 3001 vero
2343 2939 2437 3001 ita
2484 2936 2603 3002 feci

2236 3062 2305 3107 ac
2353 3041 2601 3108 lubens.

251 3141 511 3211 Editores
560 3168 712 3212 eum
748 3150 925 3213 varie
965 3151 1280 3235 corrigere
1320 3151 1528 3214 conati
1571 3153 1742 3213 sunt.
1786 3148 2112 3215 Bentleius
2153 3152 2245 3214 sic
2269 3153 2604 3225 constituit

491 3272 610 3339 ego
673 3254 1015 3320 homuncio
1073 3255 1193 3319 hoc
1240 3277 1368 3320 non
1412 3252 1719 3319 fecerim?
1768 3276 1888 3343 ego
1936 3276 2083 3320 vero
2130 3253 2294 3319 sslud
2339 3255 2599 3321 fecerim

2234 3381 2304 3425 ac
2350 3359 2597 3427 lubens.

253 3482 355 3544 qua
413 3466 479 3527 in
549 3486 616 3529 re
688 3486 839 3530 cum
897 3467 1090 3530 nimis
1151 3464 1362 3530 multa
1425 3466 1734 3531 mutando
1794 3468 2081 3551 peccavit
2128 3471 2271 3531 tum
2316 3470 2598 3533 maxime

253 3568 394 3649 quod
451 3572 874 3635 certissimam
936 3571 1011 3635 de
1057 3578 1420 3658 temporum
1467 3571 1590 3637 usu
1636 3571 1851 3658 legem
1900 3571 2168 3637 violavit
2214 3594 2326 3657 pro
2370 3576 2601 3658 imper-

255 3671 390 3739 fecto
432 3678 855 3755 conjunctivi,
906 3677 1075 3762 quod
1120 3679 1182 3742 h.
1208 3678 1252 3742 l.
1292 3681 1518 3764 utique
1557 3682 1923 3763 requiritur,
1966 3678 2208 3745 soloece
2246 3680 2601 3765 perfectum

253 3798 524 3864 reponens
557 3780 624 3864 ¹).
672 3783 812 3848 Hoc
855 3786 1062 3870 igitur
1106 3788 1335 3849 merito
1384 3788 1701 3870 aspernati
1749 3789 2124 3851 recentiores
2165 3785 2435 3851 editores
2474 3786 2599 3852 alia

257 3894 566 3955 tentavere.
631 3889 904 3955 Bothius
964 3892 1265 3956 traditam
1326 3890 1666 3957 lectionem
1713 3894 1991 3977 pressius
2038 3898 2293 3956 secutus
2340 3898 2598 3957 tantum

309 4160 356 4223 1)
391 4162 516 4215 mem
557 4168 608 4213 et
652 4164 768 4214 alibi
813 4166 1036 4215 adversus
1069 4166 1333 4230 legitimam
1367 4168 1747 4217 consecutionem
1784 4170 2053 4233 temporum
2088 4168 2331 4217 interdum
2368 4130 2593 4234 peceavit.

263 4240 348 4291 vid.
392 4260 488 4310 eg.
541 4250 684 4297 finem
730 4262 838 4297 ann.
887 4249 990 4297 eius
1023 4250 1081 4297 ad
1117 4250 1239 4298 Hor.
1275 4250 1324 4297 S.
1363 4251 1408 4307 1,
1431 4250 1474 4306 l.
1497 4251 1560 4298 58
1597 4248 1678 4299 ubi
1718 4249 1955 4299 „dixeris”
1989 4250 2179 4315 scripsit
2213 4268 2301 4316 pro
2338 4250 2595 4312 ‚dicei-&2

260 4338 416 4387 prum
445 4330 788 4381 correctionem
821 4330 922 4381 eins
956 4331 1014 4380 ad
1053 4332 1174 4383 Hor.
1212 4332 1327 4398 Bpp.
1367 4333 1480 4391 2,2,
1504 4332 1600 4381 152
1636 4338 1686 4381 et
1720 4336 1883 4384 annot.
1920 4332 1979 4385 ad
2014 4332 2133 4399 Epp.
2170 4334 2219 4391 8,
2240 4333 2283 4393 1,
2308 4334 2416 4385 196.
