3192 5009
549 349 680 414 336
1481 369 1995 420 rnnopmusws.

545 535 814 619 accipias
885 555 1076 619 quam
1147 533 1488 599 lucellum:
1562 538 1675 620 qui
1736 538 1911 601 enim
1970 534 2247 602 vendes?
2293 534 2417 606 Sed
2465 531 2601 622 ipse
2648 535 2947 603 Gobetus

545 647 846 726 provocat
909 641 988 705 ad
1046 639 1190 706 Var.
1255 640 1431 705 Lect.
1493 663 1555 726 p.
1613 641 1758 706 138.
1820 642 2067 707 Locum
2113 643 2463 709 describam
2514 646 2766 708 omissis
2807 646 2905 707 iis
2926 692 2946 721 ,

546 768 706 832 quae
769 747 847 812 ad
902 769 1040 812 rem
1086 749 1302 811 minus
1347 751 1699 812 necessaria
1746 753 1914 813 sunt.
1963 748 2238 826 „Editur
2281 751 2349 813 in
2394 751 2749 836 Phrynichi
2793 773 2949 828 προ-

545 863 904 934 παρασκευῇ
947 863 1235 933 σοΦιςικῇ
1277 874 1338 938 p.
1369 851 1474 918 67.
1504 852 1589 918 32
1634 854 1754 918 Bk.
1801 855 2168 931 ὑποφωνεῖν·
2214 855 2282 918 τὸ
2325 856 2729 936 αγοροὶζοντός
2772 878 2947 924 τινος

542 958 688 1037 ὄψον
735 956 929 1037 ἕτερον
978 969 1053 1039 τῇ
1102 969 1251 1039 τιμῇ
1305 959 1783 1041 ὑπερβάλλοντα
1832 964 2127 1026 ὠνεῖσθαι.
2174 961 2376 1026 Viden
2422 961 2490 1026 id
2536 963 2752 1048 ipsum
2792 981 2947 1026 esse

541 1066 710 1151 quod
754 1064 1226 1152 Theophrastus
1277 1065 1430 1130 dicit
1479 1067 1927 1144 ὑποπρίασθαι,
1982 1067 2152 1152 quod
2198 1088 2402 1154 genus
2450 1074 2548 1134 est
2595 1067 2937 1144 βδελυρίας

541 1175 906 1237 etiamnunc
975 1174 1129 1236 satis
1189 1180 1420 1237 notum
1483 1178 1547 1237 et
1611 1172 1968 1257 frequens'’.
2034 1173 2277 1238 Deinde
2340 1196 2404 1259 p.
2474 1172 2606 1238 364
2666 1175 2947 1260 agnovit

544 1275 820 1344 Gobetns
857 1277 1304 1364 Phrynichum
1345 1285 1490 1342 ante
1531 1275 1745 1342 0011108
1787 1279 2083 1344 habuisse
2107 1279 2433 1365 Aristoph.
2460 1279 2725 1346 Acham.
2752 1277 2888 1344 842
2922 1297 2941 1342 ε

907 1383 1024 1448 οὐδ’
1071 1382 1262 1454 ἄλλος
1313 1383 1628 1458 ἀνθρώπων
1678 1384 2000 1461 ὑποψωνῶν
2051 1409 2120 1447 σε
2171 1394 2453 1461 πημανεῖ
2494 1411 2577 1450 τι.

544 1488 620 1555 Id
681 1496 898 1556 autem
959 1511 1065 1555 me
1110 1488 1277 1556 male
1323 1489 1514 1554 habet
1559 1490 1877 1575 quomodo
1922 1491 1991 1555 id
2038 1491 2204 1576 quod
2252 1491 2661 1577 Phrynichus
2710 1492 2941 1556 scribit

542 1596 618 1662 de
664 1600 866 1682 pretio
912 1596 1134 1660 maiore
1152 1644 1167 1672 ,
1226 1596 1394 1682 quod
1441 1595 1733 1661 oblatum
1782 1597 2009 1674 fuerit,
2059 1601 2264 1664 inesse
2310 1600 2508 1682 possit
2556 1600 2624 1660 in
2670 1617 2939 1682 praepo-

538 1705 766 1768 sitione
840 1702 990 1766 ὑπό·
1058 1702 1282 1767 deinde
1345 1704 1611 1768 minime
1674 1703 2139 1790 negligendum
2206 1711 2303 1769 est
2363 1707 2447 1784 τῷ
2517 1704 2935 1780 ὖποπρίασθαι

537 1809 888 1875 secundum
958 1806 1282 1876 Cobetum
1348 1807 1681 1887 βδελυρίας
1746 1813 1951 1875 1118888
2011 1817 2266 1887 notam,
2332 1810 2683 1876 secundum
2730 1807 2935 1874 Theo-

537 1915 874 2002 phrastum
936 1913 1454 1996 αἰσχροκερδείας.
1519 1913 1847 1994 Quomodo
1896 1915 2171 1981 Romani
2217 1915 2625 2003 appellarunt
2670 1917 2742 1981 τὸ
2790 1915 2937 1979 ὑπο-

538 2019 866 2098 πρίασθαιῖ
906 2021 1315 2084 Praeme‘rcari
1355 2021 1523 2106 apud
1563 2020 1873 2086 Plautum
1914 2013 2009 2087 est
2048 2022 2233 2109 Epid.
2279 2021 2393 2087 III.
2422 2021 2483 2088 3.
2513 2021 2638 2086 25:
2679 2020 2937 2107 Edepol

536 2150 652 2194 nae
698 2131 892 2192 istam
938 2134 1226 2213 tempore
1268 2135 1463 2214 gnato
1503 2133 1616 2192 tuo
1657 2149 1883 2192 sumus
1910 2129 2330 2211 praemercati.
2381 2128 2477 2193 Ne
2515 2128 2621 2194 hic
2662 2127 2931 2214 quidem

539 2256 728 2300 senex
788 2236 998 2299 maius
1062 2233 1235 2298 dedit
1298 2254 1411 2318 pro
1468 2234 1721 2299 fidicina
1768 2237 2050 2320 pretinm
2068 2283 2084 2313 ,
2134 2235 2244 2301 sed
2291 2238 2641 2320 praevertit
2686 2233 2929 2298 filium.

538 2339 854 2406 Similiter
896 2343 963 2405 in
1012 2340 1334 2425 Aristoph.
1383 2339 1540 2426 qu.
1597 2340 1767 2406 1161
1820 2343 1847 2405 ὃ
1898 2340 2157 2406 ὑποθέων
2209 2363 2333 2406 11011
2382 2343 2583 2406 currit
2628 2340 2929 2416 celerius,

537 2447 645 2513 sed
713 2447 990 2512 alterum
1057 2451 1418 2512 currentem
1478 2447 1806 2532 praepedit
1869 2452 2061 2533 atque
2129 2449 2220 2512 sic
2290 2450 2658 2513 antevertit.
2732 2445 2935 2532 Apud

535 2551 981 2639 Thucydidem
1024 2550 1055 2615 I
1116 2550 1240 2615 121
1307 2552 1613 2627 δάνεισμα
1676 2555 1802 2631 γὰρ
1860 2551 2260 2628 ποιησάμενοι
2312 2553 2655 2630 ὑπολαβεῖν
2706 2545 2819 2616 οἷοί
2866 2557 2930 2616 τ’

538 2661 721 2735 ἐσμὲν
782 2659 974 2739 μισθῷ
1033 2657 1258 2737 μείζονι
1321 2659 1460 2729 τοὺς
1526 2657 1728 2732 ξένους
1794 2659 1995 2723 αὐτῶν
2060 2659 2429 2738 ναυβάτας,
2495 2660 2618 2724 11181
2681 2657 2929 2723 diserta

533 2765 714 2831 fieret
779 2769 1021 2831 mentio
1093 2764 1385 2829 lautioris
1455 2764 1763 2831 mercedis
1784 2815 1799 2846 ,
1866 2765 1933 2830 id
2001 2767 2219 2851 ipsum
2283 2787 2394 2851 per
2456 2786 2522 2831 88
2584 2785 2663 2830 ex
2724 2765 2929 2830 verbo

536 2873 878 2948 ὑπολαβεῖν
939 2895 1065 2938 11011
1127 2871 1519 2938 eliceremus.
1588 2870 2003 2938 Confirmabit
2064 2873 2184 2938 hoc
2231 2872 2619 2938 Plutarchus
2665 2875 2733 2938 in
2780 2874 2931 2938 vita

534 2977 794 3046 Catonis
864 3001 916 3044 c.
988 2977 1091 3056 11,
1163 2978 1276 3042 ubi
1339 2977 1621 3064 legimus
1685 2976 2046 3063 Scipionem
2109 3001 2233 3064 quo
2296 2985 2580 3066 tempore
2642 2977 2802 3046 Cato
2854 2983 2927 3044 in

533 3086 848 3172 Hispania
892 3086 1185 3172 degeret,
1236 3086 1351 3154 τοὶς
1407 3083 1719 3162 Ἰβηρικὰς
1770 3083 2022 3164 πράξεις
2077 3085 2439 3162 ὑπολαβεῖν,
2480 3086 2548 3150 111
2586 3105 2711 3170 quo
2752 3105 2929 3150 eom·

532 3195 740 3279 posito
805 3194 1183 3278 praepositio
1244 3190 1417 3255 idem
1464 3191 1721 3256 denotat
1769 3191 1939 3276 quod
1984 3195 2051 3256 111
2096 3193 2180 3270 τῷ
2228 3181 2391 3264 τοὺς’
2417 3191 2614 3274 λῃστὰς
2668 3191 2927 3270 ὑποδρα-

534 3307 674 3376 μεῖν
715 3299 886 3384 apud
930 3298 1222 3382 Xenoph.
1273 3295 1508 3384 Cyrop.
1555 3297 1586 3362 Ι
1636 3296 1832 3362 2.12.
1884 3296 2064 3377 Quod
2109 3296 2307 3375 ξένους
2361 3297 2706 3374 ὑπολαβεῖν
2749 3297 2927 3362 Thu-

535 3404 792 3492 cydides
838 3403 1217 3489 appellavit,
1266 3403 1334 3468 id
1378 3403 1566 3470 hodie
1616 3404 1784 3488 apud
1832 3402 2177 3490 Iosephum
2217 3404 2475 3488 Antiqq.
2518 3403 2681 3468 XIII
2720 3403 2922 3489 §414

533 3517 630 3575 est
675 3509 1164 3587 αποξενολογεῖν,
1208 3508 1318 3574 sed
1364 3510 1660 3594 equidem
1709 3508 2168 3586 ὑποξενολογεῖν
2216 3509 2485 3574 verbum
2531 3511 2591 3574 ei
2638 3509 2924 3575 redditu-

533 3639 644 3682 rus
692 3637 856 3682 sum.
907 3615 1098 3700 Apud
1142 3616 1638 3701 Aristophanem
1681 3617 1750 3680 in
1798 3615 1996 3680 Ranis
2042 3636 2135 3681 vs.
2191 3611 2398 3680 1227:

894 3717 934 3784 ὦ
985 3721 1243 3796 δαιμόνι’
1291 3720 1532 3800 ἀνδρῶν,
1584 3722 1947 3798 ἀποπρίω
2001 3722 2109 3794 τὴν
2156 3721 2409 3795 λήκυθον
2532 3757 2543 3770 ·

892 3824 989 3891 ἵνα
1041 3831 1128 3902 μὴ
1177 3827 1496 3906 διακναίσῃ
1546 3827 1685 3899 τοὺς
1736 3827 2071 3908 προλόγους
2123 3826 2309 3906 ὑμῶν,

533 3957 683 4002 011111
749 3933 982 3999 nullibi
1048 3937 1254 3998 exstet
1325 3933 1779 4013 αποπρίασθαι,
1853 3933 2226 3999 commendo
2299 3932 2692 4011 ὑποπρίω,
2764 3934 2831 3998 11.
2860 3956 2916 3999 8.

534 4060 960 4126 praemercare
1025 4046 1098 4103 tu
1161 4045 1502 4124 antequam
1565 4047 1739 4104 emat
1801 4039 1980 4106 alter.
2047 4038 2119 4104 Si
2165 4041 2307 4124 quis
2355 4039 2508 4124 quid
2554 4059 2765 4104 emere
2810 4060 2919 4124 pa·

531 4154 664 4226 rat,
726 4147 882 4211 dum
945 4144 1280 4222 deliberat,
1347 4145 1503 4210 dum
1549 4151 1903 4222 cunctatur,
1954 4146 2111 4210 dum
2160 4165 2372 4209 moras
2418 4146 2651 4221 nectit,
2700 4164 2919 4230 super-

530 4256 710 4328 venit
770 4252 930 4319 alter
988 4258 1052 4317 et
1118 4252 1465 4316 ὑπωνεῖται.
1529 4251 1715 4316 Ν11110
1776 4262 2115 4338 postquam
2176 4253 2471 4336 apparuit
2518 4250 2702 4315 nobis
2746 4250 2916 4316 nihil

531 4381 664 4426 esse
710 4381 823 4426 0111·
867 4359 945 4425 de
991 4358 1214 4422 maiore
1247 4357 1452 4440 pretio
1491 4362 1851 4444 cogitemus
1870 4407 1885 4436 ,
1928 4379 2047 4444 age
2086 4357 2421 4422 videamus
2458 4356 2613 4442 quid
2651 4355 2909 4422 tandem

529 4467 598 4532 τὸ
661 4465 1081 4545 αἰσχροκερδὲς
1131 4467 1249 4542 sit,
1300 4465 1466 4550 quod
1513 4469 1760 4530 notavit
1805 4463 2302 4549 Theophrastus.
2376 4461 2631 4529 Invenit
2677 4461 2913 4548 aliquis
