3192 5009
592 306 729 379 222
1352 328 1439 377 sn
1483 325 1833 379 msmomu
1881 324 2215 379 sonmom.

590 498 705 561 ὑπὸ
754 496 1117 572 Πεισάνδρου
1164 496 1218 559 εἴ
1264 492 1459 569 ἔδοξεν
1508 496 1712 577 αὐτῷ,
1763 495 1962 577 ὥσπερ
2010 496 2114 561 καὶ
2159 504 2282 569 τοῖς
2328 495 2543 567 ἄλλοις
2585 496 2966 577 προβούλοις,

591 612 987 675 καταστῆσαι
1029 602 1169 673 τοὺς
1208 607 1630 683 τετρακοσίους
1653 652 1670 682 ,
1713 604 1855 681 ἔφη.
1885 642 1970 653 -
1999 606 2106 681 „rl
2150 604 2247 683 33¹3
2291 608 2356 669 οὐ
2393 608 2618 685 πονηρά
2643 626 2734 669 σοι
2759 608 2966 667 ταῦτα

589 712 775 775 ἐδόκει
816 704 1052 787 εἷναι;”
1094 746 1179 757 -·
1222 708 1366 792 ἔφη.
1410 748 1497 758 -
1536 712 1788 787 »οὐκοῦν
1832 711 1908 773 σὺ
1948 716 2157 775 ταῦτα
2201 710 2476 791 ἔπραξας
2527 713 2614 775 τὰ
2659 710 2964 791 πονηρά;”

588 854 675 867 -
727 816 937 895 „voel”,
986 815 1145 893 ἔφη,
1198 818 1306 895 »οὐ
1354 819 1480 893 γὰρ
1530 810 1596 889 ἦν
1643 816 1950 892 βελτίω”.
2673 886 2678 894 ,

676 922 847 987 Nam
917 923 993 987 de
1054 930 1241 1008 poeta
1304 925 1546 1009 tragico
1609 923 1728 988 hoc
1788 922 1926 989 loco
1987 922 2402 989 Aristotelem
2456 922 2668 1009 loqui,
2717 928 2964 987 certum

586 1037 701 1095 est.
753 1028 825 1095 Si
870 1028 1074 1094 alium
1120 1030 1451 1094 hominem
1492 1036 1834 1114 spectasset
1878 1050 2070 1115 quam
2119 1028 2498 1116 Sophoclem
2535 1029 2725 1094 illum
2745 1078 2764 1106 ‚
2803 1032 2966 1093 inter

584 1157 803 1201 omnes
866 1146 1128 1213 notum,
1176 1138 1359 1199 cuius
1409 1133 1654 1199 dictum
1701 1146 1970 1199 acutum
2016 1135 2204 1200 modo
2248 1139 2384 1221 ipse
2427 1139 2500 1199 in
2546 1133 2670 1199 fine
2719 1154 2964 1220 praece-

585 1243 794 1307 dentis
854 1244 1079 1326 capitis
1124 1243 1469 1317 citaverat,
1517 1260 1642 1304 non
1687 1246 1784 1305 est
1825 1241 2097 1306 dubium
2144 1244 2299 1327 quin
2343 1240 2560 1326 aliqua
2611 1243 2860 1305 ratione
2903 1238 2961 1303 id

582 1348 976 1413 indicaturus
1034 1346 1279 1410 fuisset.
1353 1347 1441 1410 At
1509 1345 1790 1410 hominis
1856 1348 2106 1411 obscuri
2175 1346 2440 1411 verbula
2499 1354 2782 1412 aetatem
2843 1366 2960 1410 non

585 1460 765 1519 erant
826 1452 1036 1517 latura
1055 1499 1072 1529 ,
1118 1472 1321 1537 neque
1366 1450 1700 1516 Aristoteli
1746 1452 1943 1539 digna
1989 1459 2282 1537 poterant
2325 1452 2536 1517 videri
2582 1473 2743 1539 quae
2795 1452 2960 1517 affer-

578 1567 819 1625 rentur.
870 1557 1265 1643 Quapropter
1295 1562 1365 1622 in
1391 1578 1670 1623 errorem
1691 1560 1988 1625 incidisse
2009 1561 2283 1624 arbitror
2309 1558 2868 1625 wattenbachium
2897 1556 2958 1635 ¹),

581 1669 693 1752 qui
730 1664 1053 1730 contendit
1089 1686 1214 1729 non
1257 1674 1511 1749 poetam
1549 1663 1928 1750 Sophoclem
1970 1666 2080 1730 sed
2119 1666 2488 1728 Sostratidae
2527 1664 2740 1731 filium
2767 1665 2956 1729 fuisse

577 1774 746 1836 inter
811 1772 1179 1850 προβούλους
1202 1791 1219 1847 ;
1280 1770 1478 1835 simul
1535 1776 1752 1836 tamen
1811 1771 2096 1858 gaudeo,
2160 1770 2328 1856 quod
2373 1772 2550 1838 idem
2595 1774 2810 1859 igitur
2857 1769 2958 1835 So-

576 1876 835 1963 phocles
896 1879 965 1941 in
1027 1874 1246 1941 Sicilia
1306 1876 1492 1941 classi
1552 1878 1900 1962 praefuisse
1965 1884 2030 1943 et
2089 1883 2308 1963 postea
2368 1878 2638 1943 Athenis
2701 1875 2952 1965 probuli

576 2004 840 2049 munere
910 1980 1163 2046 functus
1231 2002 1364 2048 esse
1424 1982 1907 2049 wattenbachio
1969 1983 2228 2049 videtur
2252 1981 2308 2063 ¹)
2324 2005 2341 2062 ;
2406 2004 2558 2048 nam
2627 1984 2696 2049 id
2741 1987 2954 2069 ipsum

578 2111 699 2177 ego
742 2087 931 2153 modo
978 2088 1405 2155 demonstrare
1451 2089 1691 2154 studui.

666 2196 811 2261 Non
853 2196 1127 2261 reticebo
1175 2197 1442 2282 denique
1482 2216 1642 2281 quae
1689 2204 1846 2282 puto
1891 2200 2108 2260 contra
2144 2216 2356 2261 meam
2397 2197 2805 2282 opinionem,
2848 2200 2952 2259 aut

582 2304 639 2367 si
700 2304 845 2387 quis
892 2300 1143 2365 mavult
1188 2304 1614 2386 suspicionem
1631 2350 1646 2378 ,
1695 2302 1902 2367 afferri
1948 2321 2128 2387 posse
2173 2309 2576 2389 argumenta.
2624 2301 2807 2367 Inter
2851 2304 2952 2365 tri-

576 2411 759 2496 ginta
821 2410 992 2473 viros
1038 2409 1186 2472 anni
1234 2406 1364 2472 404
1411 2428 1447 2471 a
1492 2407 1911 2493 Xenophonte
1931 2408 1981 2487 ³)
2029 2416 2568 2474 commemoratur
2615 2408 2950 2494 Sophocles

575 2516 871 2602 quidam,
922 2535 1111 2599 quem
1157 2518 1364 2600 igitur
1408 2517 1606 2579 etiam
1651 2518 1820 2581 inter
1866 2515 2362 2603 quadringentos
2405 2519 2578 2580 viros
2623 2518 2775 2581 anni
2823 2514 2944 2579 411

576 2623 769 2688 fuisse
817 2641 1013 2705 paene
1058 2627 1305 2684 certum
1350 2631 1479 2698 est,
1529 2623 1782 2685 etiamsi
1820 2620 2010 2687 fidem
2049 2622 2322 2708 denegas
2361 2624 2574 2687 verbis
2617 2622 2854 2709 Lysiae
2879 2628 2944 2700 ⁴),

574 2730 845 2813 triginta
890 2729 1061 2790 viros
1104 2733 1361 2790 cunctos
1408 2734 1592 2791 antea
1641 2728 1835 2793 fuisse
1880 2732 1948 2793 in
1997 2728 2612 2815 quadringentorum
2659 2748 2945 2794 numero.

574 2830 697 2898 Sed
743 2830 908 2896 nihil
951 2832 1159 2896 obstat
1198 2834 1537 2916 quominus
1577 2854 1909 2898 sumamus
1954 2838 2277 2921 tragicum
2315 2843 2574 2921 poetam
2611 2856 2778 2899 anno
2823 2832 2945 2897 413

571 2938 915 3028 probulum
962 2938 1190 3014 fuisse,
1240 2937 1442 3003 alium
1492 2939 1776 3005 eiusdem
1825 2943 2100 3005 nominis
2147 2944 2364 3005 virum
2411 2942 2665 3005 biennio
2701 2948 2851 3026 post
2883 2941 2946 3003 in

573 3044 787 3114 CCCC
849 3048 1133 3109 virorum
1196 3053 1491 3109 senatum
1551 3052 1880 3130 receptum
1944 3068 2076 3111 esse
2141 3053 2207 3111 et
2251 3054 2398 3133 post
2443 3046 2598 3113 belli
2641 3046 2840 3112 finem
2883 3048 2946 3109 in

573 3156 841 3240 triginta
886 3154 1177 3217 virorum
1219 3149 1415 3215 fuisse
1462 3150 1730 3237 collegio
1755 3155 1828 3230 ⁵).

663 3258 939 3326 Gravius
1000 3256 1257 3320 videtur
1304 3267 1760 3344 argumentum
1807 3279 1884 3323 ex
1931 3258 2203 3325 silentio.
2272 3258 2442 3325 Nam
2489 3263 2547 3324 si
2593 3266 2780 3345 poeta
2831 3268 2944 3324 tra-

570 3366 757 3452 gicus
822 3362 1006 3427 classi
1077 3360 1325 3427 Siculae
1372 3362 1826 3447 aliquantisper
1869 3365 2180 3449 praefuit,
2231 3369 2341 3450 qui
2387 3366 2462 3429 fit
2507 3376 2580 3430 ut
2628 3387 2766 3431 rem
2813 3372 2940 3429 tam

568 3472 887 3557 insignem
950 3468 1181 3533 diserte
1242 3476 1696 3533 commemoret
1756 3490 1942 3535 nemo
1963 3520 1978 3547 ,
2047 3493 2215 3535 unus
2277 3473 2734 3557 Aristophanes
2808 3472 2939 3538 loco

570 3596 763 3663 quem
811 3577 1147 3661 tetigimus
1192 3576 1452 3638 innuere
1499 3572 1832 3639 videatur?
1871 3574 2054 3654 Quod
2093 3578 2502 3662 respondeam
2541 3600 2667 3644 non
2704 3579 2936 3653 habeo;

569 3702 691 3769 ego
753 3701 1001 3767 quoque
1048 3679 1167 3743 hoc
1214 3682 1427 3756 miror,
1478 3686 1542 3743 et
1586 3680 1705 3745 hac
1751 3682 1888 3766 ipsa
1935 3682 2011 3747 de
2057 3702 2246 3747 causa
2291 3692 2366 3748 ut
2416 3690 2620 3749 totam
2665 3684 2940 3771 disputa·

567 3792 809 3855 tionem
853 3789 921 3851 in
969 3786 1219 3850 scriniis
1265 3784 1468 3849 denuo
1515 3785 1958 3853 absconderem
1997 3787 2144 3873 plus
2185 3788 2386 3854 semel
2421 3790 2736 3855 adductus
2775 3812 2936 3855 sum.

637 4047 691 4109 1)
732 4046 801 4093 De
841 4038 1301 4104 Quadrinqentomn
1339 4040 1543 4091 Athenis
1562 4042 1794 4107 suctione
1825 4060 1870 4111 p.
1909 4044 1990 4095 22.

634 4128 691 4191 8)
732 4126 863 4175 [dem
899 4122 1169 4187 nupia-tur
1201 4122 1394 4171 Schultz
1426 4122 1477 4173 in
1510 4122 1612 4173 vita
1647 4126 1892 4190 Sophoclis
1927 4142 1974 4193 p.
2010 4128 2092 4178 4⁹.

636 4208 690 4271 8)
724 4204 959 4257 Hellenie.
996 4202 1049 4253 11
1088 4205 1120 4253 8
1154 4202 1243 4265 §2-

630 4294 688 4355 4)
724 4292 919 4354 Agunt.
954 4284 1075 4349 55⁹4.

631 4376 685 4435 Β)
724 4374 832 4423 Non
868 4383 1016 4420 uuum
1051 4366 1343 4431 eundemque
1377 4364 1535 4419 virum
1572 4368 1630 4419 ab
1671 4370 1934 4423 Aristotele
1970 4378 2110 4439 atque
2142 4392 2172 4426 ι
2205 4374 2520 4444 Xenophonte
2553 4378 2764 4445 spectari
2797 4380 2936 4430 etiam

560 4456 833 4511 Schultzim
866 4452 919 4502 in
954 4450 1055 4501 vita
1086 4448 1334 4517 Sophoclis
1366 4466 1413 4515 p.
1448 4453 1512 4502 4⁹
1548 4452 1734 4503 statuit.
