3192 5009
524 361 527 364 ·
569 343 700 409 316
1085 361 1732 412 oBsnBvAmmoumn
1779 364 1865 411 nn
1908 365 2059 412 mm:
2106 365 2385 413 nomo.

561 531 727 594 iecta
785 530 941 594 certi
1000 527 1382 592 condictioni
1439 531 1668 594 incerti
1731 529 2193 596 condictionem
2255 529 2684 597 adiunxerant
2702 577 2717 606 ‚
2766 529 2947 614 quod

563 637 843 699 maxime
887 633 1297 699 confirmatur
1339 633 1383 698 l.
1429 634 1511 699 12
1551 633 1629 699 D.
1672 633 1779 701 46.
1808 635 1869 701 2.
1920 635 2257 721 Quumque
2295 635 2398 700 illi
2438 635 2750 701 condictio
2781 637 2949 699 certi

561 762 636 806 ea
681 743 764 804 sit
803 742 966 804 actio
1014 761 1139 825 qua
1183 743 1453 825 pecunia
1499 746 1669 806 certa
1716 745 1851 827 peti
1896 741 2154 820 debeat,
2220 741 2321 806 his
2367 762 2517 806 vero
2562 744 2762 818 actio,
2810 763 2949 825 qua

561 850 624 914 et
684 849 984 933 pecuniae
1045 848 1109 910 et
1154 868 1252 913 res
1299 852 1597 932 petantur
1641 847 1993 934 corporales
2014 897 2029 926 ,
2076 850 2378 914 interesse
2427 847 2613 913 debet
2657 849 2820 913 int-er
2860 845 2955 911 il-

555 953 686 1019 lius
731 954 1108 1018 triticariam
1154 959 1218 1018 et
1261 953 1496 1018 horum
1542 956 1769 1019 incerti
1806 953 2290 1020 condictionem.
2341 953 2674 1018 Triticaria
2709 975 2949 1038 nempe

554 1057 666 1124 ille
729 1059 792 1122 et
854 1079 954 1123 res
1015 1056 1289 1123 condicit
1337 1059 1401 1122 et
1444 1061 1588 1123 iura
1606 1107 1621 1135 ,
1670 1061 1898 1124 incerti
1948 1059 2019 1123 hi
2066 1063 2209 1125 iura
2256 1065 2513 1123 tantum
2541 1055 2615 1139 ¹).
2686 1058 2825 1123 Hac
2866 1061 2953 1121 ni

553 1163 741 1229 fallor
800 1162 1202 1229 distinctione
1266 1185 1426 1249 opus
1489 1168 1619 1240 est,
1686 1170 1762 1227 ut
1808 1164 2254 1252 intelligamus
2276 1214 2292 1242 ‚
2342 1185 2466 1250 quo
2513 1173 2697 1250 pacto
2745 1165 2949 1230 modo

554 1293 942 1337 concurrere.
959 1271 1297 1336 videantur
1332 1271 1520 1337 modo
1560 1271 1910 1357 discrepare
1952 1276 2109 1338 certi
2150 1273 2460 1339 condictio
2502 1281 2567 1338 et
2604 1276 2945 1350 triticaria,

549 1380 710 1444 item
772 1379 1080 1443 triticaria
1126 1385 1192 1443 et
1235 1380 1462 1443 incerti
1506 1377 1838 1443 condictio.
1888 1379 2040 1444 Illas
2090 1382 2264 1445 enim
2310 1401 2682 1445 concurrere
2728 1383 2799 1446 in
2846 1401 2953 1446 re-

551 1486 672 1551 bus
731 1485 1160 1570 corporalibus
1223 1481 1520 1550 Cuiacius
1547 1481 1620 1564 ⁹),
1688 1484 1801 1551 has
1868 1505 2016 1551 vero
2073 1489 2142 1551 in
2205 1487 2391 1552 rebus
2438 1485 2948 1570 incorporalibus

551 1591 842 1678 Savigny
870 1590 918 1672 ³)
957 1590 1204 1676 pridem
1241 1589 1477 1654 docuit.
1528 1588 1653 1655 Sed
1691 1597 1915 1656 neuter
1952 1591 2270 1657 intellexit
2309 1591 2531 1657 fucum
2570 1592 2693 1657 sibi
2732 1591 2949 1657 facere

549 1695 1079 1782 interpolatorum
1139 1695 1372 1780 duplex
1434 1716 1661 1782 genus.
1726 1696 1951 1763 Simile
2012 1719 2215 1785 nuper
2277 1697 2475 1763 Lenel
2539 1719 2763 1783 passus
2814 1706 2945 1763 est.

549 1802 723 1868 Dum
773 1805 1087 1888 sapienter
1131 1804 1416 1867 restituit
1463 1803 1841 1867 Praetorum
1904 1803 2109 1868 edicta
2126 1852 2142 1881 ‚
2210 1806 2366 1869 certi
2428 1803 2903 1869 condictionem
2926 1853 2944 1881 ,

549 1929 674 1995 qua
733 1909 808 1974 de
871 1911 1091 1994 agitur
1151 1907 1196 1972 1.
1249 1905 1288 1973 9
1337 1907 1414 1972 D.
1471 1908 1665 1986 12.1,
1723 1912 2041 1975 actionem
2088 1910 2210 1974 sibi
2257 1916 2463 1975 certae
2511 1897 2784 1976 creditae
2836 1933 2951 1996 pe-

549 2017 771 2080 cuniae
835 2013 1039 2080 videri
1094 2035 1264 2090 esse,
1314 2017 1405 2078 ait
1433 2017 1506 2095 ⁸),
1555 2019 1779 2099 postea
1823 2015 2335 2102 Palingenesiam
2383 2015 2749 2094 absolvens,
2800 2020 2947 2082 iam

547 2122 672 2185 sibi
738 2122 948 2207 magis
1018 2120 1263 2205 placere
1331 2118 1684 2205 Ulpianum
1757 2143 1877 2184 non
1939 2124 2013 2185 de
2071 2121 2203 2186 sola
2263 2129 2456 2186 certae
2486 2123 2785 2204 pecuniae
2832 2125 2952 2187 sed

541 2227 905 2308 qenerabiter
963 2228 1036 2290 de
1097 2226 1244 2289 certi
1291 2225 1660 2290 condictione
1708 2249 1881 2307 aqere
1907 2225 1977 2306 ⁵),
2027 2248 2229 2312 neque
2277 2227 2404 2292 huc
2449 2227 2605 2292 illuc
2652 2228 2947 2292 animad-

465 2405 470 2410 ,
546 2336 743 2399 vertit
811 2353 848 2397 a
919 2333 1184 2398 diversis
1241 2330 1774 2416 interpolatorum
1833 2333 2035 2398 veluti
2102 2336 2289 2398 sectis
2346 2335 2483 2418 rapi
2529 2353 2684 2398 sese.
2749 2331 2947 2412 Quod

545 2460 670 2504 non
731 2438 872 2503 ideo
937 2439 1075 2503 dico
1094 2486 1109 2515 ‚
1177 2444 1250 2502 ut
1323 2437 1669 2503 detrectem
1738 2438 1813 2504 de
1884 2441 2045 2503 tanti
2110 2441 2237 2504 viri
2298 2437 2594 2504 laudibus
2612 2487 2629 2516 ,
2694 2440 2945 2524 quibus

546 2545 840 2610 adderem
908 2547 962 2608 si
1025 2543 1179 2628 quid
1225 2564 1476 2629 possem
1493 2592 1509 2621 ‚
1559 2543 1663 2609 sed
1716 2565 1795 2610 ne
1841 2566 2020 2611 meae
2065 2543 2751 2611 commentatiunculae
2800 2545 2945 2612 tale

547 2651 711 2717 desit
757 2649 1239 2716 adminiculum.

676 2833 946 2883 Scribebam
982 2833 1191 2883 Traiecti
1225 2835 1284 2883 ad
1320 2833 1541 2884 Rhenum
1576 2849 1735 2884 mense
1768 2833 1927 2900 Aprili
1967 2833 2111 2884 1892.

612 3099 661 3161 1)
695 3098 961 3163 Singularis
995 3106 1062 3148 eet
1100 3099 1225 3149 ratio
1259 3099 1291 3149 l.
1328 3101 1394 3148 40
1429 3102 1493 3162 §¹
1537 3101 1595 3150 D.
1640 3101 1788 3160 12.s;
1827 3101 1861 3152 l.
1900 3101 1963 3150 12
1999 3101 2071 3163 §2
2112 3103 2164 3152 D.
2205 3101 2361 3158 13.1;
2398 3100 2429 3150 1.
2468 3101 2533 3148 60
2574 3101 2627 3149 D.
2666 3101 2755 3159 3ος
2794 3101 2831 3150 l.
2874 3105 2939 3153 19

541 3181 616 3242 §2
653 3183 712 3232 D.
747 3183 930 3232 48.26.
981 3182 1088 3232 vid.
1123 3197 1268 3247 supra
1301 3199 1347 3247 p.
1391 3183 1482 3231 103
1515 3183 1568 3244 (1.
1607 3183 1671 3232 60
1704 3183 1825 3244 cit.),
1875 3201 1918 3248 p.
1957 3184 2051 3232 104
2084 3183 2137 3246 (l.
2178 3183 2237 3232 19
2274 3183 2347 3244 §2
2380 3182 2506 3241 cim,
2543 3199 2590 3248 p.
2628 3177 2733 3233 1⁹5·
2760 3183 2821 3249 (1.
2874 3187 2937 3236 1⁹

540 3263 616 3324 §2
647 3263 764 3326 cit),
798 3280 828 3329 p
889 3264 978 3313 19⁰
1014 3263 1064 3325 (l.
1100 3265 1166 3313 40
1203 3265 1264 3326 §l
1307 3263 1426 3326 cit).

608 3346 659 3404 2)
693 3347 766 3394 Ad
803 3345 1014 3395 African.
1050 3346 1081 3397 1.
1117 3347 1182 3396 23
1221 3347 1277 3396 D.
1318 3347 1393 3395 12.
1421 3348 1461 3395 l.

609 3429 663 3491 3)
698 3431 883 3490 Syetm
923 3429 969 3475 V
1010 3445 1056 3493 p.
1095 3429 1206 3476 628.

607 3513 664 3576 4)
699 3513 802 3560 Das
833 3511 876 3560 Ε
927 3511 981 3560 P.
1019 3525 1066 3574 p.
1105 3511 1215 3559 185.

609 3595 657 3656 5)
693 3594 878 3658 Paling.
915 3594 966 3642 11
1007 3608 1052 3658 p.
1092 3593 1235 3643 569⁸.
