3192 5009
598 223 731 289 250
1364 242 1448 289 1111
1492 243 1644 289 nnus
1689 242 2141 291 onmm'rmvm.

595 428 731 472 esse
778 406 1014 473 diceret
1059 405 1631 491 (quemadmodum
1677 408 1962 473 fecerunt
2008 427 2064 471 a.
2117 404 2200 471 55
2249 405 2342 470 M.
2385 404 2544 472 Cato
2583 408 2882 491 privatus
2921 410 2980 469 et
3107 396 3109 401 ’

596 534 651 579 a.
717 511 804 577 44
874 514 1190 598 Asprenas
1251 513 1396 577 trib.
1463 511 1573 598 pl„
1639 534 1813 597 supr.
1878 533 2026 599 pag.
2077 511 2163 577 98
2191 534 2282 598 sq.
2351 513 2470 578 sub
2525 511 2640 576 12⁰
2691 518 2758 577 et
2811 510 2976 591 14⁰);

592 642 744 685 nam
791 625 1055 705 apparet
1100 618 1385 685 Sestium
1426 620 1851 704 postulavisse
1891 626 1966 683 ut
2004 618 2228 684 consul
2267 622 2404 685 eius
2429 619 2978 684 obnuntiationcm

596 747 709 813 pro
754 732 991 807 eoqente
1034 727 1346 811 acciperet
1392 732 1457 791 et
1504 729 1728 790 statim
1775 726 2022 790 dimitti
2065 725 2316 791 iuberet
2365 727 2630 790 comitia
2647 773 2664 803 ,
2725 732 2795 789 et
2839 745 2980 789 cum

596 832 820 898 consul
865 853 982 896 suo
1028 834 1169 896 iure
1214 831 1577 917 repudiaret
1627 833 2183 897 obnuntiationem
2207 881 2224 909 ,
2278 837 2544 897 conatus
2594 838 2692 897 est
2741 834 2810 895 vi
2857 852 2983 916 pen
3109 820 3111 855 ¹

596 941 778 1023 sequi
837 940 939 1003 ius
1001 940 1398 1023 (spectionis)
1466 939 1639 1023 quod
1687 944 1905 1003 contra
1951 936 2169 1025 legem
2217 934 2536 1003 Clodiam·
2564 937 2690 1001 sibi
2737 956 2982 1022 arroga-

595 1050 795 1110 verat.
861 1044 1091 1129 Pugna
1136 1046 1291 1137 satis
1338 1047 1501 1109 acris
1547 1050 1688 1109 orta
1737 1050 1835 1110 est
1851 1066 1868 1123 3
1918 1048 1996 1108 ut
2042 1042 2263 1111 Cicero
2313 1044 2491 1111 dicit.
2517 1049 2692 1129 (post
2743 1042 2873 1107 red.
2919 1046 2981 1107 in

598 1152 743 1218 Sen.
795 1149 855 1215 3.
888 1146 983 1231 7):
1038 1152 1322 1227 „summi
1370 1152 1498 1215 viri
1537 1157 1602 1215 et
1641 1149 1982 1215 clarissimi
2025 1150 2305 1215 consulis
2341 1148 2622 1229 (Metelli
2641 1198 2657 1227 ,
2705 1149 2819 1213 cfr.
2860 1147 2982 1233 §5)

594 1259 794 1323 fasces
854 1257 1073 1334 fracti,
1136 1255 1473 1321 fortissimi
1533 1264 1724 1342 atque
1787 1260 2017 1343 optimi
2079 1256 2324 1322 tribuni
2369 1255 2459 1341 pl.
2508 1258 2978 1321 sanctissimum

596 1384 823 1449 corpus
872 1411 886 1426 .
916 1410 931 1425 .
963 1412 977 1426 .
1026 1360 1441 1426 vulneratum
1502 1362 1667 1428 ferro
1733 1361 2287 1447 confectumque’'.
2348 1360 2473 1427 Sed
2523 1363 2784 1427 etiamsi
2831 1361 2982 1426 forte

598 1469 795 1556 (quod
852 1470 1253 1555 ignoramus)
1314 1472 1565 1554 rogatio
1630 1468 1876 1555 perlata
1939 1491 2058 1531 non
2106 1474 2204 1534 est
2253 1474 2318 1533 et
2363 1470 2628 1533 comitia
2675 1466 2982 1553 impedita

598 1582 781 1654 sunt,
832 1580 1049 1640 tamen
1094 1595 1219 1639 non
1263 1574 1413 1640 licet
1458 1575 1527 1639 id
1571 1575 1807 1641 referre
1854 1574 1934 1639 ad
1981 1575 2488 1639 obnumiabionm
2509 1622 2525 1651 ‚
2573 1574 2685 1639 sed
2725 1574 2984 1639 reseren-

598 1683 756 1748 dum
804 1688 901 1745 est
948 1680 1027 1745 ad
1073 1683 1211 1745 vim
1250 1702 1447 1766 quam
1486 1681 1781 1746 adhibuit
1817 1680 2100 1757 Sestius,
2145 1700 2271 1765 qua
2316 1683 2648 1767 superavit
2687 1677 2982 1746 Clodium

600 1792 710 1876 qui
782 1785 1030 1852 consuli
1098 1786 1339 1852 auxilio
1410 1788 1724 1853 veniebat.
1799 1786 1942 1852 Hoc
2011 1786 2256 1851 factum
2317 1808 2443 1852 non
2507 1792 2720 1871 potest
2788 1784 2982 1851 afferri

598 1903 933 1979 tamquam
995 1899 1455 1979 argumentum
1518 1914 1645 1978 quo
1709 1894 2030 1979 probetur,
2097 1893 2374 1957 tribunis
2435 1891 2522 1978 pl.
2575 1912 2650 1957 eo
2699 1898 2980 1977 tempore

599 2001 677 2066 de
738 1998 908 2065 66610
970 2020 1220 2064 servare
1281 1998 1538 2064 licuisse
1602 2021 1754 2064 cum
1813 1998 1990 2086 leges
2039 1998 2376 2076 ferrentur,
2427 1997 2535 2063 vel
2580 2018 2617 2062 a
2666 2017 2976 2084 quoquam

598 2109 720 2173 1106
776 2109 867 2171 616
933 2111 1077 2169 tum
1138 2126 1509 2173 concessum
1558 2106 1756 2171 fuisse
1773 2126 1789 2183 ;
1840 2107 2119 2170 narratio
2169 2102 2492 2171 Ciceronis
2537 2108 2842 2189 quamvis
2888 2102 2981 2166 ob-

598 2233 783 2279 scura
844 2214 931 2275 sit
993 2210 1115 2275 1106
1166 2232 1369 2274 unum
1420 2216 1638 2275 tamen
1685 2210 1853 2276 clare
1899 2209 2212 2289 ostendit,
2261 2209 2610 2275 Metellum
2659 2209 2978 2275 consulem

598 2316 1008 2401 repudiaviese
1070 2316 1621 2382 obnuntiationem
1685 2316 1880 2381 Sestii
1897 2366 1912 2394 ,
1980 2337 2256 2402 eumque
2320 2317 2629 2397 neyavime
2685 2320 2980 2401 cuiquam

599 2448 672 2492 60
712 2424 814 2489 (116
855 2423 932 2488 (16
971 2422 1142 2487 66610
1182 2443 1433 2488 servare
1469 2422 1679 2489 licere.
1725 2460 1810 2471 -
1851 2423 2186 2490 Praeterea
2230 2443 2381 2487 vero
2427 2423 2584 2488 11666
2624 2422 2730 2489 lex
2772 2420 2982 2490 Clodia

599 2551 851 2615 semper
912 2532 1166 2593 servata
1225 2534 1356 2606 est,
1406 2550 1609 2614 neque
1656 2550 1970 2615 umquam
2019 2528 2248 2594 accidit
2293 2536 2370 2594 ut
2419 2531 2768 2615 quisquam
2815 2548 2984 2593 cona-

598 2643 777 2704 retur
837 2656 980 2701 eam
1042 2634 1401 2722 neglegere.
1451 2636 1632 2716 Quod
1681 2635 1902 2703 Oicero
1952 2636 2152 2715 dixit,
2203 2638 2368 2722 App.
2425 2634 2778 2725 Claudium
2823 2655 2982 2721 prae-

598 2754 808 2811 torem
854 2762 999 2807 66111
1044 2740 1492 2828 neglecturum
1539 2743 1735 2807 fuisse
1784 2764 1839 2807 a.
1893 2740 1999 2819 57,
2051 2763 2155 2807 eas
2203 2762 2415 2807 meras
2455 2740 2816 2807 calumnias
2857 2759 2980 2806 esse

600 2870 794 2935 supra
830 2850 1057 2913 monui
1096 2853 1270 2932 (pag.
1305 2846 1435 2913 235
1462 2854 1604 2933 sq.).
1655 2847 1764 2912 Ius
1802 2847 1879 2913 de
1917 2848 2091 2913 66610
2132 2848 2428 2913 servandi
2467 2869 2620 2913 cum
2659 2847 2836 2935 leges
2870 2846 2969 2911 fer·

600 2962 841 3032 rentur,
906 2953 1075 3039 quod
1120 2956 1318 3018 etiam
1363 2975 1418 3019 6.
1470 2952 1557 3018 59
1605 2960 1822 3019 contra
1867 2951 2202 3020 Caesarem
2251 2953 2522 3019 Bibulus
2540 3002 2576 3030 ,‚
2609 2960 2830 3019 contra
2873 2950 2978 3015 Va-

599 3066 838 3128 tinium
878 3067 1125 3145 septem
1167 3061 1411 3125 tribuni
1446 3065 1582 3124 tam
1620 3060 1875 3145 profuse
1911 3060 2332 3125 adhibuerant
2350 3109 2366 3137 ,
2409 3067 2758 3145 postquam
2795 3055 2983 3125 semel

601 3190 657 3234 a.
702 3167 787 3233 58
832 3167 978 3253 1636
1030 3163 1254 3232 Clodia
1300 3164 1627 3231 sublatum
1677 3172 1809 3243 est,
1861 3172 2110 3251 praeter
2158 3164 2444 3231 Sestium
2491 3166 2716 3231 nullus
2761 3166 2980 3252 magis-

601 3282 811 3340 tratus
882 3273 1005 3337 sibi
1074 3274 1419 3358 arrogavit.
1484 3271 1629 3337 Hoc
1687 3275 1986 3357 inprimis
2049 3278 2312 3356 apparet
2377 3293 2456 3338 ex
2521 3274 2614 3337 eis
2681 3270 2980 3355 exemplis

602 3399 764 3465 quae
826 3398 1021 3462 supra
1080 3376 1273 3441 attuli
1335 3380 1506 3464 (pag.
1560 3376 1646 3442 98
1672 3399 1763 3462 sq.
1815 3376 1933 3442 sub
1989 3376 2102 3441 12⁰
2153 3384 2218 3441 et
2270 3376 2431 3458 140),
2482 3379 2594 3443 ubi
2640 3382 2839 3443 etiam
2881 3378 2980 3439 tri-

600 3488 805 3552 bunos
864 3482 1069 3569 plebis
1086 3530 1103 3559 ,
1168 3503 1321 3546 cum
1380 3503 1631 3547 moram
1690 3505 1768 3548 ex
1833 3484 2134 3568 auspiciis
2181 3482 2399 3548 afferre
2447 3482 2654 3548 velint
2701 3484 2979 3571 legibus,

600 3591 898 3656 videmus
960 3610 1027 3654 se
1073 3592 1514 3653 convertentes
1564 3590 1644 3653 ad
1693 3588 1962 3655 alteram
2009 3588 2194 3653 illam
2242 3590 2802 3655 obnuntiationem
2844 3596 2982 3669 (non

602 3701 965 3784 cogentem)
1000 3694 1415 3777 privatorum,
1466 3700 1532 3761 et
1576 3694 1738 3759 inter
1784 3696 2025 3759 comitia
2065 3696 2152 3774 (ἐν
2195 3706 2270 3774 τῇ
2313 3696 2684 3777 χειροτονίᾳ)
2723 3697 2982 3762 616111611-

604 3812 699 3869 tes
746 3825 810 3868 se
858 3801 1103 3866 fulmen
1144 3800 1409 3865 fortuito
1456 3802 1857 3879 observasse,
1887 3804 2052 3885 ‚quia
2091 3822 2216 3866 non
2253 3809 2548 3887 poterant
2588 3825 2660 3864 ex
2697 3802 2980 3885 spectione

604 3910 1003 3974 obnuntiare.
1054 3906 1145 3970 Hi
1193 3907 1437 3971 tribuni
1474 3909 1701 3993 igitur,
1745 3912 2059 3992 quatenus
2099 3910 2385 3992 auspicia
2407 3910 2568 3990 ficta
2591 3909 2976 3981 nuntiabant,

604 4014 916 4079 faciebant
963 4012 1132 4098 quod
1182 4014 1474 4077 omnium
1520 4014 1802 4077 maxime
1849 4013 2344 4098 improbandum
2382 4019 2550 4077 erat:
2603 4016 2978 4079 ementie-

606 4121 913 4186 bantur
974 4121 1396 4205 auspicia‚
1448 4118 1577 4182 vid.
1631 4139 1804 4203 supr.
1855 4140 2002 4205 pag.
2058 4118 2185 4184 109
2239 4120 2382 4183 adn.
2433 4118 2497 4183 2.
2550 4121 2792 4197 Antea,
2841 4138 2974 4184 cum

607 4247 732 4290 non
793 4225 1185 4310 distinguere
1248 4222 1521 4289 solerent
1582 4227 1710 4289 viri
1758 4224 1927 4289 docti
1973 4227 2142 4289 inter
2190 4224 2748 4290 obnuntiationem
2781 4224 2980 4307 priva-

608 4340 797 4396 torum
842 4335 907 4395 et
953 4330 1404 4410 myistratuum
1421 4380 1438 4408 ,
1488 4329 1720 4395 accidit
1764 4336 1840 4393 ut
1885 4352 1960 4395 ea
1998 4333 2138 4415 ipsa
2177 4329 2470 4415 exempla
2505 4328 2874 4397 afferrentur
2909 4326 2980 4393 ad
