3192 5009
590 212 720 279 146
1587 233 1940 282 Romnum.

581 397 899 484 prolatam
928 396 977 480 ¹)
1040 403 1259 484 postea
1320 398 1517 465 multi
1581 402 1710 466 viri
1771 399 1944 468 docti
2003 405 2342 466 suaserunt
2364 399 2440 482 ⁸),
2489 421 2678 467 nemo
2724 403 2988 466 maiore

584 503 868 571 sollertia
912 505 1322 591 comprobare
1374 505 1628 572 studuit
1673 527 1871 593 quam
1918 507 2020 575 W.
2069 526 2196 574 von
2237 507 2548 573 HAnmL:
2591 529 2734 574 eam
2771 506 2990 572 fuisse

584 610 903 698 digammi
960 610 1242 677 indolem
1303 619 1379 676 ut
1438 616 1506 677 in
1567 613 1792 680 eodem
1853 614 2166 680 vocabulo
2225 616 2414 681 modo
2476 635 2786 681 consonae
2837 615 2990 678 vice

584 718 961 806 fungeretur
1020 719 1211 784 modo
1274 719 1517 785 vocalis
1579 720 1760 785 fieret
1803 720 1910 786 vel
1956 723 2154 786 etiam
2199 743 2313 807 pro
2358 721 2563 786 nihilo
2607 722 2988 787 haberetur.

578 824 894 890 Prisciani
961 830 1180 890 autem
1202 875 1219 904 ,
1302 829 1414 912 qui
1480 825 1745 892 fortasse
1814 827 2249 912 decipiebatur
2318 827 2634 893 librorum
2703 847 2990 893 suorum

584 935 764 998 vitiis
791 930 864 1013 ³),
908 932 1028 998 hac
1070 935 1141 1000 in
1187 953 1254 998 re
1300 931 1482 998 nulla
1526 939 1626 998 est
1671 935 2014 998 auctoritas
2032 955 2047 1012 ;
2081 929 2232 1000 'rem
2280 955 2428 1000 vero
2473 937 2684 1020 ipsam
2728 936 2785 998 81
2835 953 2992 997 con-

582 1039 936 1104 sideramus
953 1087 971 1116 ,
1036 1059 1185 1104 vero
1244 1038 1757 1104 dissimillimum
1819 1039 2093 1118 videtur,
2141 1061 2373 1104 sonum
2421 1038 2701 1126 aliquem
2717 1088 2735 1116 ,
2786 1040 2989 1103 cuius

582 1150 763 1211 tanta
804 1148 874 1210 in
921 1145 1313 1211 carminibus
1362 1147 1557 1231 epicis
1607 1148 1692 1210 sit
1738 1147 1838 1211 vis
1884 1152 1962 1210 ut
2005 1146 2086 1210 ad
2135 1145 2458 1234 syllabam
2499 1143 2992 1231 producendam

582 1250 809 1316 multis
846 1251 1000 1317 locis
1036 1250 1210 1316 solus
1256 1250 1531 1318 sufficiat
1548 1300 1564 1330 ‚
1619 1251 1773 1317 alibi
1821 1251 2188 1338 frequenter
2235 1273 2371 1318 esse
2418 1252 2790 1338 neglectum
2841 1253 2988 1315 sinc

584 1357 719 1424 ulla
764 1360 1135 1424 necessitate
1183 1359 1468 1423 metrica.
1516 1356 1687 1423 Nam
1735 1364 1871 1424 toto
1922 1357 2095 1424 coelo
2145 1359 2341 1424 distat
2387 1365 2676 1444 correpta
2721 1357 2989 1446 syllaba

586 1492 749 1556 quae
818 1493 1043 1537 vocem
1121 1455 1419 1544 Ζάκυνθος
1494 1473 1848 1559 praecedit,
1924 1473 2031 1539 vel
2099 1473 2346 1560 syllaba
2413 1477 2625 1560 prima
2692 1475 2987 1538 nominis

588 1575 957 1656 Ἀφροδίτη,
1007 1597 1046 1642 a
1089 1578 1380 1643 versibus
1426 1578 1644 1664 quales
1691 1579 1900 1644 forent
1947 1581 2011 1644 ἐὺ
2060 1579 2110 1643 δ’
2159 1578 2382 1644 ποίκαδ’
2434 1579 2668 1643 ἱκέσθαι
2707 1583 2778 1644 et
2809 1576 2984 1648 ὅστις

588 1683 757 1747 σέθεν
827 1684 1030 1748 ἀντίον
1094 1683 1285 1767 rein-p.
1352 1684 1427 1748 In
1488 1684 1774 1750 Hartelii
1837 1689 2220 1751 sententiam
2279 1685 2550 1750 libenter
2608 1687 2858 1749 iremus
2927 1684 2987 1746 81

588 1789 963 1854 huiusmodi
1028 1789 1287 1856 licentia
1354 1795 1624 1858 metrica
1688 1813 1830 1858 raro
1902 1791 2478 1877 deprehenderetur
2546 1813 2662 1858 nec
2723 1793 2856 1856 nisi
2913 1791 2986 1854 111

585 1899 805 1982 paucis
868 1898 1251 1983 quibusdam
1311 1899 1640 1964 vocabulis
1703 1905 1768 1964 et
1828 1906 2088 1986 propter
2148 1905 2352 1964 certas
2415 1898 2664 1985 aliquas
2711 1915 2980 1972 causas;

586 2001 874 2088 duplices
920 2003 1152 2069 talium
1197 2005 1663 2070 vocabulorum
1710 2006 1958 2071 formas*
1995 2008 2282 2071 extitisse
2331 2011 2485 2070 tunc
2532 2004 2944 2070 crederemus
2961 2049 2979 2078 ‚

586 2131 861 2196 quarum
924 2109 1123 2176 altera
1182 2133 1403 2176 veram
1466 2133 1808 2178 consonam
1853 2115 1922 2176 in
1969 2111 2180 2178 fronte
2226 2112 2525 2178 habuerit
2543 2161 2560 2190 ‚
2609 2110 2816 2176 altera
2861 2113 2983 2174 aut

585 2215 836 2281 nullam
898 2222 1012 2281 aut
1072 2217 1372 2282 umbram
1432 2217 1717 2304 aliquam
1772 2239 2078 2284 consonae
2097 2266 2114 2296 ‚
2174 2239 2335 2304 quae
2381 2221 2495 2284 vix
2541 2220 2981 2304 perciperetur

586 2344 790 2408 neque
858 2323 1133 2389 afficeret
1200 2346 1509 2390 versuum
1576 2346 1900 2390 numeros.
1973 2323 2074 2389 Ita
2143 2326 2200 2389 si
2259 2346 2325 2390 se
2386 2324 2646 2390 haberet
2705 2344 2806 2388 res
2825 2371 2843 2400 ‚
2910 2320 2981 2386 id

585 2449 796 2492 unum
862 2435 1149 2494 maneret
1214 2432 1534 2495 incertum
1594 2437 1821 2496 utrum
1883 2430 2239 2495 omittenda
2298 2435 2466 2495 esset
2523 2427 2638 2493 illa
2701 2447 2980 2494 consona

583 2533 739 2599 locis
798 2535 913 2598 ubi
976 2533 1157 2599 nulla
1218 2538 1356 2612 eius
1420 2539 1520 2601 vis
1566 2543 1830 2622 apparet
1846 2584 1863 2614 ‚
1912 2557 1993 2602 an
2039 2535 2241 2601 oculis
2289 2540 2506 2600 tamen
2553 2539 2720 2600 esset
2767 2541 2982 2599 osten-

587 2638 810 2704 denda.
859 2640 948 2704 At
992 2662 1118 2705 non
1164 2641 1317 2707 haec
1365 2648 1462 2707 est
1506 2645 1891 2728 quaestionis
1930 2643 2249 2721 condicio;
2292 2662 2445 2706 nam
2481 2639 2672 2705 modo
2712 2640 2791 2706 ab
2831 2639 2977 2716 hoc,

586 2747 777 2812 modo
842 2746 919 2810 ab
962 2745 1075 2811 illo
1122 2731 1433 2813 vocabulo
1479 2747 1824 2814 Homerico
1873 2749 2206 2834 digamma
2252 2748 2431 2813 abest
2447 2796 2464 2826 ‚
2513 2767 2718 2832 neque
2763 2748 2836 2809 111
2886 2766 2981 2809 1-0-

549 2915 553 2919 .
586 2852 974 2918 centioribus
1038 2857 1292 2917 tantum
1352 2851 1507 2918 locis
1554 2854 1665 2919 sed
1711 2856 1781 2918 in
1818 2857 2265 2940 antiquissima
2311 2874 2562 2940 quaque
2599 2851 2819 2916 Hiadis
2867 2849 2979 2932 vel

586 2957 909 3044 Odysseae
932 2963 1110 3043 parte
1134 2959 1237 3023 hic
1260 2958 1396 3023 11110
1420 2959 1811 3047 neglegitur,
1845 2960 2018 3039 Quae
2043 2981 2194 3025 cum
2216 2966 2591 3046 reputamus
2606 3007 2624 3035 ‚
2647 2955 2978 3044 intellegi—

586 3087 735 3131 mus
753 3113 769 3142 ,
810 3065 984 3130 locos
1021 3064 1400 3133 Homericos
1418 3115 1435 3144 ,
1476 3067 1591 3131 ubi
1629 3067 1898 3133 initialis
1937 3087 2205 3133 consona
2229 3070 2545 3132 rariorum
2569 3063 2976 3151 quarundam

586 3193 825 3237 vocum
867 3179 1076 3236 metro
1122 3167 1389 3260 cogente
1436 3173 1827 3260 neglegitur,
1876 3195 2003 3238 non
2049 3194 2232 3259 posse
2278 3175 2432 3238 satis
2481 3176 2626 3257 apte
2673 3171 2981 3256 componi

588 3298 738 3342 cum
778 3277 1067 3342 versibus
1114 3278 1225 3342 ubi
1269 3278 1595 3343 intercidit
1643 3285 1756 3344 aut
1802 3317 1888 3328 —
1935 3283 1992 3344 si
2037 3282 2180 3364 quis
2217 3281 2313 3343 ita
2351 3278 2534 3364 loqui
2579 3275 2833 3342 mavult
2885 3311 2978 3324 -

588 3403 701 3468 pro
762 3381 963 3446 nihilo
1008 3383 1279 3448 habetur
1326 3384 1657 3471 digamma
1703 3384 2002 3450 vocabuli
2049 3383 2240 3458 πίναξ
2285 3382 2393 3448 vel
2437 3384 2832 3470 pronominis
2879 3379 2978 3453 τός

586 3487 1027 3574 similiumque
1095 3509 1331 3556 vocum
1349 3539 1365 3568 ,
1436 3496 1698 3556 centum
1767 3489 1912 3556 aliis
1985 3490 2138 3556 locis
2205 3488 2569 3555 Homericis
2637 3487 2978 3575 digamma

584 3594 981 3659 habentium.

656 3779 706 3838 1)
750 3777 979 3826 Priscian.
1030 3778 1057 3825 1
1104 3795 1150 3842 p.
1186 3779 1278 3826 22:
1332 3777 1597 3842 udigamma
1632 3778 1800 3828 Aeolon
1837 3783 1909 3828 001.
1941 3779 2130 3843 quando
2163 3778 2214 3828 111
2251 3776 2421 3828 metris
2455 3791 2546 3843 pro
2581 3773 2736 3824 nihilo
2769 3774 2977 3840 accipie·

592 3859 758 3916 ..baum
797 3862 852 3908 ut
884 3857 1051 3920 ὔμμες
1084 3856 1129 3907 δ’
1150 3857 1381 3920 neptium,
1416 3861 1477 3908 τὸ
1514 3857 1569 3908 δὲ
1605 3861 1769 3923 τὰρῼ)
1800 3858 1914 3908 θέτο
1950 3865 2099 3920 μῶσα
2133 3861 2318 3923 λιγεῒα.
2355 3859 2443 3908 Est
2475 3857 2604 3906 0111111
2639 3857 2978 3906 hexametrum

589 3940 915 3992 „heroicum”
943 3969 1010 3979 —
1039 3940 1273 3991 Prisciani
1299 3941 1432 3992 locus
1458 3943 1537 3992 hic
1568 3944 1824 3993 admodum
1855 3941 2178 3992 memorabilis
2205 3957 2234 3992 0
2261 3941 2481 3991 Bentleio
2501 3939 2714 3989 Dawesio
2735 3938 2976 4002 Knightio

586 4026 677 4072 etc.
710 4023 885 4073 allatus
919 4027 1005 4073 cat.

656 4105 713 4168 2)
750 4105 885 4155 Inter
916 4105 1036 4154 01100
1073 4107 1357 4157 Βικπιῐσε
1389 4107 1490 4172 ipsc
1519 4107 1589 4170 (Α
1608 4107 1672 4157 19
1708 4105 1983 4166 -Dwoikad,
2004 4111 2058 4156 ut
2075 4105 2260 4170 anglice
2277 4103 2510 4171 DmW),
2529 4098 2734 4165 Hm
2757 4106 2976 4182 Kmonff

586 4189 637 4254 (0
671 4203 717 4251 g.
766 4187 933 4236 0449
980 4187 1189 4245 ποίησαν
1238 4187 1479 4252 rivaus-1),
1520 4191 1654 4239 Kmn
1686 4189 1738 4238 in
1774 4191 1952 4239 Dawes.
1993 4189 2226 4238 11100011·
2265 4204 2313 4254 p.
2351 4189 2475 4247 1993
2517 4187 2614 4238 vid.
2647 4187 2796 4238 etiam
2832 4188 2977 4238 Hur-

586 4283 738 4322 mum
782 4269 841 4318 ad
885 4269 933 4318 h.
972 4270 1090 4319 Ven.
1126 4271 1207 4330 86,
1244 4272 1541 4321 Hortum«
1582 4273 1771 4326 Quane.
1813 4270 1957 4323 Hom.
1994 4271 2050 4321 11
2083 4287 2131 4338 p.
2171 4271 2236 4320 09
2271 4275 2322 4320 et
2361 4271 2472 4322 182.

656 4353 711 4418 8)
748 4351 857 4404 Vid.
893 4353 1046 4402 Gmsn
1080 4353 1210 4403 Aeol.
1245 4355 1380 4404 Dial.
1414 4371 1465 4421 p.
1500 4355 1612 4404 184.
