3192 5009
1228 267 1576 316 nummos.
2460 249 2586 314 151

272 433 547 500 credidisse
591 453 780 499 nemo
826 438 1053 520 negat3
1102 431 1378 498 habebat
1423 439 1644 499 autem
1689 433 1828 498 eius
1873 433 2102 521 lingua
2147 453 2375 498 sonum
2437 455 2556 496 vau
2573 482 2589 512 ‚

272 545 412 629 signo
452 563 477 604 r
514 540 801 605 homines
844 543 913 604 in
958 539 1227 604 Boeotia
1273 542 1413 605 eius
1459 544 1666 605 aetate
1713 545 1780 605 et
1819 541 1932 604 diu
1971 545 2190 624 postea
2226 539 2591 618 utebantur,

268 651 437 734 ipsum
489 669 607 712 non
668 646 1027 734 neglexisse
1088 646 1250 712 hanc
1310 665 1655 711 consonam
1714 649 1969 711 numeri
2033 649 2172 711 eius
2232 649 2593 711 carminum

267 753 642 820 demonstrant
690 791 777 802 --
826 759 890 818 et
928 759 1147 818 tamen
1184 751 1441 817 nullum
1477 755 1545 816 in
1583 752 1848 816 Pindari
1893 751 2216 818 codicibus
2263 752 2594 838 digamma

268 865 403 926 extat
429 858 487 941 ¹).
534 861 819 946 Apparet
860 861 1069 946 igitur
1113 880 1151 924 a
1196 859 1475 924 librariis
1522 861 1726 923 serius
1776 861 1954 924 ocius
1997 880 2134 924 esse
2177 862 2493 924 omissum
2519 858 2591 940 ⁹).

332 965 607 1032 Pauciora
650 966 763 1031 sed
808 987 935 1030 non
981 968 1200 1030 minus
1244 971 1433 1030 certa·
1461 971 1845 1052 argumenta
1888 965 2194 1051 praebent
2233 965 2594 1031 comoediae

266 1073 653 1159 Aristophanis
669 1121 686 1151 ‚
760 1075 874 1158 qui
946 1093 1430 1158 nonnumquam
1499 1073 1795 1137 homines
1855 1071 2350 1158 Peloponnesios
2409 1074 2596 1138 suam

266 1181 503 1264 ipserum
544 1178 841 1266 linguam
884 1178 1217 1264 loquentes
1264 1180 1334 1243 in
1382 1199 1636 1244 scenam
1682 1179 1959 1243 induxit.
2008 1175 2284 1266 Lysistr.
2337 1177 2502 1244 156:

568 1285 597 1350 ὅ
645 1290 769 1362 γῶν
818 1282 1140 1355 Μενέλαος
1186 1287 1305 1354 ταῖς
1356 1282 1619 1354 Ἑλένας
1673 1284 1757 1349 τὰ
1808 1281 1995 1361 μᾶλά
2045 1307 2138 1368 πᾳ

574 1395 825 1470 γυμνᾶς
872 1390 1183 1470 παραϊδὼν
1231 1387 1515 1468 ἐξέβαλ’,
1562 1391 1661 1455 οἰῶ
1687 1437 1704 1468 ,
1753 1392 1823 1455 τὸ
1869 1387 2074 1471 ξίφος.

339 1496 476 1562 Ibid.
522 1495 731 1564 1096:

1259 1602 1357 1668 va)
1405 1606 1487 1669 τὼ
1538 1603 1646 1668 σιὼ
2047 1683 2053 1692 .

574 1715 785 1793 παντᾷ
834 1730 962 1786 γα·
1010 1710 1160 1788 Φέρε
1208 1707 1279 1772 τὸ
1328 1707 1491 1782 ἔσθος
1542 1709 2009 1788 ἀμβαλώμεθα.

279 1813 683 1881 Dubitamusne
748 1817 903 1901 quin
952 1814 1286 1896 παρανιδὼν
1335 1820 1402 1880 et
1447 1816 1640 1887 εέσθος
1689 1819 1759 1880 in
1805 1819 1938 1881 suis
1982 1815 2415 1903 pugillaribus
2459 1836 2600 1881 exa-

276 1924 461 1986 raverit
500 1922 953 2009 Aristophanes
971 1970 987 1999 ,
1036 1925 1104 1986 in
1152 1925 1361 2009 prima
1393 1923 1648 1989 fabulae
1688 1923 1963 1988 editione
2003 1924 2373 2009 scripserint
2409 1921 2600 1988 libra-

274 2029 357 2104 rii,
392 2031 451 2092 in
494 2050 674 2094 scena
719 2028 953 2093 dixerit
996 2031 1137 2114 ipsa
1197 2027 1595 2116 Lysistrata?
1657 2030 1964 2094 Attamen
2024 2028 2332 2107 παραϊδὼν
2398 2035 2464 2094 et
2525 2029 2596 2092 τὸ

268 2129 393 2204 ἔσθος
432 2140 522 2200 est
560 2137 629 2198 in
674 2137 911 2199 nostris
954 2134 1297 2200 codicibus.

333 2239 627 2306 Alcmanis
672 2240 1113 2327 fragmentum
1157 2243 1227 2305 in
1273 2263 1519 2329 papyro
1573 2243 2018 2308 vetustissimo
2081 2247 2406 2327 repertum
2469 2261 2597 2306 uno

268 2343 371 2410 loco
428 2347 677 2413 exhibet
747 2348 1077 2435 digamma
1139 2348 1505 2429 (πάνακται),
1569 2347 1864 2434 pluribus
1926 2350 2206 2414 omittit:
2271 2333 2412 2433 quis
2471 2369 2598 2412 non

270 2451 535 2541 intellegit
578 2457 804 2541 magni
848 2454 1169 2542 naufragii
1214 2455 1385 2520 hunc
1428 2457 1696 2520 unicum
1749 2461 1979 2521 testem
2027 2475 2177 2521 casu
2224 2451 2594 2539 superesse?

336 2559 688 2645 Epicharmo
768 2560 1099 2648 digamma
1164 2561 1265 2626 bis
1334 2568 1631 2647 ereptum
1700 2567 1798 2626 est
1860 2565 1930 2626 in
1999 2560 2212 2627 codice
2282 2561 2594 2626 Athenaei

268 2671 333 2749 (p.
376 2665 491 2733 338
517 2668 615 2748 d):
683 2665 920 2734 Πέλοπι
975 2667 1173 2747 ἔρανον
1223 2668 1431 2733 ἑστιῶν
1479 2674 1544 2732 et
1590 2669 1766 2732 ἀλλὰ
1816 2665 2017 2748 ἔρανόν
2067 2691 2156 2732 τοι
2206 2667 2410 2746 λέγω,
2460 2667 2596 2732 red-

268 2771 389 2837 didit
427 2777 481 2838 ei
520 2773 821 2839 Meineke
840 2823 857 2853 ‚
898 2776 989 2838 sic
1028 2780 1313 2839 metrum
1350 2776 1692 2860 ipsumque
1732 2779 1956 2860 poetae
1984 2775 2205 2839 iocum
2227 2776 2590 2838 restituens.

332 2879 555 2966 Sappho
600 2880 679 2945 fr.
729 2881 771 2944 2
819 2881 1056 2945 dixisse
1104 2880 1307 2946 fertur
1353 2881 1529 2945 ἀλλὰ
1577 2881 1712 2955 κὰμ
1758 2881 1876 2955 μὲν
1922 2886 2189 2959 γλῶσσα
2236 2877 2428 2957 ἔαγε,
2485 2879 2594 2944 sed

264 3003 441 3051 verum
494 3008 627 3052 esse
691 2986 951 3064 vexare
1000 2985 1167 3050 vidit
1215 2983 1463 3062 Ocnum
1512 3007 1642 3050 non
1663 2987 1946 3072 fractam
1993 2985 2110 3048 sibi
2158 3007 2280 3048 esse
2325 2985 2592 3066 linquam

266 3089 381 3156 dicit
438 3096 709 3179 poetria,
784 3092 894 3158 sed
962 3093 1343 3175 obtorpuisse.
1424 3091 1757 3171 Quomodo
1827 3097 2047 3158 autem
2117 3100 2284 3156 ΠΕΠ
2299 3099 2451 3155 ΑΓΕ
2523 3093 2593 3155 in
2703 3098 2714 3112 ”

265 3204 526 3266 ΡΕῬΛΓΕ
582 3200 812 3266 abierit
858 3220 1045 3264 nemo
1090 3220 1215 3264 non
1260 3197 1621 3285 intellegit;
1673 3197 1782 3264 sed
1829 3201 1952 3263 nisi
1999 3197 2392 3263 scribebatur
2439 3204 2592 3263 tunc

264 3309 516 3390 temporis
573 3307 905 3391 digamma
964 3307 1033 3369 in
1079 3303 1374 3391 Sapphus
1422 3305 1752 3390 operibus,
1800 3307 1973 3369 nasci
2020 3306 2131 3370 vix
2177 3309 2426 3391 poterat
2471 3304 2593 3370 hoc

266 3411 457 3476 vitium
534 3463 548 3477 .

330 3409 697 3584 Huissmodi
734 3517 925 3604 plura
962 3538 1111 3582 cum
1146 3519 1391 3603 possint
1422 3517 1739 3582 cumulari
1757 3566 1774 3595 ,
1798 3537 2005 3582 unum
2028 3515 2243 3582 locum
2267 3521 2594 3603 praeterea

264 3621 523 3690 addidisse
582 3627 737 3690 satis
798 3625 1127 3689 habemus.
1193 3623 1540 3690 Pausanias
1585 3621 1645 3686 V
1691 3622 1777 3688 24
1826 3622 1928 3710 §3
1991 3629 2205 3689 narrat
2251 3622 2590 3712 Olympiae

264 3735 433 3796 extare
485 3731 657 3798 Iovis
720 3735 1003 3797 statuam
1060 3751 1099 3796 a
1142 3729 1662 3796 Lacedaemoniis
1710 3729 2065 3795 dedicatam
2114 3734 2179 3795 et
2225 3730 2346 3795 hoc
2394 3729 2590 3796 titulo

265 3835 615 3924 inscriptam:

314 4069 353 4130 1)
384 4071 435 4120 Iu
465 4072 671 4122 vocalem
706 4077 867 4122 tamen
904 4075 1143 4122 mutatum
1176 4073 1392 4136 superest
1427 4069 1478 4119 in
1514 4085 1628 4119 voce
1662 4067 1834 4118 αὒάτα
1867 4069 2013 4133 Pyth.
2051 4069 2106 4118 11
2141 4069 2222 4118 28.

312 4151 359 4214 8)
386 4153 481 4203 vid.
517 4155 687 4205 Bnex
720 4157 858 4205 Poet.
894 4156 1004 4219 Lyr.
1046 4154 1099 4204 1·
1138 4169 1184 4219 p.
1222 4153 1305 4212 82,
1344 4153 1748 4202 Kanna-Busa
1778 4152 2015 4218 amflhrl.
2051 4151 2350 4201 Gramtik
2381 4151 2436 4201 1⁸
2458 4168 2506 4218 p.
2527 4153 2591 4202 32

268 4233 305 4278 et
330 4231 398 4292 7⁹,
414 4235 455 4285 1.

320 4315 359 4374 ³)
396 4318 706 4369 Acuti-simam
743 4320 864 4369 hanc
897 4319 1273 4370 observationem
1308 4319 1489 4384 collega
1523 4317 1938 4368 aestimatiuimus
1973 4317 2154 4368 Nun
2191 4333 2278 4385 pro
2311 4332 2395 4366 sua
2429 4316 2593 4368 huma·

276 4391 390 4446 nitate
417 4413 583 4452 necem
617 4401 999 4453 communicavit.
