3192 5009
575 230 658 300 76
1366 252 1449 298 1111
1493 252 1645 299 mun
1692 250 2142 299 onmmmnm.

571 422 684 482 aut
730 416 1160 502 promovenda
1204 415 1542 481 commoda
1580 418 1863 502 partium
1902 415 2346 502 politicarum,
2387 418 2623 502 partim
2664 437 2815 480 vero
2854 418 2952 479 ita

570 529 646 587 ut
690 544 763 587 eo
811 522 991 587 abuti
1036 522 1519 608 prohiberentur
1565 525 1627 587 ei
1673 525 1783 607 qui
1829 524 1987 607 ipsi,
2028 522 2321 607 perducti
2359 520 2641 587 consiliis
2679 524 2950 606 privatis

571 633 684 694 aut
727 631 1011 714 partium
1030 677 1046 706 ,
1096 633 1334 693 temere
1381 628 1761 714 impedituri
1808 633 2017 694 essent
2062 630 2339 694 actiones
2385 627 2671 715 publicas
2719 626 2949 713 populi

569 740 683 800 aut
747 734 954 819 plebis
1016 756 1178 819 quae
1241 736 1493 800 civitati
1553 737 1939 801 necessariae
2000 740 2229 801 essent.
2302 734 2526 820 Itaque
2572 755 2722 800 cum
2767 733 2951 820 leges

567 840 777 907 multa
836 840 1145 905 inferrent
1206 842 1273 904 in
1329 841 1490 905 hanc
1539 842 2091 906 obnuntiationem
2108 890 2124 918 ,
2175 861 2336 927 quae
2382 862 2509 905 non
2554 861 2592 905 a
2637 839 2952 927 religione

567 947 677 1013 sed
738 947 815 1012 ab
875 946 1158 1011 utilitate
1222 946 1611 1032 reipublicae
1673 947 2191 1033 deposcebantur,
2238 948 2307 1012 id
2351 950 2568 1034 ipsum
2612 950 2745 1011 iam
2790 948 2956 1012 anti-

567 1056 786 1139 quitus
832 1053 1077 1117 factum
1125 1057 1222 1117 est
1265 1055 1334 1117 in
1379 1052 1498 1117 hac
1543 1058 1760 1138 parte,
1809 1052 1979 1139 quod
2023 1054 2093 1118 in
2135 1054 2613 1118 obnuntiatione
2650 1056 2955 1119 universa

570 1158 648 1222 ab
709 1160 896 1223 initio
944 1155 1224 1223 valuisse
1272 1179 1463 1245 supra
1511 1160 1746 1245 negavi
1790 1158 2131 1225 (Μ11011100.
2182 1157 2399 1223 XVIII
2447 1180 2595 1246 pag.
2646 1158 2827 1241 438),
2873 1164 2956 1223 ut

568 1264 972 1329 obnuntiatio
1031 1263 1211 1329 fieret
1255 1268 1359 1328 ius
1406 1264 1667 1349 aliquod
1714 1265 2004 1340 vetandi,
2056 1265 2228 1349 quod
2274 1267 2543 1330 minime
2590 1264 2956 1331 cohaereret

569 1391 720 1436 cum
765 1391 915 1435 vera
961 1369 1270 1457 religione
1319 1392 1352 1435 e
1401 1391 1527 1456 qua
1571 1369 1930 1456 profectum
1978 1378 2175 1449 esset,
2226 1377 2289 1437 et
2334 1374 2762 1437 contineretur
2816 1376 2958 1436 tan-

568 1484 714 1541 tum
784 1476 1112 1541 vocabulis
1182 1475 1261 1540 ad
1329 1475 1713 1562 religionem
1768 1477 2254 1562 pertinentibus.
2320 1476 2391 1541 Si
2452 1498 2577 1563 qua
2635 1477 2959 1562 superfuit

568 1582 795 1669 religio
864 1585 934 1646 in
1000 1582 1118 1647 hac
1186 1586 1366 1667 parte
1431 1583 1935 1647 obnuntiationis
1953 1632 1970 1660 ,
2034 1582 2255 1648 eadem
2314 1583 2469 1648 haec
2529 1589 2663 1647 erat
2722 1581 2959 1668 religio

570 1710 732 1773 quae
797 1708 1020 1776 cogere
1085 1688 1338 1753 deberet
1399 1686 1720 1753 Romanos
1782 1688 2115 1754 observare
2181 1710 2399 1754 omnes
2426 1688 2621 1775 leges
2665 1687 2961 1774 publicas

569 1797 894 1879 auspicato
959 1795 1176 1859 factas.
1239 1792 1481 1859 Eadem
1539 1798 1703 1859 ratio
1770 1800 1991 1859 autem
2050 1815 2209 1880 quae
2270 1794 2446 1881 leges
2491 1797 2659 1880 ipsas
2705 1794 2959 1859 sinebat

569 1908 634 1966 et
695 1901 960 1987 cogebat
1019 1902 1236 1964 minus
1279 1899 1577 1987 religiose
1629 1906 1897 1966 tractare
1945 1902 2064 1966 hoc
2110 1904 2215 1965 ius
2232 1948 2249 1978 ‚
2299 1904 2496 1966 etiam
2543 1901 2831 1966 effecerat
2876 1906 2959 1965 ut

565 2009 782 2092 ipsum
842 2009 946 2069 ius
992 2006 1410 2071 obnuntiandi
1455 2009 1522 2071 in
1567 2006 1687 2071 hac
1733 2013 1914 2093 parte
1960 2007 2090 2072 fere
2136 2007 2214 2071 ab
2257 2009 2447 2072 initio
2493 2008 2737 2073 factum
2784 2012 2954 2071 esset

568 2114 1074 2177 instrumentum
1143 2114 1429 2198 partium
1487 2111 1931 2197 politicarum;
1996 2112 2134 2177 fieri
2193 2115 2306 2176 vix
2350 2119 2560 2199 potest
2606 2120 2681 2177 ut
2728 2116 2787 2177 ei
2834 2114 2951 2197 qui

565 2218 684 2283 hoc
746 2221 849 2283 ius
909 2218 1214 2283 haberent
1274 2238 1585 2302 umquam
1646 2218 1713 2282 id
1775 2218 2179 2284 adhibuerint
2225 2221 2389 2283 moti
2436 2219 2571 2284 sola
2615 2217 2953 2284 voluntate

566 2326 809 2389 sincera
875 2322 1342 2409 cognoscendae
1411 2325 1647 2388 mentis
1709 2322 1975 2389 deorum
2038 2330 2226 2410 (quae
2290 2322 2589 2389 voluntas
2652 2323 2791 2389 sola
2852 2330 2953 2389 est

565 2432 800 2516 pignus
868 2430 1160 2493 veritatis
1222 2430 1703 2514 auspiciorum),
1769 2432 1921 2514 quia
1967 2432 2124 2494 satis
2169 2430 2500 2494 constabat
2547 2451 2624 2495 ex
2667 2429 2828 2516 lege·
2858 2432 2953 2493 in-

565 2538 889 2621 auspicato
955 2534 1157 2611 facta,
1231 2538 1286 2599 si
1355 2540 1683 2619 praeterea
1751 2535 1917 2599 bona
1986 2540 2150 2600 esset
2168 2584 2183 2613 ,
2252 2535 2359 2600 vel
2420 2557 2498 2600 ex
2559 2539 2949 2623 magistratu

563 2647 780 2707 contra
848 2643 1130 2727 auspicia
1199 2648 1408 2705 creato
1427 2688 1443 2719 ‚
1516 2663 1645 2706 non
1713 2641 2079 2727 impendere
2139 2640 2524 2727 reipublicae
2584 2641 2949 2728 periculum

564 2747 760 2813 cladis
805 2749 1068 2825 atrocis,
1116 2752 1192 2810 ut
1229 2768 1308 2811 ex
1344 2747 1584 2831 proelio
1628 2750 2025 2831 inauspicato
2064 2750 2226 2812 inito
2264 2753 2376 2811 aut
2414 2768 2491 2811 ex
2533 2747 2691 2812 duce
2728 2754 2952 2813 contra

563 2855 845 2939 auspicia
891 2853 971 2918 ad
1015 2852 1262 2918 bellum
1309 2852 1627 2937 profecto;
1678 2874 1828 2917 cum
1875 2874 2025 2918 vero
2074 2856 2144 2917 in
2191 2853 2485 2918 omnibus
2532 2859 2643 2938 qui
2685 2854 2803 2918 hoc
2843 2855 2949 2918 ius

561 2959 876 3024 habebant
921 2959 1264 3024 vehemens
1311 2980 1445 3024 esse
1484 2964 1698 3044 posset
1737 2958 2038 3024 voluntas
2079 2957 2469 3045 impediendi
2506 2981 2586 3024 ex
2626 2959 2767 3024 aliis
2808 2980 2953 3024 con-

562 3066 726 3130 siliis
788 3071 1079 3152 suscepta
1098 3114 1113 3142 ,
1177 3064 1314 3129 fieri
1376 3086 1501 3129 non
1565 3071 1818 3149 poterat
1882 3067 2037 3150 quin
2083 3068 2307 3150 utique
2354 3064 2746 3152 praevaleret
2789 3066 2949 3131 haec

562 3170 896 3248 voluntas,
964 3192 1157 3256 quam
1219 3170 1444 3236 tollere
1507 3174 1851 3236 veritatem
1898 3172 2333 3256 auspiciorum
2378 3175 2697 3237 novimus.
2761 3172 2949 3237 Hanc

564 3277 643 3341 ob
702 3297 991 3353 causam,
1059 3276 1228 3362 quod
1291 3279 1625 3363 proprium
1673 3277 1901 3342 habuit
1947 3278 2113 3342 ratio
2160 3276 2576 3342 obnuntiandi
2625 3280 2909 3342 comitiis
2932 3328 2949 3354 ,

563 3403 690 3447 non
737 3381 1152 3468 repetendum
1201 3387 1296 3446 est
1343 3404 1419 3447 ex
1467 3385 1801 3469 impietate
1850 3382 2065 3468 aliqua
2112 3382 2411 3448 Romanis
2448 3386 2666 3449 innata
2705 3389 2770 3448 et
2808 3405 2955 3469 pro-

560 3490 702 3573 pria
747 3524 832 3535 —-
882 3508 1032 3551 nam
1077 3491 1145 3551 in
1193 3486 1438 3572 reliqua
1488 3489 1972 3555 obnuntiatione
2020 3489 2230 3555 eidem
2276 3511 2387 3574 per
2436 3488 2645 3553 multa
2700 3488 2952 3555 saecula

561 3597 698 3679 pios
760 3600 824 3659 et
885 3593 1228 3679 diligentes
1275 3614 1341 3658 se
1387 3594 1820 3679 praebuerunt
1868 3634 1951 3643 —
1998 3596 2108 3661 sed
2156 3595 2637 3660 attribuendum
2683 3601 2781 3660 est
2826 3598 2951 3660 sin-

561 3701 776 3787 gulari
836 3703 1070 3765 rationi
1127 3700 1358 3765 harum
1421 3703 1749 3766 actionum
1812 3702 2224 3787 popularium
2243 3751 2259 3779 ,
2309 3722 2469 3787 quae
2514 3705 2654 3789 ipsa
2698 3706 2950 3768 animos

559 3828 856 3894 cogere
875 3812 904 3870 t
950 3807 1236 3871 aberrare
1285 3807 1363 3871 ab
1411 3806 1724 3893 religione
1773 3808 1851 3871 ad
1891 3828 2112 3873 curam
2149 3808 2457 3873 utilitatis
2497 3807 2791 3894 publicae
2834 3816 2949 3874 aut

560 3916 849 3999 privatae
898 3917 1011 3976 aut
1057 3915 1362 3997 partium.

647 4019 770 4083 Res
840 4024 1058 4083 autem
1076 4067 1092 4095 ,
1165 4019 1398 4103 quibus
1468 4021 1631 4084 ratio
1707 4020 2123 4084 obnuntiandi
2183 4022 2465 4085 comitiis
2530 4020 2806 4087 differret
2868 4020 2946 4086 ab

556 4127 854 4190 universa
901 4123 1398 4201 obnuntiatione,
1448 4126 1728 4209 quinque
1774 4126 1904 4190 iere
1949 4125 2236 4201 fuerunt3
2286 4126 2517 4190 harum
2566 4128 2775 4211 prima
2820 4148 2949 4193 cer-

553 4235 732 4295 nitur
790 4232 857 4294 in
917 4232 1002 4294 vi
1067 4236 1146 4295 et
1209 4232 1941 4315 interpretatione
2004 4234 2620 4316 auspiciorum;
2672 4234 2947 4299 secunda

557 4340 626 4407 in
686 4336 1348 4422 magistratibus
1411 4335 1643 4427 quibus
1686 4338 1755 4400 in
1798 4336 1917 4401 hac
1965 4342 2143 4421 parte
2191 4357 2483 4411 concessa
2528 4344 2663 4403 erat
2708 4344 2944 4432 spectio
