3192 5009
1353 344 1689 395 nonnus.
2618 324 2706 393 29

607 511 890 599 Ipsum
932 531 1053 577 me
1099 509 1402 577 melior
1447 530 1629 575 cum
1672 513 1994 595 peteret
2040 508 2346 588 Venus,

609 623 850 708 grata
896 618 1275 684 detinuit
1317 616 1709 703 compede
1757 614 2133 703 Myrtale

608 724 1058 803 libertina,
1107 723 1366 789 fretis
1410 724 1689 789 acrior
1731 721 2101 787 Hadriae

609 833 1047 899 curvantis
1095 826 1498 896 Calabros
1543 830 1801 895 sinus.

337 936 520 1005 Hanc
563 935 992 1025 Myrtalen
1035 956 1149 1001 cur
1193 934 1444 1000 credam
1488 954 1625 999 esse
1668 934 1937 1021 Lyces
1984 936 2431 1021 cognominem
2478 952 2707 1001 causae

336 1064 444 1109 me
487 1043 810 1109 adducunt
853 1043 992 1108 hae.
1040 1042 1340 1106 Primum
1381 1043 1677 1107 convenit
1720 1049 1893 1107 aetas
1904 1059 1922 1117 ;
1972 1061 2127 1106 nam
2164 1046 2421 1127 propter
2461 1038 2707 1105 Tibulli

332 1156 624 1235 tempora
682 1150 802 1215 oda
857 1148 938 1215 ad
995 1146 1260 1213 Albium
1287 1144 1339 1228 ¹)
1400 1148 1513 1211 vix
1573 1152 1788 1232 potest
1833 1167 1969 1213 esse
2016 1149 2251 1231 scripta
2296 1151 2442 1212 ante
2488 1167 2545 1212 a.
2594 1144 2705 1215 25.

332 1255 649 1341 Loquitur
707 1262 927 1321 autem
973 1254 1047 1320 de
1093 1251 1378 1340 Myrtale
1425 1260 1501 1317 ut
1546 1252 1623 1317 de
1670 1255 1875 1319 amica
1919 1274 2087 1319 nunc
2134 1253 2391 1339 quidem
2438 1255 2671 1319 amissa
2690 1298 2709 1331 ‚

331 1360 442 1426 sed
499 1362 684 1429 cuius
742 1342 956 1429 recens
1016 1357 1224 1427 adhuc
1283 1361 1500 1445 imago
1560 1361 1766 1425 menti
1813 1358 2137 1425 inhaereat
2152 1407 2170 1437 ,
2222 1359 2390 1445 quod
2437 1359 2708 1444 quadrat

330 1468 401 1533 in
461 1466 515 1531 L
531 1488 626 1554 yc
641 1488 676 1533 e
690 1490 735 1531 n
795 1471 1080 1533 amatam
1138 1467 1566 1551 quinquennio
1628 1469 1793 1530 ante.
1857 1463 2027 1529 Tum
2073 1467 2407 1551 utriusque
2454 1464 2705 1551 puellae

332 1576 572 1639 mentio
617 1574 932 1639 eiusmodi
978 1580 1074 1638 est
1091 1620 1109 1650 ,
1150 1579 1226 1637 ut
1263 1572 1382 1637 sub
1420 1573 1558 1637 eius
1593 1573 1865 1657 imperio
1907 1592 2033 1637 non
2071 1572 2276 1637 obiter
2312 1571 2422 1637 sed
2459 1571 2705 1638 diutius

333 1680 527 1745 fuisse
595 1686 850 1767 poetam
919 1682 1249 1765 appareat,
1322 1699 1515 1764 quem
1583 1684 2041 1764 surpuerat
2107 1679 2230 1744 sibi
2294 1678 2447 1759 (VIl
2499 1677 2560 1743 3.
2587 1679 2703 1761 20)

333 1785 815 1872 detinueratque
852 1804 1244 1871 quamquam
1281 1783 1582 1850 melior
1619 1783 1891 1849 Venus
1930 1806 2083 1849 eum
2112 1790 2375 1869 peteret.
2414 1784 2703 1871 Denique

329 1891 573 1957 indoles
616 1890 940 1979 Myr-telae
985 1894 1052 1956 in
1097 1894 1467 1968 iuventute,
1516 1890 1765 1956 fretis
1810 1893 2083 1957 acrior
2124 1890 2528 1969 Hadriae,
2566 1894 2701 1957 iam

333 1996 481 2063 talis
509 2006 663 2073 erat,
690 2004 764 2063 ut
788 1996 1188 2084 portenderet
1207 1995 1653 2083 impudentem
1674 1996 1963 2063 vetulam
1986 1999 2365 2085 castig-atam
2385 2000 2455 2062 in
2476 1995 2565 2063 IV
2594 1996 2699 2063 13.

422 2102 708 2169 Eandem
755 2110 974 2169 autem
1019 2101 1358 2168 mulierem
1407 2104 1600 2168 tertio
1645 2104 1845 2168 etiam
1889 2102 2199 2169 vocabulo
2241 2104 2517 2169 inditam
2564 2124 2703 2169 esse

329 2215 490 2294 puto
534 2211 604 2275 in
646 2208 847 2295 Epod.
902 2208 1005 2286 14,
1052 2211 1164 2294 qui
1209 2230 1360 2273 cum
1405 2229 1534 2273 non
1580 2207 1790 2273 multo
1837 2215 1981 2275 ante
2032 2208 2279 2275 editum
2325 2209 2699 2295 Epodorum

326 2314 620 2382 libellum
639 2364 656 2395 ,
703 2314 883 2381 brevi
926 2320 1072 2400 post
1116 2334 1172 2379 a.
1215 2313 1322 2392 31,
1361 2316 1635 2400 scriptus
1672 2334 1808 2380 esse
1846 2316 2077 2379 merito
2100 2315 2412 2393 credatur,
2453 2316 2507 2380 P
2524 2316 2569 2383 h
2582 2337 2615 2381 r
2628 2337 2700 2403 y-

328 2442 470 2487 nes
525 2420 661 2489 illic
719 2424 1082 2487 nominatae
1145 2440 1325 2487 amor
1383 2419 1612 2485 incidit
1656 2441 1915 2507 prorsus
1960 2424 2029 2487 in
2074 2426 2349 2487 aetatem
2392 2420 2699 2509 Myrta-

329 2526 456 2593 lae
471 2547 489 2606 ;
554 2548 667 2593 nec
729 2527 966 2605 defuit,
1031 2529 1275 2612 opinor,
1339 2532 1562 2613 poetae
1624 2533 1795 2593 certa
1840 2548 2029 2593 causa
2046 2576 2063 2605 ,
2111 2528 2290 2594 nobis
2336 2528 2693 2607 recondita,

328 2654 445 2699 cur
503 2654 580 2699 ex
642 2634 936 2701 omnibus
984 2636 1206 2699 amicis
1250 2635 1410 2703 hanc
1457 2654 1653 2699 unam
1698 2636 1969 2720 utroque
2012 2633 2149 2702 loco
2196 2633 2254 2715 (I
2301 2632 2408 2700 33.
2441 2633 2544 2713 15,
2592 2656 2695 2722 ep.

333 2737 578 2820 14.15)
644 2738 1142 2805 libertinam
1209 2738 1592 2827 appeUaret‚
1657 2760 1735 2805 ex
1781 2760 1855 2805 ea
1901 2740 2097 2807 classe
2142 2740 2563 2819 feminarum,
2612 2741 2699 2807 de·

327 2866 454 2933 qua
509 2846 895 2935 praedicavit
940 2849 1008 2912 in
1054 2845 1120 2913 S.
1176 2843 1439 2913 1.2.47
1489 2849 1766 2913 tutior
1810 2854 1891 2912 at
1939 2853 2247 2933 quanto
2293 2869 2520 2915 merx
2566 2853 2693 2913 est

323 2952 410 3017 in
454 2950 722 3017 classe
761 2951 1127 3018 secunda
1163 2951 1791 3017 libertinarum.
1831 2951 1976 3018 Non
2001 2953 2271 3039 denique
2294 2954 2693 3021 disconvenit

323 3058 397 3123 in
439 3056 754 3143 Myr-tales
796 3057 1076 3123 indolem
1120 3078 1312 3143 supra
1357 3056 1742 3143 descriptam
1782 3064 1847 3125 et
1886 3062 2041 3125 satis
2081 3066 2445 3145 protervam
2465 3109 2483 3139 ,
2526 3058 2695 3147 quod

324 3162 584 3249 Phryne
628 3184 772 3228 nec
818 3183 976 3229 uno
1023 3170 1424 3229 contenta
1471 3164 1859 3251 perhibetur.

419 3266 545 3335 Sed
587 3271 772 3335 iuvat
815 3269 932 3335 hoc
977 3268 1115 3336 loco
1161 3272 1379 3355 paucis
1427 3270 1749 3357 disputare
1797 3292 1947 3337 cum
1993 3271 2069 3337 de
2115 3271 2234 3338 hoc
2271 3272 2471 3358 epodo
2488 3320 2507 3351 ‚
2546 3278 2693 3340 tum

323 3374 403 3440 de
447 3380 582 3441 toto
628 3375 975 3462 epodorum
1017 3375 1256 3443 libello.
1307 3374 1542 3463 Incipit
1583 3379 1679 3442 ita
1724 3398 1823 3463 ep.
1878 3377 1995 3443 14:

504 3480 800 3549 Mollis
842 3484 1160 3549 inertia
1204 3503 1349 3549 cur
1393 3487 1713 3549 tantam
1759 3484 2221 3551 diffuderit
2263 3486 2465 3551 imis

507 3587 1022 3655 oblivionem
1067 3590 1451 3656 sensibus

504 3799 850 3867 candide
894 3801 1368 3881 Maecenas,
1417 3801 1741 3870 occidis
1788 3823 2030 3889 saepe
2075 3802 2484 3891 rogand03

505 3908 736 3985 deus,
785 3908 987 3973 deus
1035 3928 1217 3973 nam
1261 3930 1382 3973 me
1425 3914 1659 3975 vetat

503 4014 888 4101 inceptos
936 4011 1170 4093 olim,
1218 4018 1723 4101 promissum
1762 4036 2128 4093 carmen,
2174 4015 2501 4083 iambos

505 4118 598 4185 ad
645 4118 1143 4185 umbilicum
1189 4119 1626 4188 adducere.

392 4378 444 4439 Β)
479 4376 548 4429 Ut
577 4392 688 4429 ouo·
719 4376 852 4443 igne·
881 4376 950 4428 nic
981 4377 1120 4429 amici
1151 4392 1338 4445 qnoque
1368 4378 1541 4431 celavit
1574 4380 1685 4431 ficto
1718 4380 1930 4441 nomine,
1968 4382 2205 4449 pudenter
2227 4382 2435 4435 scribens
2469 4382 2685 4451 Glyce-

325 4476 451 4512 ram
485 4476 572 4533 pro
607 4460 857 4513 Nemeoi
887 4464 1002 4513 nota
1036 4477 1094 4512 ex
1127 4460 1309 4513 Tibulli
1341 4461 1520 4533 elegiis.
