3192 5009
1203 208 1572 258 musanus.
2500 186 2583 255 5¹7

257 377 314 442 Si
370 379 524 443 enim
589 376 882 443 homines
949 374 1265 443 eiusmodi
1333 397 1556 442 arcana
1625 377 1906 441 maxime
1954 378 2186 443 scirent
2202 425 2219 453 ‚
2267 379 2476 441 mater
2519 377 2586 439 in

255 504 310 547 re
364 488 522 548 tanta
587 488 849 569 tamque
913 486 1104 571 gravi
1121 533 1137 562 ‚
1201 504 1348 549 cum
1396 485 1772 569 praesertim
1819 485 2040 569 generi
2084 481 2586 549 misericordiam

255 610 466 654 movere
526 589 810 655 studeret
826 639 843 666 ‚
891 612 1018 656 non
1063 589 1402 677 vulgarem
1449 592 1815 675 opinionem
1866 589 1973 656 sed
2018 596 2257 655 certam
2303 587 2586 674 aliquam

253 698 541 761 scientiam
603 704 991 782 sequeretur.
1055 695 1220 776 Quid
1239 746 1254 773 ,
1307 696 1476 782 quod
1521 698 1861 762 hominum
1908 717 2226 762 sermones
2274 695 2351 760 de
2398 716 2473 761 ea
2516 716 2585 759 re

253 824 314 867 ne
368 808 532 867 erant
598 800 904 888 quidem?
973 802 1179 868 Nemo
1243 806 1414 867 enim
1483 802 1814 867 dubitabat
1832 852 1848 881 ‚
1913 804 2068 888 quin
2122 822 2200 866 ex
2246 800 2585 886 Pamphilo

251 908 478 994 gravida
521 916 704 975 esset.
757 910 898 975 Non
945 931 1023 975 ex
1069 930 1322 975 rumore
1370 908 1593 996 populi
1642 909 1750 974 sed
1797 930 1871 974 ex
1912 912 2051 994 ipsa
2088 906 2219 972 filia
2255 908 2588 973 audiverat

251 1036 335 1091 ee,
379 1037 528 1101 quae
574 1038 723 1081 cum
773 1016 1110 1103 Pamphilo
1149 1018 1600 1082 communicat.
1646 1014 1919 1080 Omnino
1958 1018 2164 1102 igitur
2200 1013 2587 1078 mutandum

251 1128 322 1187 est
376 1142 543 1187 nam
605 1128 729 1187 ait
789 1128 898 1202 (sc.
948 1122 1126 1203 filia).
1192 1122 1374 1203 Quod
1419 1128 1496 1187 ut
1539 1123 1944 1189 manifestius
1990 1127 2321 1208 appareat,
2372 1126 2586 1185 totum

251 1226 426 1293 locum
471 1228 838 1294 describam.

483 1334 548 1397 Si
585 1334 842 1420 inquam
878 1358 1019 1417 erqo
1056 1342 1114 1400 tc
1136 1336 1331 1400 animo
1354 1332 1476 1399 e‘sse
1499 1335 1685 1399 amico
1708 1332 1949 1399 se‘misti
1973 1356 2117 1411 eam,
2143 1334 2225 1397 mi
2248 1330 2584 1415 Pdmpkile,

321 1440 440 1507 590
484 1440 623 1507 δίκε
670 1442 869 1506 labore
912 1443 1068 1506 hanc
1105 1442 1370 1525 qra‘tiam
1417 1450 1474 1506 te
1518 1449 1587 1505 ut
1624 1441 1741 1505 eibi
1779 1443 1882 1505 dee
1908 1463 2031 1524 pro
2068 1440 2187 1503 illa
2223 1438 2378 1503 mim
2415 1444 2589 1519 νομαί

2242 1548 2356 1628 [sc.
2404 1544 2586 1627 ffliaJ,

488 1652 748 1719 Ceterum
793 1658 868 1719 de
913 1652 1293 1719 adducenda
1335 1655 1408 1719 id
1432 1654 1657 1740 fdcias
1701 1655 1860 1739 quod
1900 1655 1969 1717 in
2014 1676 2135 1717 rem
2178 1651 2261 1717 sit
2306 1660 2485 1716 bucam.

481 1759 800 1825 Pdrturire
843 1760 968 1825 edm
1012 1784 1118 1825 nee
1156 1762 1473 1843 yravidam
1517 1783 1641 1825 esee
1686 1759 1758 1824 ἐτι·
1805 1767 1861 1825 te
1903 1760 2065 1824 cobus
2112 1756 2397 1823 cbmciu'e
2411 1785 2439 1835 ;

481 1866 542 1931 N
543 1866 650 1931 am
697 1872 788 1931 ait
835 1874 1020 1931 tecum
1054 1865 1196 1949 φάει
1244 1868 1466 1930 (Iacobus
1512 1864 1885 1930 cdnwbuisse
1929 1862 2219 1929 me‘mibus
2236 1913 2253 1942 ‚

491 1972 631 2035 Tam
665 1980 984 2057 postquam
1029 1974 1114 2035 ad
1149 1979 1207 2036 te
1247 1970 1410 2036 ve‘nit
1426 2022 1443 2049 ‚
1483 1974 1701 2036 mensis
1736 1970 1940 2053 cipitur
1978 1970 2077 2035 laic
2114 1972 2235 2034 iam
2269 1966 2551 2053 eesptimuc
2568 1996 2587 2031 .·

319 2076 438 2142 595
489 2075 661 2159 Qudd
705 2085 762 2141 te
804 2077 957 2142 scire
1001 2078 1140 2161 ipsa
1183 2079 1418 2142 indicat
1461 2101 1574 2142 res.

317 2182 604 2248 Dziatzko
665 2184 824 2248 duos
886 2204 1110 2249 versus
1172 2182 1303 2251 593
1353 2206 1442 2270 sq.
1517 2206 1668 2249 cum
1736 2182 2046 2249 Hoelzero
2120 2184 2413 2259 damnat,
2478 2181 2589 2247 sed

246 2310 416 2373 neque
481 2288 558 2354 ab
628 2288 1082 2375 interpolatore
1151 2289 1402 2355 conficti
1466 2297 1617 2355 sunt
1676 2311 1878 2375 neque
1931 2292 2000 2354 in
2047 2310 2113 2355 re
2160 2293 2340 2353 tanta
2384 2292 2592 2353 mater

245 2398 516 2480 temporis
583 2398 862 2461 rationes
932 2395 1160 2461 referre
1223 2399 1462 2462 omisit.
1541 2396 1612 2462 Si
1675 2396 1997 2473 abessent,
2064 2394 2587 2460 desiderarentur.

245 2496 506 2565 Ceterum
554 2504 686 2565 iam
733 2522 895 2566 anno
948 2500 1118 2569 1876
1165 2502 1496 2568 Fielitzius
1543 2505 1638 2583 (in
1684 2502 1855 2567 Mus.
1904 2502 2103 2567 Rhen.
2158 2500 2265 2579 31,
2318 2499 2447 2566 304
2467 2505 2590 2584 sq.)

241 2612 454 2671 rectum
501 2613 648 2672 ante
693 2628 798 2673 me
846 2607 1080 2673 vidisse
1123 2612 1419 2694 comperi.

315 2816 515 2885 xnl.
561 2820 871 2886 Eiusdem
915 2821 1164 2887 fabulae
1201 2843 1326 2887 vss.
1357 2819 1486 2887 ’744
1513 2842 1645 2908 sqq.
1694 2822 1910 2888 ordine
1956 2820 2322 2907 perturbato
2363 2820 2978 2906 legun-nmmum.

247 2930 350 2989 tur.
416 2925 597 3006 Quod
663 2932 740 2991 ut
809 2927 1171 3005 ostendam,
1245 2930 1602 2993 accuratius
1672 2928 1748 2993 de
1810 2931 1891 2993 iis
1951 2927 2407 3013 disputandum
2446 2933 2584 2991 est.

247 3030 456 3098 Laches
519 3054 710 3099 senex
757 3032 1137 3099 Bacchidem
1181 3037 1584 3100 meretricem
1630 3034 1709 3099 ad
1758 3056 1823 3099 se
1870 3037 2197 3100 arcessivit
2241 3036 2589 3118 interroga-

248 3142 368 3201 tum
411 3138 486 3205 de
527 3139 981 3205 consuetudine
999 3189 1017 3217 ,
1069 3160 1264 3226 quam
1309 3140 1729 3225 Pamphilum
1775 3162 1970 3206 uxore
2009 3141 2199 3205 ducta
2220 3142 2417 3205 etiam
2438 3159 2588 3203 cum

249 3263 308 3307 ea
337 3245 558 3311 habere
597 3248 798 3312 aiunt.
840 3245 964 3311 Per
1001 3246 1253 3325 breves,
1298 3253 1372 3311 ut
1411 3255 1906 3313 consentaneum
1946 3252 2075 3324 est,
2118 3245 2420 3333 ambages
2467 3265 2591 3311 ser-

249 3353 428 3417 monis
471 3352 651 3417 aditu
689 3352 878 3423 facto,
919 3355 1222 3418 meretrix
1263 3374 1375 3417 cur
1413 3356 1614 3418 accita
1652 3356 1737 3419 sit
1776 3359 1981 3441 rog-at.
2030 3352 2146 3417 Ille
2186 3352 2519 3439 respondet

959 3458 1184 3524 Meum
1233 3466 1512 3545 receptas
1560 3459 1770 3525 filium
1817 3460 1895 3524 ad
1944 3466 2008 3524 te
2054 3458 2492 3545 Pamphilum.

249 3560 327 3625 Ea
367 3584 522 3649 quae
569 3570 923 3649 sequuntur
961 3565 1309 3630 secundum
1345 3568 1659 3651 optimam
1695 3563 2099 3630 Dziatzkonis
2136 3567 2584 3643 recensionem,

249 3670 570 3735 manifestis
628 3670 1175 3757 interpolamentis
1237 3677 1490 3736 tantum
1511 3720 1528 3749 ,
1592 3692 1752 3757 quae
1812 3670 1921 3736 ille
1986 3672 2233 3735 uncinis
2292 3668 2553 3735 inclusit
2569 3720 2587 3748 ,

249 3778 470 3841 omissis
521 3776 850 3879 exhipebO.

327 3879 445 3945 744
491 3882 620 3948 BA.
670 3884 793 3948 Ah.
857 3883 988 3948 LA.
1056 3882 1206 3949 Sine
1253 3884 1494 3950 dicam:
1544 3885 1706 3949 hanc
1753 3884 1929 3969 prius
1978 3903 2171 3970 quam
2217 3884 2435 3962 duxit,
2480 3883 2581 3949 vo·

1612 3997 1821 4055 strum
1868 4011 2153 4055 amorem
2195 3988 2451 4076 pertuli.
2504 4028 2588 4038 ——

485 4094 712 4161 Mane:
763 4096 1050 4161 nondum
1111 4098 1308 4162 etiam
1369 4096 1502 4160 dixi
1558 4097 1626 4161 id
1674 4097 1843 4182 quod
1890 4102 1954 4162 te
2001 4094 2210 4162 volui:
2274 4096 2378 4160 hic
2423 4117 2591 4161 nunc

2054 4202 2321 4267 uxorem
2364 4202 2590 4267 habet:

486 4306 729 4389 Quaere
767 4306 972 4373 alium
996 4308 1114 4373 tibi
1137 4310 1492 4373 firmiorem
1516 4308 1795 4373 amicum
1813 4356 1828 4384 ,
1858 4307 2016 4374 dum
2038 4308 2158 4373 tibi
2183 4308 2437 4394 tempus
2460 4314 2588 4387 est;
