3192 5009
300 847 1082 960 ANNOTATIONES
1140 868 1780 959 NONNULLAE
1837 867 1982 957 AD
2041 864 2526 958 VERGILII

923 1005 1450 1096 AENEIDOS
1506 1005 1720 1096 LIB.
1784 1004 1900 1095 II.

1302 1211 1551 1254 sempsl‘r

1039 1365 1127 1430 H.
1177 1361 1249 1433 C.
1298 1349 1796 1432 MIOHAELIS.

1206 1655 1600 1692 -οοοᾲοοψ-

326 1912 457 1978 Etsi
506 1915 1095 1980 eruditissimorum
1140 1934 1292 1979 cura
1340 1920 1405 1979 et
1452 1914 1665 1981 studio
1705 1913 1978 2002 Vergilii
2015 1916 2248 1980 Aeneis
2282 1916 2416 1978 iam
2457 1911 2613 1977 adeo

256 2019 540 2104 perpolita
586 2028 649 2086 et
694 2021 1018 2086 illustrata
1063 2027 1159 2085 est
1206 2020 1373 2085 nihil
1416 2027 1492 2085 ut
1540 2022 1669 2086 fere
1729 2020 2008 2108 amplius
2069 2019 2481 2096 desideretur,
2543 2020 2612 2082 in

256 2127 689 2191 recentissimas
746 2127 1057 2192 editiones
1110 2125 1447 2191 nonnullas
1495 2129 1895 2193 coniecturae
1953 2126 2265 2212 quaedam
2322 2129 2611 2209 receptae

256 2236 383 2294 sunt
425 2253 584 2317 quae
600 2281 617 2310 ,
666 2233 837 2319 quod
873 2253 1025 2320 pace
1065 2235 1477 2319 egregiorum
1515 2254 1740 2298 earum
1778 2237 2192 2299 inventorum
2230 2233 2316 2295 sit
2342 2231 2608 2308 dictum,

256 2337 394 2401 mihi
449 2360 575 2403 non
634 2338 995 2425 probabiles
1054 2359 1191 2404 esse
1253 2341 1425 2404 visae
1458 2343 1641 2404 'sunt
1657 2360 1673 2417 ;
1737 2359 1921 2404 voces
1969 2358 2222 2423 quoque
2271 2335 2612 2402 nonnullae

256 2449 497 2521 restant,
548 2465 708 2529 quae
754 2444 1038 2530 planiore
1085 2443 1506 2529 explicatione
1552 2445 1864 2530 indigent.
1915 2444 2010 2510 De
2059 2447 2140 2508 iis
2177 2442 2332 2509 locis
2350 2492 2367 2521 ,
2411 2443 2614 2528 deque

256 2546 460 2614 talibus
508 2551 719 2615 verbis
768 2571 848 2615 ex
890 2549 1054 2614 libro
1102 2548 1375 2630 secundo
1420 2571 1589 2614 nunc
1639 2555 1896 2614 acturus
1943 2571 2110 2614 sum.

326 2652 423 2718 Vc.
469 2653 578 2719 25.
716 2655 847 2719 Nos
890 2655 1109 2718 abiisse
1153 2654 1279 2718 rati
1323 2661 1381 2718 et
1426 2662 1600 2719 vento
1634 2655 1890 2736 petiisse
1935 2655 2244 2739 Mycenas.

258 2755 337 2822 Ita
369 2759 523 2824 olim
560 2763 629 2824 in
668 2761 966 2826 omnibus
998 2760 1385 2825 editionibus
1405 2759 1763 2846 legebatur.
1804 2759 1918 2824 Vir
1940 2759 2017 2826 cl.
2043 2759 2364 2824 Baehrens
2387 2762 2614 2824 imma-

255 2874 375 2928 tura
408 2871 611 2931 morte
646 2865 984 2931 literarum
1022 2865 1389 2950 disciplinae
1420 2871 1676 2951 ereptus
1701 2887 1816 2951 pro
1842 2873 1899 2929 et
1921 2872 2090 2929 vento
2121 2867 2390 2929 coniecit
2413 2887 2612 2929 sumus

257 2975 317 3044 et,
348 2969 471 3058 legi
510 2971 653 3036 vult
690 2975 926 3058 igitur:
971 2972 1100 3035 Noe
1123 2971 1340 3036 abiisse
1362 2972 1488 3034 rati
1509 2993 1709 3036 summ
1732 2979 1790 3035 et
1799 2973 2055 3054 petiisse
2080 2971 2389 3054 Mycena-r,
2417 2992 2614 3056 eaque

255 3079 585 3141 coniectura
620 3080 687 3142 in
726 3080 1233 3143 recentissimam
1271 3077 1587 3142 Aeneidos
1629 3076 1976 3142 editionem
2015 3076 2328 3142 Batavam
2365 3082 2616 3163 recepta

256 3189 360 3258 est,
404 3184 673 3268 ideoque
718 3186 857 3248 eius
904 3185 1303 3248 mentionem
1348 3183 1545 3260 faci03
1599 3182 1708 3248 sed
1755 3186 1880 3248 nisi
1930 3185 2146 3247 omnia
2192 3204 2298 3248 me
2346 3181 2614 3260 fallunt,

256 3285 368 3351 fieri
422 3289 485 3352 id
548 3311 676 3354 non
740 3289 1063 3354 debuerat.
1114 3288 1375 3354 Nullius
1423 3289 1659 3354 codicis
1705 3292 2021 3374 scriptura
2068 3287 2176 3355 vel
2219 3291 2491 3353 minima
2538 3309 2615 3353 ex

257 3401 404 3474 parte
469 3398 905 3480 patrocinatur
978 3399 1113 3459 tam
1184 3395 1550 3469 vehementi
1620 3397 2002 3459 mutationi:
2071 3395 2378 3459 detractio
2437 3395 2618 3459 verbi

258 3506 397 3562 vento
462 3500 797 3565 detruncat
865 3521 1115 3585 quoque
1188 3500 1449 3566 solitam
1520 3499 1960 3586 Vergilianam
2032 3499 2377 3565 dictionem
2444 3507 2615 3562 vento

250 3611 453 3682 petere,
529 3611 606 3670 ut
663 3609 732 3669 in
797 3607 993 3671 huius
1056 3605 1205 3670 libri
1266 3627 1361 3671 vs,
1415 3605 1546 3670 180
1607 3607 1690 3669 Et
1754 3629 1911 3668 nunc
1957 3607 2114 3689 quod
2149 3606 2396 3688 patrias
2443 3610 2614 3667 vento

252 3709 449 3787 petiere
486 3711 809 3794 Mycenae,
859 3717 925 3777 et
967 3715 1037 3777 in
1084 3709 1169 3775 IV
1218 3731 1310 3775 vs,
1354 3709 1483 3776 381
1534 3712 1593 3788 I,
1645 3733 1884 3794 sequere
1931 3711 2216 3787 Italiam,
2267 3716 2438 3773 vento
2473 3717 2617 3790 pete

260 3836 410 3894 reqna
466 3839 589 3899 per
651 3819 848 3880 madae
865 3866 882 3895 ,
945 3823 1021 3882 ut
1081 3838 1247 3881 nunc
1308 3820 1663 3882 rectissime
1725 3816 2044 3889 scribitur,
2111 3815 2320 3880 multo
2382 3814 2616 3879 melius

262 3941 423 4004 quam
488 3927 672 3986 antea
726 3943 878 3986 cum
923 3942 1119 4008 prava
1164 3924 1676 4006 interpunctione
1721 3922 1780 3998 I,
1826 3943 2065 4005 sequere
2113 3921 2364 3983 stabiam
2407 3927 2579 3984 vento
2600 3970 2617 3999 ,

254 4033 369 4104 pete
406 4051 591 4108 reqna
624 4050 743 4108 per
789 4029 1003 4091 undas.
1055 4065 1141 4076 —
1189 4027 1411 4113 Neque
1460 4030 1531 4091 in
1576 4029 1940 4092 coniectura
1987 4025 2099 4090 illa
2138 4026 2400 4090 auribus
2441 4028 2616 4103 satis,

264 4131 443 4208 credo,
532 4131 903 4197 consultum
967 4141 1086 4199 est.
1160 4133 1329 4198 Nam
1400 4135 1884 4198 terminationes
1953 4131 2254 4196 similiter
2323 4138 2618 4197 sonantes

266 4235 443 4301 abiisse
492 4285 507 4302 .
540 4285 555 4300 .
588 4285 601 4300 .
638 4237 891 4320 petiisse
934 4241 1003 4304 in
1050 4259 1243 4305 versu
1290 4241 1644 4305 secundum
1684 4239 1926 4304 codices
1967 4240 2205 4324 scripto
2247 4237 2616 4303 felicissime

272 4347 320 4402 et
356 4341 822 4430 elegantissime
871 4347 1203 4413 variantur
1247 4344 1461 4432 long-is
1510 4345 1644 4410 illis
1691 4344 1956 4431 syllabis
2005 4352 2062 4408 et
2109 4351 2280 4408 vento
2299 4393 2316 4424 ,
2361 4350 2437 4410 ut
2483 4343 2620 4408 illa—
