3192 5009
472 233 603 299 444
1110 252 1193 300 nn
1236 252 1856 302 mausuasnomus
1899 251 2198 302 nonme.

472 422 753 506 auspicia
770 467 787 497 ,
833 418 899 484 id
946 419 1202 506 quidem
1247 421 1517 487 minime
1560 419 2021 508 impedimento
2051 425 2150 486 est
2186 423 2528 506 quominus
2565 422 2840 505 suspice-

470 548 619 592 mur
662 547 845 613 reges
891 547 1139 612 quoque
1184 527 1491 610 auspicato
1536 548 1813 614 regnum
1855 529 2074 594 iniisse
2089 577 2106 606 ,
2147 534 2224 592 ut
2259 526 2576 594 Romulus
2615 527 2838 593 fecisse

470 632 773 710 traditur,
836 635 984 717 quia
1038 654 1167 713 non
1226 633 1447 699 eadem
1508 639 1643 699 erat
1703 639 1930 699 natura
1983 636 2317 720 utriusque
2364 635 2632 720 auspicii
2676 632 2832 713 (vid.

470 759 641 826 supr.
679 758 824 825 pag.
868 737 1000 802 412
1022 743 1161 823 sq.).
1211 737 1335 804 Sed
1381 744 1597 805 tamen
1642 760 1892 806 necesse
1939 761 2065 806 non
2110 747 2208 806 est
2251 746 2327 805 ut
2373 745 2612 806 ceteros
2654 760 2837 826 reges

469 848 793 931 auspicato
850 846 1066 910 iniisse
1130 844 1459 910 credamus
1477 894 1494 923 ,
1560 848 1710 933 quia
1770 845 1934 911 nihil
1981 845 2055 912 de
2103 867 2177 912 ea
2221 867 2288 911 re
2335 845 2651 912 affirmant
2696 865 2840 912 auc-

468 959 667 1030 tores;
730 971 932 1036 neque
994 950 1365 1017 crediderim
1384 1001 1400 1029 ,
1471 973 1508 1018 a
1567 953 1826 1039 regibus
1886 960 2171 1040 peractas
2235 974 2370 1018 esse
2423 955 2838 1019 caerimonias

471 1065 671 1124 certas
734 1058 965 1143 quibus
1026 1062 1408 1143 potestatem
1456 1060 1742 1145 primum
1788 1065 2205 1145 usurparent,
2253 1065 2571 1146 separatas
2617 1079 2656 1124 a
2699 1079 2840 1124 con-

468 1165 845 1230 firmatione.
916 1163 1307 1230 Huiusmodi
1352 1168 1752 1231 caerimoniis
1797 1166 2058 1232 ineundi
2099 1171 2287 1252 (quae
2324 1165 2403 1231 ad
2439 1168 2542 1230 ius
2581 1168 2835 1231 omnino

468 1293 593 1337 non
654 1273 997 1356 pertinent)
1068 1269 1472 1357 supersedere
1542 1293 1669 1337 non
1736 1278 2088 1357 potuerunt
2156 1274 2575 1356 magistratus
2643 1272 2836 1336 annui

470 1377 702 1463 quibus
763 1381 1040 1462 potestas
1100 1376 1247 1442 data
1306 1383 1438 1442 erat
1500 1377 1567 1441 in
1615 1385 1832 1441 certum
1878 1377 2034 1442 diem
2081 1381 2248 1464 (post
2294 1399 2349 1443 a.
2403 1376 2531 1443 153
2579 1379 2646 1442 in
2689 1375 2836 1442 Kal.

470 1483 509 1548 J
510 1489 637 1564 an.)
658 1531 673 1560 ,
734 1485 845 1568 qui
911 1482 1043 1548 dies
1105 1481 1364 1549 cadebat
1428 1489 1574 1550 ante
1635 1483 2202 1550 confirmationem.
2273 1483 2364 1550 Hi
2424 1487 2842 1571 magistratus

470 1588 617 1655 Kal.
664 1588 981 1654 Januariis
1027 1610 1150 1654 non
1198 1589 1410 1655 solum
1438 1591 1625 1675 facto
1665 1591 1912 1656 inibant
1931 1639 1948 1668 ,
1991 1596 2302 1677 potestate
2340 1593 2627 1676 primum
2663 1611 2845 1656 usur-

474 1700 622 1782 pata
641 1744 656 1774 ‚
708 1694 816 1760 sed
864 1697 1060 1760 etiam
1107 1696 1273 1774 ino-e,
1323 1699 1474 1782 quia
1517 1699 1584 1760 in
1632 1717 1782 1762 eum
1829 1697 1998 1762 diem
2045 1703 2326 1783 potestas
2375 1700 2465 1762 eis
2504 1696 2650 1762 data
2689 1703 2844 1762 erat.

472 1802 595 1869 Sed
656 1823 837 1891 reges
855 1850 872 1879 ,
940 1801 1161 1868 eodem
1213 1803 1402 1869 modo
1450 1825 1574 1889 quo
1623 1811 1841 1890 postea
1888 1804 2228 1870 dictatores
2275 1811 2339 1870 ct
2387 1804 2676 1870 consules
2723 1803 2849 1869 sui-

473 1911 626 1976 fecti
674 1916 737 1974 et
784 1907 1137 1974 sacerdotes
1155 1957 1171 1988 ,
1225 1917 1367 1975 tum
1412 1930 1561 1976 cum
1599 1917 1961 1977 crearentur
1978 1959 1994 1990 ,
2037 1911 2426 1998 accipiebant
2463 1915 2846 1998 potestatem

476 2015 761 2099 extemplo
781 2063 797 2093 ,
846 2016 981 2081 sine
1026 2013 1160 2081 ulla
1208 2018 1513 2102 temporis
1558 2017 1920 2083 condicione
1937 2065 1954 2094 ,
2001 2019 2218 2103 itaque
2263 2018 2396 2080 iure
2438 2017 2687 2082 inibant
2723 2021 2848 2081 sta·

476 2125 599 2187 tim
662 2125 803 2207 post
864 2123 1265 2187 creationem.
1336 2122 1427 2188 Hi
1482 2123 1646 2188 nihil
1705 2124 2021 2190 habebant
2083 2145 2195 2188 cur
2241 2131 2386 2189 ante
2432 2122 2847 2188 confirmatio-

482 2248 630 2293 nem
694 2229 889 2292 etiam
952 2230 1277 2312 auspicato
1322 2235 1697 2316 peragerent
1745 2231 2156 2295 caerimonias
2205 2235 2404 2296 certas
2451 2228 2529 2294 ad
2573 2233 2846 2313 potesta-

476 2339 608 2400 tem
658 2335 941 2418 primum
986 2335 1416 2420 usurpandam
1436 2385 1452 2414 ,
1503 2335 1612 2402 sed
1659 2343 1801 2402 tum
1849 2337 2133 2423 primum
2174 2356 2508 2422 usurpasse
2545 2333 2846 2400 videntur

478 2443 862 2526 potestatem
910 2459 1093 2504 suam
1140 2461 1288 2506 cum
1335 2441 1879 2508 confirmarentur.
1949 2442 2091 2508 Hoc
2136 2441 2483 2530 Dionysius
2522 2447 2585 2508 et
2621 2440 2846 2508 Livius

476 2547 679 2611 secuti
739 2551 890 2609 eunt
907 2594 923 2623 ,
988 2567 1138 2610 cum
1200 2551 1382 2635 regni
1442 2551 1628 2615 initio
1691 2552 1758 2618 in
1818 2551 2308 2635 inauguratione
2372 2551 2578 2635 posito
2596 2595 2612 2626 ‚
2663 2567 2846 2633 reges

477 2657 621 2738 post
683 2650 1224 2718 confirmationem
1280 2674 1553 2740 regnum
1601 2657 1818 2720 iniisse
1867 2656 2208 2721 scriberent
2237 2653 2306 2734 ¹).
2380 2653 2521 2719 Hoc
2568 2660 2736 2720 recte
2781 2674 2848 2719 se

477 2759 701 2834 habet,
765 2778 967 2843 neque
1022 2758 1388 2845 negandum
1434 2767 1532 2826 est
1576 2783 1760 2849 reges
1790 2764 1977 2848 facto
2023 2768 2170 2828 tum
2213 2763 2430 2826 iniisse
2449 2809 2466 2838 ,
2515 2758 2706 2825 modo
2753 2779 2850 2825 ca-

477 2884 741 2931 veamus
802 2885 881 2928 ne
945 2885 1251 2951 negemus
1268 2913 1285 2942 ,
1352 2888 1533 2953 reges
1593 2870 1726 2933 iam
1781 2875 1965 2934 antea
2011 2868 2304 2934 habuisse
2351 2871 2735 2951 potestatem
2782 2869 2846 2929 et

478 2972 611 3034 iure
670 2972 889 3034 iniisse
952 2972 1171 3036 statim
1234 2978 1377 3057 post
1446 2977 1832 3041 creationem
1849 3023 1866 3052 ,
1932 2996 1969 3039 a
2029 2995 2152 3061 quo
2216 2993 2418 3039 errore
2487 2992 2610 3036 non
2676 2971 2848 3034 cavit

479 3075 828 3163 Dionysius
855 3074 928 3153 ⁹).
958 3115 1041 3124 —
1067 3075 1161 3142 De
1208 3080 1559 3144 actionibus
1606 3080 1836 3166 quibus
1883 3101 2066 3168 reges
2112 3079 2640 3145 confirmabantur
2657 3124 2673 3154 ,
2722 3096 2850 3141 non

481 3188 657 3248 tanta
718 3187 814 3247 est
876 3186 1333 3249 sententiarum
1397 3183 1815 3271 discrepantia
1873 3186 2043 3272 apud
2103 3191 2388 3252 auctores
2449 3189 2694 3250 nostros
2712 3231 2728 3261 ,
2777 3187 2853 3246 ut

480 3309 607 3354 una
668 3295 921 3374 accepta
980 3288 1256 3375 reliquas
1318 3293 1549 3358 reicere
1614 3313 1942 3379 cogamur.
2013 3291 2309 3358 Primum
2375 3297 2618 3357 constat
2685 3291 2853 3355 inter

552 3569 599 3629 l)
638 3569 827 3632 Dionys.
863 3569 907 3618 2.
928 3569 1015 3618 60:
1066 3565 1331 3623 ἐκκλησίας
1376 3563 1431 3613 δί
1468 3567 1604 3625 μετὰ
1640 3567 1794 3614 τοῦτο
1829 3563 2162 3628 συναχθείσης
2311 3563 2395 3612 καὶ
2429 3567 2527 3612 τῶν
2567 3563 2850 3624 πατρικιίων

482 3647 883 3711 ἒπικνρωσάντων
1033 3647 1117 3698 καὶ
1152 3685 1194 3696 ..
1216 3685 1227 3697 .
1265 3652 1361 3696 τῶν
1407 3646 1750 3708 ὀρνιθοσκόπων
1795 3643 1938 3694 α’ίσια
1985 3646 2054 3694 τα
2089 3647 2220 3706 παρα
2255 3647 2345 3693 τοῦ
2387 3642 2636 3710 δαιμονίου
2672 3645 2854 3704 σημεῖα

482 3731 834 3794 ἀποφηνάντων
867 3729 1250 3794 παραλαμβάνει
1286 3729 1375 3786 τῆν
1410 3727 1584 3793 ἀρχήν.
1621 3729 1692 3778 Id.
1732 3731 1778 3778 8.
1797 3729 1886 3778 46:
1927 3726 2308 3790 βεβαιωσάντων
2347 3731 2445 3776 τᾶν
2483 3724 2732 3788 δαιμονίου
2769 3743 2853 3782 en·

484 3813 629 3875 μείων
674 3815 742 3863 τὰ
789 3812 1011 3875 κριθέντα
1046 3851 1056 3862 .
1079 3851 1089 3862 .
1112 3851 1122 3862 .
1159 3810 1543 3874 παραλαμβάνει
1578 3811 1671 3868 τῆν
1709 3811 1988 3872 βασιλείαν,
2024 3811 2108 3862 cfr.
2148 3813 2194 3860 8.
2215 3811 2279 3858 49
2317 3810 2429 3861 init.
2441 3833 2454 3869 ς
2490 3811 2648 3858 440:
2682 3807 2727 3857 εἱ
2761 3807 2852 3869 μὶν

484 3891 565 3946 οὖν
609 3895 640 3952 ἱὶ
684 3913 744 3945 τε
788 3896 944 3958 βουλὴ
993 3897 1078 3944 τὸν
1111 3893 1366 3957 αἱρεθέντα
1402 3892 1486 3942 ὑπ’
1522 3891 1688 3943 αὐτῶν
1723 3891 2017 3954 ἐδοκίμασε,
2052 3891 2140 3942 καὶ
2171 3891 2198 3941 δ
2234 3891 2390 3953 δῆμος
2425 3890 2733 3954 ἐπεψήφισε,
2769 3891 2851 3940 καὶ

484 3979 552 4027 τα
587 3976 925 4040 μαντεύματα
961 3975 1262 4040 ἐπεκύρωσε,
1294 3975 1678 4038 παρελάμβανεν
1713 3969 1857 4033 οὗτος
1891 3975 1980 4032 τὴν
2017 3971 2191 4038 ἀρχήν.
2232 3975 2343 4024 Non
2378 3989 2571 4041 prorem
2605 3975 2730 4025 iusto
2766 3989 2846 4024 vo·

482 4061 650 4110 cabulo
697 4061 863 4112 Livius
915 4076 1023 4111 neue
1069 4065 1139 4110 eet
1182 4075 1291 4110 cum
1336 4057 1566 4109 scriberet
1613 4059 1684 4122 (1.
1705 4059 1784 4108 18.
1805 4059 1874 4120 9>=
1933 4057 2228 4123 Auspiciis)
2271 4057 2428 4107 missis
2460 4058 2734 4106 declaratae
2767 4071 2852 4106 ren

484 4143 528 4192 Ν
534 4158 642 4192 uma
689 4144 747 4192 de
796 4143 975 4208 templo
1025 4139 1315 4193 deseendit'’.
1374 4169 1435 4179 —
1487 4141 1543 4202 2)
1592 4140 1737 4190 Hunc
1782 4154 1996 4190 errorem
2037 4139 2286 4204 Dionysius
2319 4143 2426 4189 tum
2463 4137 2706 4204 patefecit,
2743 4153 2850 4188 cum

476 4223 703 4273 scriberet
748 4225 946 4290 (4.4o)‚
981 4240 1140 4288 reges,
1177 4223 1217 4273 εἰ
1250 4223 1552 4273 confirmatio
1588 4237 1684 4271 non
1719 4223 2018 4288 procederet,
2055 4222 2124 4270 nd
2161 4236 2412 4285 regnum
2445 4235 2564 4270 non
2597 4234 2727 4268 ene
2759 4218 2851 4268 ed·

482 4305 723 4364 minoe.
769 4310 819 4356 et
865 4322 951 4372 pro
992 4323 1047 4356 eo
1092 4321 1233 4372 quem
1280 4306 1490 4372 auspicia
1535 4302 1835 4364 abdicerent,
1871 4303 2034 4356 etatim
2067 4303 2218 4356 elium
2249 4319 2349 4354 eene
2383 4303 2713 4361 nominatum.
2753 4301 2848 4354 viel.

482 4387 607 4439 infra
640 4403 745 4456 pag.
778 4391 878 4439 448
912 4390 1019 4438 adn.
1056 4389 1118 4440 2..
