3192 5009
1300 365 1648 414 nomnium.
2524 350 2648 417 133

374 528 559 595 Nunc
622 531 1006 618 subiungam
1067 530 1281 597 locum
1341 552 1420 596 ex
1482 530 1608 596 alia
1651 530 1984 617 rhapsodia
2030 533 2398 599 desumtum
2417 584 2434 613 ,
2483 536 2650 601 unde

277 643 579 723 appareat
622 637 713 702 ibi
759 657 1011 723 quoque
1054 636 1361 703 nonnulla
1404 640 1678 703 inveniri
1724 659 1885 724 quae
1929 644 2155 705 notatu
2199 642 2328 705 sint
2372 641 2600 729 digna:

368 754 412 807 B
442 741 608 808 330:
704 743 892 814 κεῖνός
934 744 982 807 0⁹
1022 736 1095 815 ὣς
1138 744 1431 823 ἀγόρευε·
1476 744 1557 806 τὰ
1601 745 1673 818 δὴ
1713 750 1812 808 νῦν
1856 746 2065 808 πάντα
2107 754 2406 811 τελεῖται.

272 850 378 915 Ad
425 850 594 915 hunc
640 871 931 927 versum,
982 853 1093 936 qui
1136 853 1205 915 in
1254 851 1575 917 codicibus
1621 854 1714 916 ita
1759 853 2032 938 scriptus
2079 858 2208 929 est,
2259 853 2367 918 sed
2415 858 2650 921 rectius

270 954 461 1021 hodie
508 955 609 1021 edi
654 955 815 1022 solet
858 964 1042 1027 κεῖνος
1072 956 1185 1027 τὼς
1214 955 1345 1035 (vel
1371 964 1536 1035 τῶς),
1562 954 1952 1023 Genevensis
1977 958 2168 1023 habet
2191 960 2310 1025 hoc
2333 960 2646 1025 scholion:

366 1062 394 1126 ὃ
442 1064 511 1127 τέ
560 1062 691 1127 ἐστὶ
741 1063 908 1128 κατὰ
956 1065 1369 1139 συναλοιΦήν·
1422 1066 1621 1133 κακῶς
1672 1064 1798 1141 γὰρ
1847 1060 1967 1127 ὅσοι
2019 1064 2366 1143 ἐνδέχονται
2414 1066 2482 1129 τὸ
2531 1067 2646 1137 τὼς

270 1166 474 1248 μόριον
519 1167 875 1246 βουλόμενοι
914 1168 1069 1233 αὐτὸ
1109 1169 1523 1235 ἑνταποδοτὸν
1564 1165 1740 1235 εἶναι.
1789 1170 1816 1233 ὃ
1857 1172 1970 1247 μὲν
2002 1170 2358 1247 Ἡρωδιανὸς
2381 1174 2457 1243 ὥς
2489 1174 2644 1250 ,πῶς

274 1274 341 1340 δέ
388 1276 445 1339 σ’
473 1275 842 1354 ἀπεχθήρω”
894 1278 967 1358 [Γ
1010 1274 1207 1359 415],
1256 1276 1284 1340 ὃ
1334 1275 1397 1340 δὲ
1436 1276 1844 1354 Ἀρίσταρχος
1873 1277 2106 1353 ,,κεῒνός
2138 1276 2188 1341 θ’
2217 1274 2288 1347 ὣς
2319 1276 2644 1354 ὦγόρευε.”

365 1379 617 1446 Similia
675 1380 983 1468 leguntur
1041 1385 1109 1446 in
1173 1380 1378 1447 Schol.
1439 1380 1525 1447 V:
1589 1380 1860 1458 ὀξυντέον
1924 1386 2034 1456 τὴν
2096 1390 2194 1447 W
2259 1382 2359 1447 διὰ
2406 1386 2506 1449 τὸν
2556 1388 2644 1450 τέ.
2757 1376 2762 1381 ’

273 1484 458 1557 οὕτως
509 1488 952 1567 Ἀρίσταρχος,
1000 1488 1028 1552 ὃ
1077 1489 1138 1552 δὲ
1189 1488 1544 1565 Ἡρωδιανὸς
1590 1492 1664 1560 ὥς
1717 1489 1874 1565 »τὼς
1922 1487 1984 1552 δέ
2033 1490 2509 1568 σ’ἆπεχθήρω.”

365 1592 741 1679 Discrepant
786 1592 978 1659 schol.
1029 1594 1171 1659 BL:
1222 1592 1491 1669 ὀξυντέον
1537 1596 1646 1670 τὴν
1692 1604 1760 1663 οἳ
1802 1592 1903 1659 διὰ
1951 1594 2053 1658 τὸν
2091 1596 2181 1660 τέ.
2225 1592 2411 1666 οὕτως
2439 1597 2646 1674 Ἀρίσ-

270 1722 504 1779 ταρχος
553 1699 653 1763 καὶ
708 1698 1058 1777 Ἡρωδιανός
1078 1748 1095 1777 ,
1148 1700 1257 1765 sed
1305 1705 1564 1786 apparet
1611 1701 1729 1777 hoc
1772 1699 2179 1766 librariorum
2216 1701 2646 1789 negligentiae

270 1827 405 1872 esse
452 1805 893 1882 tribuendum,
944 1805 1179 1871 ultima
1224 1807 1419 1872 verba
1465 1807 1693 1872 scholii
1737 1806 1793 1868 V
1839 1810 2279 1872 emittentium
2317 1815 2382 1873 et
2421 1809 2646 1874 deinde

271 1911 299 1976 ὅ
350 1911 412 1977 δὲ
458 1914 524 1976 in
574 1912 678 1975 καὶ
725 1913 1143 1978 mutantium.

362 2016 438 2082 In
482 2016 605 2082 alia
652 2020 868 2082 omnia
912 2018 1147 2084 abeunt
1194 2018 1608 2103 Epimerismi
1653 2018 1985 2085 Homerici
2045 2020 2309 2099 (Anecd.
2350 2019 2550 2086 Oxou.
2592 2021 2641 2086 Ι.

276 2122 429 2202 234,
462 2124 493 2188 l
543 2150 624 2175 =
668 2122 890 2211 Etym.
954 2123 1047 2188 M.
1115 2123 1266 2201 508,
1297 2124 1379 2191 25
1428 2151 1509 2175 =
1554 2125 1776 2212 Etym.
1842 2122 2011 2191 Gud.
2061 2125 2214 2204 310,
2245 2125 2392 2206 33):
2452 2128 2479 2189 ὅ
2529 2129 2643 2203 μὲν

271 2229 629 2307 Ἡρωδιανὸς
696 2230 1101 2306 ἀναγινώσκει
1166 2232 1251 2301 εἰς
1309 2231 1379 2294 τὸ
1448 2234 1536 2296 effi
1601 2231 2060 2306 περισπωμένην
2125 2233 2227 2295 καὶ
2296 2233 2378 2302 εἷς
2432 2234 2499 2296 τὸ
2549 2238 2644 2299 νὀἶ

271 2336 473 2414 ὀξεῖαν
517 2336 619 2401 καὶ
644 2339 728 2407 εἷς
759 2339 827 2401 τὸ
853 2350 926 2407 ῶΤς
954 2337 1241 2415 βαρεῖαν·
1287 2338 1312 2401 δ
1339 2337 1401 2401 δὲ
1426 2338 1839 2417 Ἀρίσταρχος
1868 2346 2093 2415 ,,κεῒνος
2123 2337 2290 2402 τόσσ”
2315 2338 2638 2428 ἀγᾴρευε.”

361 2442 650 2528 Denique
692 2445 761 2507 in
808 2443 1017 2509 codice
1062 2440 1125 2508 A
1172 2442 1415 2529 legitur
1459 2442 1681 2508 notula
1725 2442 2184 2509 interlinearis:
2233 2442 2416 2513 οὕτως
2467 2448 2642 2521 Ἡρω-

274 2549 471 2620 διανὸς
523 2549 623 2613 διὰ
672 2553 778 2612 τοῦ
826 2550 893 2627 θ,
941 2550 1345 2627 ’Λρίσταρχος
1396 2549 1454 2613 δὲ
1504 2550 1606 2613 διὰ
1654 2554 1758 2613 τοῦ
1807 2559 1862 2613 f.
1925 2549 2116 2614 Hunc
2175 2555 2406 2615 testem
2457 2554 2641 2616 unice

270 2656 392 2721 fide
455 2654 724 2742 dignum
789 2655 1022 2721 ducens
1082 2655 1387 2721 Ludwich
1448 2662 1790 2742 praeeunte
1853 2656 2115 2722 Lehrsio
2163 2659 2425 2735 statuit,
2474 2658 2646 2721 Aris-

267 2762 561 2827 tarchum
608 2764 720 2832 τῶς
772 2762 1047 2840 dedisse,
1096 2761 1535 2828 Herodianum
1580 2783 1732 2827 vero
1773 2763 1822 2826 θ’
1849 2761 1923 2833 ὣς
1942 2811 1959 2839 ,
2001 2761 2193 2848 idque
2233 2765 2325 2827 ita
2359 2762 2644 2849 intelligi

268 2866 582 2933 voluisse:
647 2874 704 2931 et
765 2874 832 2931 ut
890 2868 1001 2931 ille
1047 2868 1210 2932 dixit
1227 2917 1243 2946 ‚
1290 2869 1378 2933 sic
1422 2870 1566 2932 haec
1613 2868 1890 2932 eveniunt
1933 2868 2090 2947 (vid.
2142 2868 2340 2933 Lehrs
2386 2870 2584 2933 Arist.
2613 2866 2640 2907 ⁸
2705 2922 2719 2939 ,

266 2997 328 3061 p.
380 2972 501 3051 32,
552 2972 859 3038 Ludwich
906 2975 1102 3038 Arist.
1150 2974 1200 3039 I.
1251 2997 1313 3061 p.
1365 2974 1542 3055 214).

354 3078 476 3145 Sed
558 3100 659 3144 res
731 3078 923 3144 dubia
988 3080 1153 3143 mihi
1220 3086 1285 3144 et
1352 3079 1616 3145 antehac
1683 3079 2018 3145 videbatur
2085 3086 2150 3145 et
2214 3102 2380 3144 nunc
2445 3100 2641 3165 quam

262 3188 543 3251 maxime
587 3185 862 3263 videtur,
910 3192 1248 3270 postquam
1296 3185 1535 3250 scholia
1580 3183 1977 3252 Genevensia
2014 3188 2450 3251 innotuerunt.
2494 3186 2643 3252 'Pes-

262 3295 529 3359 timonia
571 3295 745 3358 enim
789 3299 1172 3378 quantopere
1216 3293 1387 3356 inter
1428 3313 1495 3357 se
1543 3292 1895 3378 discrepent
1941 3292 2263 3369 vidimus3
2331 3292 2640 3357 tribuitur

357 3398 721 3465 Aristarcho
812 3400 925 3467 τὼς
974 3399 1072 3462 At.

804 3504 973 3569 τόσσ’
1022 3503 1304 3589 Epimer.
1352 3504 1573 3591 Etym.
1621 3504 1716 3569 M.
1766 3510 1830 3571 et
1880 3502 2047 3571 Gud.

803 3613 855 3674 θ’
900 3606 972 3682 ὣς
1022 3606 1264 3676 Genev.
1316 3608 1477 3675 Vict.
1524 3609 1652 3675 BL.

352 3717 711 3784 Herodiano
804 3720 920 3787 τὼς
970 3700 1129 3782 Gen.
1180 3715 1342 3781 Vict.

804 3820 857 3888 θ’
889 3821 963 3893 ὣς
1014 3821 1294 3907 Epimer.
1343 3821 1565 3909 Etym.
1615 3821 1709 3887 M.
1761 3830 1824 3887 et
1871 3819 2039 3888 Gud.
2087 3824 2171 3887 At
2211 3822 2394 3906 [BLJ.

351 3930 553 3997 Versu
608 3936 826 3995 autem
888 3926 1189 4014 parallelo
1256 3940 1297 3995 Ξ
1349 3928 1433 3993 48
1480 3927 1885 3994 Herodianus
1906 3977 1922 4005 ,
1973 3928 2339 3993 Ptolemaeo
2385 3928 2637 3994 Ascalo—

262 4040 429 4103 nitae
475 4057 761 4101 assensus
778 4084 795 4113 ,
844 4034 1095 4101 disertis
1140 4035 1349 4099 verbis
1389 4035 1615 4120 probat
1655 4034 1996 4099 lectionem
2032 4036 2167 4111 τὼς,
2195 4034 2388 4100 allato
2412 4034 2634 4100 eodem

261 4140 551 4228 exemplo
599 4142 714 4212 τὼς
763 4141 825 4205 δέ
873 4142 933 4203 σ’
982 4140 1309 4217 ἀπεχθήρω
1358 4148 1401 4203 Γ
1446 4138 1613 4217 415;
1666 4160 1790 4225 quo
1838 4142 2204 4205 testimonio
2250 4146 2634 4226 quantopere

263 4248 668 4316 confirmetur
726 4246 795 4311 id
858 4246 1029 4331 quod
1082 4250 1295 4310 nostro
1342 4244 1478 4311 loco
1526 4246 1603 4309 de
1649 4244 2010 4311 Herodiano
2057 4247 2338 4311 referunt
2386 4242 2626 4311 Genev.

264 4362 326 4422 et
373 4354 560 4432 Vict.,
631 4374 819 4419 nemo
890 4373 1014 4417 non
1084 4351 1280 4416 videt.
1351 4351 1569 4416 Lectio
1629 4352 1800 4416 τόσσ’
1862 4372 2012 4417 vero
2073 4354 2343 4417 minime
2391 4358 2488 4416 est
2533 4352 2634 4417 ab·

262 4460 450 4529 surda
466 4510 482 4540 ,
554 4480 756 4547 neque
828 4459 1239 4525 scribentium
1308 4460 1507 4525 errori
1568 4478 1712 4525 eam
1773 4456 1986 4523 deberi
2053 4456 2354 4525 credibile
2431 4458 2593 4525 duco
2611 4510 2628 4539 ,
