3192 5009
552 272 689 338 204
1310 292 1397 339 An
1440 292 1788 341 nis-rom
1833 290 2167 341 semem.

549 462 943 545 excogitasse
1000 460 1221 537 fertur,
1280 462 1351 523 in
1396 458 1726 546 tragoedia
1769 460 2034 544 antiqua
2075 458 2294 523 nullus
2336 463 2436 523 eet
2476 456 2656 523 locus
2670 503 2690 533 ,
2739 462 2806 521 et
2859 456 2940 519 in

550 586 717 629 nova
758 569 975 651 potius
1018 565 1343 631 comoedis
1386 564 1690 631 videntur
1733 564 2094 650 quaerendi.
2141 563 2436 629 Nominis
2469 562 2744 649 denique
2783 581 2942 647 poe-

550 676 653 734 tae
668 719 687 747 ,
756 669 833 735 de
902 692 1029 755 quo
1098 670 1403 757 loquitur,
1466 691 1690 737 veram
1747 673 2134 756 scripturam
2195 691 2264 735 se
2325 674 2620 757 ignorare
2681 667 2938 732 fatetur

546 779 1029 861 grammaticus.
1070 776 1169 840 Ex
1208 782 1483 862 quatuor
1516 779 1724 863 igitur
1759 776 1949 841 rebus
1966 824 1985 854 ,
2027 796 2183 861 quas
2217 776 2410 840 refert
2431 773 2661 840 Suidas
2681 823 2700 851 ,
2721 792 2934 837 unam

544 882 843 947 videmus
876 883 1215 947 manifesto
1252 882 1481 947 falsam
1516 903 1652 947 esse
1671 931 1688 959 ,
1730 902 1929 947 unam
1967 886 2106 947 veri
2143 880 2652 947 dissimillimam
2668 930 2686 958 ‚
2725 900 2932 944 unam

545 992 890 1052 incertam:
930 991 1147 1073 itaque
1184 1009 1345 1074 quae
1382 996 1616 1065 restat,
1653 987 2104 1074 Neophronem
2133 988 2380 1053 fabulas
2403 988 2694 1053 docuisse
2717 984 2932 1061 CXX,

544 1097 615 1157 in
660 1093 779 1157 hac
824 1094 1084 1178 quidem
1128 1097 1365 1159 vicinia
1411 1115 1536 1158 non
1572 1100 1783 1179 potest
1819 1116 1944 1159 non
1981 1114 2118 1159 esse
2157 1099 2488 1179 suspecta,
2531 1100 2598 1158 et
2633 1096 2930 1179 inspecto

546 1199 781 1264 Suidae
840 1221 1028 1285 opere
1070 1204 1439 1266 incertiores
1485 1222 1712 1266 sumus
1755 1200 1834 1265 de
1880 1202 2126 1288 tragico
2167 1212 2387 1265 nostro
2433 1221 2630 1286 quam
2677 1198 2932 1263 dudum

548 1306 893 1370 fueramus.

640 1410 766 1477 Sed
824 1434 983 1490 una,
1044 1434 1241 1498 quam
1284 1413 1475 1477 modo
1520 1415 1746 1489 omisi,
1793 1414 2148 1478 observatio
2193 1411 2430 1477 Suidae
2477 1418 2682 1478 restat
2721 1411 2938 1477 diudi-

552 1518 769 1583 cenda.
815 1516 1017 1584 Cuius
1060 1522 1267 1604 prima
1302 1520 1497 1584 verbe
1528 1520 1684 1584 haec
1721 1526 1906 1584 sunt:
1947 1519 2300 1603 Noopbroni
2337 1522 2500 1598 (sive
2533 1519 2932 1605 Neophonti)

552 1625 823 1687 tribuunt
888 1625 1215 1707 Eur-»spiclis
1274 1627 1571 1689 Medeam.
1647 1626 1828 1692 Idem
1895 1626 2188 1711 perhibet
2247 1625 2566 1713 Diogenes
2627 1625 2930 1690 Laertius

552 1728 617 1793 11
667 1729 816 1807 134,
864 1735 978 1816 qui
1020 1731 1099 1797 de
1144 1731 1509 1798 Menedemi
1554 1732 1918 1818 philosophi
1961 1732 2194 1797 studiis
2251 1731 2588 1798 litterariis
2649 1732 2930 1797 referens

551 1836 707 1900 haec
764 1836 974 1901 addit:
1030 1833 1187 1901 ὅστε
1232 1839 1553 1902 πταίουσιν
1604 1840 1656 1902 οἱ
1703 1840 1994 1915 λέγοντες
2043 1838 2230 1913 μηδὲν
2281 1840 2468 1902 αὐτὸν
2516 1840 2928 1914 ἀνεγνωκέναι

552 1947 717 2014 tainu
774 1949 885 2012 τῆς
932 1942 1217 2016 Μηδείας
1262 1952 1373 2017 τῆς
1418 1945 1783 2024 Εὐριπίδου,
1833 1935 1900 2017 ἣν
1948 1946 2010 2007 ἒν
2055 1952 2179 2013 τοῖς
2229 1944 2569 2025 Νεόφρονος
2617 1940 2768 2007 εἶναι
2816 1946 2928 2007 τοῦ

554 2050 877 2112 Σικυωνίου
923 2052 1141 2123 <Dae-iv.

642 2153 937 2221 Tertium
992 2156 1189 2220 huius
1248 2160 1343 2221 nei
1390 2160 1834 2222 testimonium
1879 2162 2054 2221 extat
2101 2160 2171 2221 in
2215 2158 2620 2244 Argumenta
2663 2156 2930 2221 Medeae

552 2260 912 2345 Euripidis:
984 2262 1053 2326 τὸ
1122 2261 1337 2335 Baiias
1406 2263 1575 2326 δοκεῖ
1637 2263 2064 2336 ὑποβιλέσθιι
2129 2264 2748 2339 παναιόφρονος
2809 2264 2932 2340 (sio

554 2366 691 2431 cod.
733 2366 869 2431 flor.
910 2365 1017 2443 32,
1046 2367 1115 2446 2)
1163 2368 1616 2446 διασκευάσας,
1655 2372 1730 2438 ὦς
1777 2370 2158 2447 Δικαίαρχός
2203 2392 2274 2431 τε
2311 2370 2423 2447 (ἓν
2465 2370 2602 2447 τῷ)
2643 2370 2778 2447 περὶ
2819 2372 2928 2430 τοῦ

552 2473 857 2543 Ἑλλάδος
930 2473 1069 2549 βίου
1140 2478 1243 2537 xxi
1312 2477 1742 2553 Ἀριστοτέλης
1807 2477 1868 2538 ἐν
1929 2482 2050 2545 τοῖς
2117 2475 2570 2549 ὑπομνήμασιν.
2651 2473 2724 2539 Si
2783 2476 2930 2560 quis

554 2587 775 2645 autem
832 2578 1241 2646 Scenicorum
1300 2580 1646 2647 editionem
1705 2580 2180 2646 Diodorfianam
2225 2580 2432 2645 solam
2476 2580 2768 2646 consulat
2783 2630 2802 2658 ,
2847 2600 2928 2644 ne

552 2690 913 2772 suspicetur
958 2687 1217 2772 quidem
1264 2688 1435 2751 hunc
1480 2686 1698 2753 locum
1743 2687 2036 2753 lectionis
2079 2686 2441 2772 corruptela
2481 2708 2620 2752 esse
2661 2684 2932 2771 impedi·

554 2800 699 2857 tum
714 2814 733 2869 3
793 2796 1043 2878 scripsit
1104 2796 1279 2857 enim
1338 2792 1704 2859 Dindorfius
1761 2796 1846 2856 τὰ
1909 2794 2246 2869 Νεόφρονος
2296 2793 2714 2863 διασκευάσας
2736 2842 2755 2870 ,
2811 2812 2928 2856 nec

554 2902 895 2984 quicquam
954 2902 1309 2964 annotavit..
1376 2898 1557 2965 Idem
1603 2900 1733 2964 fere
1782 2899 1942 2965 olim
1989 2903 2186 2964 suasit
2233 2898 2582 2963 Elmsleius
2627 2897 2708 2963 ad
2752 2896 2928 2963 Med.

552 3026 616 3090 p.
666 3004 773 3081 68,
820 3007 947 3069 nisi
992 3006 1159 3090 quod
1210 3008 1379 3081 rapi
1430 3006 1768 3081 Νεὲφρονος
1809 3010 2061 3091 scripsit
2101 3012 2244 3085 (ΠΛ
2273 3042 2360 3052 —-
2389 3003 2596 3091 ΠΖ).
2647 3004 2930 3089 Uterque

552 3116 759 3199 igit-ur
800 3115 1027 3177 statuit
1076 3113 1519 3197 Neophronem
1556 3116 1882 3197 scripsisse
1922 3114 2142 3177 drama
2177 3110 2476 3176 Medeam
2493 3160 2510 3187 ,
2551 3108 2928 3196 Euripidem

554 3228 773 3283 autem
832 3219 901 3282 id
958 3222 1027 3282 in
1086 3240 1233 3283 suos
1278 3240 1435 3283 usus
1482 3222 1892 3284 convertisse.
1943 3218 2118 3282 Olim
2165 3224 2382 3283 tamen
2429 3239 2692 3302 prorsus
2743 3216 2930 3283 aliter

552 3324 631 3389 de
678 3327 993 3410 corruptis
1038 3324 1139 3388 his
1184 3325 1395 3389 verbis
1442 3326 1830 3411 Argumenti
1869 3324 2304 3401 indicebatur;
2341 3344 2492 3387 nam
2529 3327 2644 3408 qui
2681 3324 2930 3408 primus

552 3430 872 3496 intellexit
920 3432 1299 3513 Neophronis
1344 3432 1449 3496 hic
1496 3453 1730 3497 nomen
1773 3430 2026 3495 latitare
2046 3480 2064 3507 ,
2111 3430 2419 3507 Beckius‚
2459 3429 2822 3516 corrig-ebat
2859 3431 2926 3493 τὸ

553 3538 761 3613 Raima
833 3538 999 3601 δοκεῖ
1062 3536 1491 3611 §assotians
1554 3538 1581 3601 ὃ
1653 3540 1968 3605 Σικυώνιος
2037 3539 2352 3615 Nee-pm„
2401 3544 2470 3602 et
2515 3536 2732 3601 simile
2777 3535 2928 3622 quid

554 3642 875 3709 Mullerus
935 3652 996 3707 et
1046 3642 1441 3709 Matthiaeus
1484 3643 1632 3709 inde
1681 3643 2026 3709 extundere
2071 3645 2280 3708 conati
2327 3650 2480 3709 suut
2524 3643 2630 3721 (cf.
2679 3642 2929 3729 Kayser

552 3750 726 3815 Hist.
774 3746 935 3815 Crit.
982 3748 1175 3836 Trag.
1220 3771 1283 3835 p.
1336 3748 1523 3815 304³:
1586 3753 1678 3814 sic
1737 3752 1948 3836 igitur
2009 3772 2134 3814 nou
2193 3748 2534 3835 Euripides
2593 3748 2706 3813 sed
2771 3747 2928 3813 Neo-

548 3856 753 3943 phrou
814 3854 1051 3919 fraudis
1112 3853 1629 3919 insimulabatur.
1695 3854 2044 3919 Elmsleius
2099 3867 2352 3931 autem,
2401 3858 2458 3919 si
2503 3854 2661 3940 quid
2707 3854 2920 3930 videO,

548 3964 668 4028 hec
712 3982 827 4027 sua
870 3962 1231 4025 coniectura
1250 4008 1267 4035 ,
1316 3981 1477 4046 quae
1523 3961 1604 4025 ab
1650 3958 2020 4025 Hermanno
2067 3958 2400 4025 Welckero
2437 3958 2742 4047 Pflugkio
2781 3958 2924 4025 Din-

550 4068 745 4134 dortio
790 4066 935 4131 aliis
982 4066 1243 4151 probata
1291 4065 1515 4131 deiude
1564 4066 1768 4131 veluti
1810 4068 2168 4131 certissima
2205 4066 2566 4131 emendatio
2601 4070 2670 4131 in
2709 4066 2922 4131 editio-

548 4197 660 4239 nes
720 4175 849 4239 fere
910 4194 1131 4238 omnes
1198 4187 1449 4260 recepta
1507 4187 1600 4239 est
1623 4222 1638 4249 ,
1708 4170 1878 4237 male
1923 4175 2196 4237 meritus
2243 4183 2336 4237 est
2385 4172 2464 4236 de
2509 4172 2782 4237 historia
2826 4170 2924 4236 lit-

554 4282 805 4345 teraris.

648 4386 791 4451 Non
848 4388 1021 4451 enim
1084 4384 1255 4465 rap-i
1324 4397 1431 4450 sut
1496 4384 1581 4449 ni
1645 4386 1712 4448 in
1759 4382 1994 4449 litteris
2041 4408 2134 4447 ra
2181 4384 2380 4449 latere
2425 4390 2584 4470 puto
2633 4385 2922 4471 equidem
