3192 5009
1098 350 1181 399 nn
1230 348 1543 400 sars‘rnm
1588 348 1914 400 nmsrou.
2551 326 2682 401 261

295 522 550 605 peccat:
634 538 973 583 commune
1040 518 1163 583 boc
1236 519 1477 583 vitium
1548 524 1645 584 est
1713 515 2158 583 Alexandrinis
2230 520 2643 604 scriptoribus
2661 569 2677 597 ,

294 627 499 689 etiam
567 620 957 691 Callimacho
1022 629 1085 689 et
1148 622 1507 708 Apollonio.
1575 622 1666 688 Ut
1725 628 1940 689 noster
1987 647 2049 710 p.
2103 624 2186 689 13
2234 648 2368 689 συν
2390 630 2684 704 ακοῦσαι,

292 752 361 816 p.
414 729 499 795 68
550 728 987 806 ἐξεθαύμασε
1038 752 1101 815 p.
1158 729 1239 796 17
1292 729 1850 812 συναναγκάζεινς
1899 732 1991 795 ita
2031 728 2459 798 Callimachus
2495 731 2682 798 Dian.

292 832 431 901 247
475 860 625 899 κατ
646 860 685 899 α
705 832 1036 916 κροταλίζω
1056 884 1075 915 ,
1116 834 1256 900 Del.
1283 832 1416 901 274
1458 860 1556 899 κα
1578 835 1852 913 τέλεξας
1873 885 1891 914 ,
1923 835 2108 901 Dem.
2139 836 2226 901 50
2267 839 2350 901 ἐκ
2370 835 2684 918 κεραΐζειν,

287 940 675 1028 Apollonius
715 942 746 1006 I
773 940 901 1007 665
943 943 1347 1022 παρενήνοθε
1369 990 1385 1019 ,
1425 943 1512 1007 ib.
1554 942 2038 1027 ἐπισκάζουσα,
2075 943 2206 1009 846
2241 946 2414 1015 εἷςα
2437 943 2681 1023 πέβαν,

296 1048 475 1114 1281
544 1049 1151 1128 haynrico-ovem
1217 1048 1536 1135 plerisque
1597 1052 1771 1115 enim
1817 1051 2050 1115 horum
2099 1050 2388 1116 locorum
2432 1072 2687 1138 praepo-

290 1158 447 1221 sitio
486 1157 612 1221 fere
654 1157 984 1236 παρέλκει,
1028 1176 1217 1221 causa
1254 1176 1405 1221 vero
1426 1204 1443 1233 ,
1485 1176 1646 1242 quae
1685 1154 1866 1221 illius
1891 1158 2118 1222 aetatis
2141 1163 2358 1242 poetas
2381 1157 2648 1222 adduxit
2665 1206 2681 1236 ‚

290 1268 375 1327 ut
435 1265 684 1349 saepius
744 1265 878 1329 sive
947 1263 1518 1348 praepositionibus
1584 1264 1776 1328 verba
1840 1269 2135 1329 ornarent
2153 1312 2169 1341 ‚
2219 1266 2354 1329 sive
2399 1263 2686 1350 longiore

288 1369 505 1433 forma
541 1371 681 1433 vim
716 1368 943 1434 addere
981 1369 1175 1434 verbo
1216 1368 1545 1434 studerent
1562 1418 1579 1446 ,
1622 1369 1844 1435 eadem
1880 1369 2049 1455 apud
2087 1375 2324 1434 ceteros
2349 1376 2682 1456 scriptores

286 1474 471 1539 haud
527 1478 743 1539 minus
805 1474 1091 1539 valebat:
1157 1496 1375 1539 omnes
1426 1474 1662 1540 talibus
1709 1475 2008 1541 subsidiis
2054 1476 2306 1541 firmare
2353 1482 2418 1541 et
2465 1497 2685 1542 ornare

288 1584 654 1646 orationem
700 1602 884 1646 suam
930 1581 1337 1659 conabantur,
1386 1582 1500 1646 ubi
1547 1584 1802 1667 propria
1847 1584 1948 1647 vis
1999 1590 2064 1649 et
2101 1583 2294 1648 robur
2329 1604 2684 1649 sermonem

291 1682 693 1753 Graecorum
740 1686 1000 1753 deficere
1049 1690 1275 1773 coepit.

388 1940 739 2006 Mauritius
788 1939 1081 2006 Schmidt
1126 1962 1275 2006 cum
1322 1961 1485 2006 anno
1542 1939 1715 2006 1868
1765 1960 2000 2005 novam
2047 1941 2348 2026 epistolae
2397 1943 2682 2008 Aristeae

292 2047 645 2113 editionem
663 2096 680 2125 ,
750 2048 1139 2133 praefatione
1206 2054 1493 2112 ornatam
1554 2049 1623 2111 in
1685 2045 2018 2112 annalibus
2080 2049 2190 2133 qui
2247 2048 2686 2113 inscribuntur

300 2152 554 2230 „Merx’
642 2154 882 2219 Archiv
965 2154 1069 2219 fiir
1154 2152 1756 2218 wissenschaftliche
1826 2152 2264 2239 Erforschung
2332 2153 2439 2218 des
2509 2154 2680 2220 alten

296 2258 743 2325 Testaments”
808 2259 1049 2347 publici
1108 2263 1268 2325 iuris
1327 2260 1513 2339 fecit,
1563 2260 1722 2324 duos
1771 2266 2026 2325 tantum
2075 2260 2315 2327 codices
2362 2260 2722 2327 Parisinos'

300 2366 599 2432 adhibuit
660 2364 838 2447 (cod.
902 2366 1061 2455 Reg.
1114 2366 1288 2432 1888
1350 2388 1517 2431 nunc
1583 2363 1697 2432 Gr.
1755 2364 1903 2444 129,
1971 2387 2164 2452 quem
2223 2367 2442 2432 littera
2499 2368 2552 2432 B
2614 2372 2683 2433 in

299 2472 577 2538 editione
602 2494 717 2537 sua
739 2472 981 2538 indicat
1000 2522 1015 2550 ,
1044 2480 1106 2537 et
1131 2470 1283 2540 cod.
1310 2472 1468 2559 Reg.
1501 2470 1673 2537 1889
1699 2494 1865 2537 nunc
1891 2470 2004 2538 Gr.
2033 2472 2094 2537 5.
2125 2471 2260 2550 „G”
2289 2472 2678 2555 Schmidtii).

294 2578 589 2644 Priorem
637 2578 921 2645 codicem
962 2583 1127 2644 tanti
1165 2579 1526 2644 faciendum
1564 2578 1876 2644 iudicavit
1911 2582 2014 2645 vir
2051 2578 2462 2659 clarissimus,
2502 2587 2578 2645 ut
2614 2584 2683 2645 in

290 2684 513 2750 libello
576 2684 815 2750 edendo
878 2706 1028 2750 eum
1092 2692 1421 2771 tamquam
1485 2688 1918 2749 certissimum
1991 2684 2220 2751 ducem
2289 2687 2682 2771 sequendum

299 2812 435 2857 esse
472 2794 917 2869 constitueret,
958 2792 1196 2877 ubique
1244 2792 1373 2856 fere
1421 2790 1710 2877 vulgatis
1758 2793 2167 2876 antiquarum
2215 2791 2570 2857 editionum
2614 2797 2680 2857 et

299 2896 530 2962 codicis
596 2895 883 2962 Vaticani
942 2897 1322 2963 lectionibus
1385 2900 1614 2982 spretis
1673 2896 1780 2962 vel
1841 2900 1909 2961 in
1955 2900 2315 2984 marginem
2360 2897 2679 2985 relegatis.

300 3002 684 3089 Super-erant
726 3026 879 3070 vero
899 3054 915 3082 ,
966 3026 1123 3090 quos
1162 3026 1288 3069 non
1330 3004 1625 3069 adhibuit
1663 3002 2078 3081 Schmidtius‚
2119 3003 2476 3089 complures
2518 3005 2682 3069 codi-

300 3130 435 3176 ces:
502 3114 749 3196 septem
814 3113 985 3176 enim
1049 3110 1443 3175 Lumbrosus
1460 3160 1476 3188 ,
1524 3113 1628 3175 vir
1673 3109 1902 3175 harum
1949 3131 2165 3175 rerum
2210 3112 2641 3196 peritissimus
2660 3159 2676 3188 ,

302 3224 631 3283 enumerat
690 3220 760 3281 in
823 3216 1161 3303 appendice
1222 3216 1373 3282 libri
1392 3266 1407 3294 ,
1474 3238 1666 3304 quem
1719 3219 2044 3302 inscripsit
2093 3216 2526 3294 „Recherches
2571 3238 2681 3282 sur

300 3322 669 3389 l’economie
732 3323 1043 3410 politique
1103 3324 1212 3389 des
1274 3320 1591 3410 Lagides”
1641 3344 1703 3409 p.
1756 3322 1907 3400 351,
1954 3326 2123 3387 inter
2168 3342 2325 3408 quos
2372 3329 2468 3387 est
2513 3322 2684 3388 Mar-

302 3430 519 3493 cianus
566 3428 700 3494 cod.
741 3451 840 3517 gr.
883 3428 1035 3506 534,
1078 3431 1261 3495 cuius
1303 3429 1533 3494 codicis
1570 3431 1778 3494 varias
1815 3428 2116 3494 lectiones
2154 3428 2392 3493 ibidem
2433 3428 2679 3495 adiecit.

303 3534 471 3615 Quas
509 3538 710 3621 siquis
733 3534 1079 3621 perlustrat
1101 3538 1322 3600 statim
1347 3535 1589 3600 videbit
1613 3534 1952 3620 permultis
1975 3533 2132 3600 locis
2154 3534 2558 3600 Marcianum
2583 3557 2680 3601 co-

302 3748 439 3787 τητα
474 3732 535 3783 cf.
572 3732 736 3797 Polyb.
780 3732 859 3782 VI.
902 3734 978 3781 10.
1006 3734 1066 3781 10
1117 3760 1182 3769 -
1218 3734 1296 3781 15.
1317 3732 1381 3782 29
1417 3730 1547 3793 διορ
1563 3749 1642 3791 μη
1657 3734 1760 3780 νεῦ
1775 3748 1884 3779 σαι
1921 3732 2040 3795 (non
2073 3732 2422 3797 interpretandi
2459 3734 2538 3781 sed
2573 3748 2680 3783 ver·

300 3815 435 3865 tendi
469 3815 689 3879 notione)
724 3814 889 3878 Polyb.
928 3813 1023 3863 111.
1059 3814 1139 3864 22.
1161 3816 1191 3863 3
1242 3842 1307 3852 -—-
1347 3816 1475 3863 165
1510 3812 1873 3875 ὁπορηρκὼς
1919 3812 2221 3873 σύμπαντας
2256 3814 2374 3870 τοῦς
2405 3812 2680 3875 ἀνθρώπους

303 3898 378 3961 τῇ
427 3898 844 3958 λαμπρότητι
899 3898 975 3951 τῆ
993 3914 1015 3954 ς
1062 3894 1101 3955 ψ
1116 3898 1278 3959 υχῆς
1311 3895 1370 3945 cf.
1409 3895 1571 3959 Polyb.
1620 3896 1745 3945 XII.
1785 3896 1845 3944 13
1881 3896 2056 3945 collato
2090 3897 2254 3945 eodem
2292 3896 2497 3947 XXXII.
2533 3897 2682 3946 23.1.

304 4006 367 4015 —
414 3980 493 4028 le.
514 3980 579 4029 23
628 3976 1109 4043 δοδοξασμίνος
1159 3979 1190 4027 i.
1211 3995 1250 4027 e.
1297 3979 1451 4043 gloria
1497 3983 1721 4028 ornatus:
1772 3978 1940 4042 Polyb.
1977 3978 2065 4028 VI.
2106 3981 2183 4029 58.
2204 3980 2284 4027 10.
2321 4006 2386 4016 -
2422 3978 2500 4030 17.
2522 3983 2550 4029 5
2581 3992 2682 4039 με-

301 4076 341 4123 γ
357 4058 715 4121 αλομίρεια
748 4076 853 4119 vox,
887 4076 1029 4125 quam
1066 4060 1291 4124 Polybius
1324 4060 1374 4109 in
1406 4060 1589 4109 deliciis
1624 4060 1781 4109 habet.
1813 4088 1876 4097 —
1912 4058 1988 4111 1⁷.
2009 4060 2075 4108 20
2110 4057 2467 4121 προπέτεια
2496 4076 2680 4121 στρα-

302 4140 605 4198 τιωτικῆς
660 4142 825 4206 Polyb.
871 4142 966 4191 ΙΙΙ.
1002 4143 1115 4191 109.
1170 4171 1234 4179 -
1286 4144 1366 4192 18.
1406 4144 1469 4193 15
1514 4141 1915 4203 ἀπομερίσαι
1969 4142 2284 4191 distribuendi
2339 4142 2681 4207 significatione

304 4224 467 4288 Polyb.
502 4224 598 4275 111.
636 4226 715 4273 8⁵.
738 4226 781 4273 ⁵.
832 4224 1023 4285 Quibus
1068 4240 1125 4273 ex
1168 4229 1380 4273 extrema
1426 4224 1628 4289 epistola
1673 4224 1794 4273 adici
1829 4226 1986 4289 potest
2022 4233 2054 4272 Λ
2068 4223 2094 4270 ι’
2099 4240 2168 4272 αν
2205 4225 2312 4283 (68.
2330 4226 2360 4273 8
2403 4228 2544 4273 ,λίαν
2581 4222 2682 4289 ἐξο-

303 4303 589 4371 onducto-W)
623 4307 749 4371 quod
783 4306 833 4355 in
870 4308 1141 4355 Atticorum
1175 4322 1391 4355 sermone
1425 4306 1707 4371 plerumque
1749 4308 1866 4354 ’τοῦ
1902 4304 2178 4368 &fynus-o?
2209 4310 2280 4355 est
2307 4306 2443 4369 (Cob.
2469 4306 2536 4357 l.l.
2560 4309 2682 4367 180)

302 4402 468 4437 verum
497 4389 660 4438 eodem
689 4404 827 4437 sensu
858 4405 885 4437 a
904 4388 1103 4452 Polybio
1122 4390 1247 4437 haud
1265 4388 1409 4437 semel
1430 4394 1689 4453 usurpatur
1706 4388 1878 4447 (veluti
1893 4388 1946 4437 in
1963 4404 2019 4437 eo
2036 4389 2190 4451 capite
2209 4416 2273 4425 —
2294 4388 2469 4437 XXIX.
2489 4390 2534 4438 6.
2555 4406 2597 4439 c.
2614 4416 2682 4427 —-

304 4470 386 4521 ubi
410 4471 644 4521 Demetrii
670 4469 813 4521 verba
830 4470 941 4533 περὶ
956 4468 1124 4533 τύχης
1142 4471 1384 4521 relaturus
1399 4470 1565 4519 scribit
1581 4491 1597 4521 ε
1620 4468 1782 4520 ,ὥστε
1801 4468 2046 4528 πολλάκις
2064 4469 2148 4518 καὶ
2166 4470 2278 4519 Mau
2296 4468 2680 4533 μνημονεῦσινἽ.
