3192 5009
514 222 602 290 22
1541 235 1853 285 memus.

511 408 756 495 lingius
777 454 793 483 ,
859 412 924 469 et
985 423 1184 490 paene
1247 404 1315 467 in
1361 400 1524 468 libro
1572 402 1604 468 I
1650 403 1787 469 solo
1807 453 1823 482 ,
1873 405 1992 470 hoo
2037 412 2168 485 est,
2216 406 2383 493 quod
2427 411 2607 494 prius
2654 409 2890 495 ubique

514 516 826 600 scriptum
885 516 983 577 est
1041 532 1154 595 que
1171 559 1187 588 ,
1250 515 1397 573 tum
1456 508 1683 575 deletis
1744 510 1979 577 litteris
2034 535 2107 577 ue
2150 513 2393 579 factum
2440 521 2538 580 est
2583 538 2648 601 q,·
2695 537 2892 582 manu

514 620 583 685 1ει
599 618 699 701 (Y),
749 624 826 684 ut
871 639 934 684 v.
989 614 1097 694 34,
1125 614 1234 693 49,
1266 614 1373 694 51,
1403 614 1509 694 53,
1539 614 1647 695 59,
1676 616 1782 695 61,
1812 616 1917 695 65,
1947 617 2054 696 68,
2084 616 2189 697 77,
2217 618 2325 700 87,
2354 620 2461 700 91,
2488 620 2595 701 96,
2622 621 2730 699 99,
2760 621 2888 690 123

509 732 584 792 ut
647 724 893 812 reliqua
956 725 1275 789 omittam.
1341 722 1512 788 Raro
1572 724 1694 789 hoc
1740 722 1815 787 fit
1857 726 1926 788 in
1972 725 2233 811 reliquis
2279 726 2460 792 libris
2476 776 2494 806 ,
2543 732 2891 815 statimque

507 858 573 919 q,·
637 834 969 918 scriptum.
1043 828 1218 894 Haec
1279 828 1677 917 Krelingius.
1744 830 1912 897 Mire
1986 836 2260 899 concinit
2321 834 2527 900 Mont.
2548 885 2564 914 ,
2636 839 2707 901 in
2767 858 2890 922 quo

507 939 693 1028 plane
757 937 978 1003 eadem
1039 938 1343 1001 correctio
1364 984 1379 1013 ,
1443 936 1637 1021 paulo
1697 938 1961 1003 fortasse
2034 944 2447 1006 constantius.
2514 940 2610 1010 Of.
2658 942 2889 1009 Philol.

509 1044 1015 1111 Wochenschrift
1076 1044 1226 1108 anni
1274 1040 1469 1121 1890,
1527 1065 1589 1128 p.
1643 1042 1797 1109 331.
1862 1044 2120 1111 Scilicet
2166 1068 2385 1113 cavere
2431 1048 2778 1115 voluerunt
2820 1050 2897 1115 li-

508 1154 708 1219 brarii
771 1148 1142 1237 corrigendo
1199 1169 1277 1213 ne
1324 1172 1436 1234 que
1479 1150 1822 1215 haberetur
1870 1173 1984 1238 pro
2033 1176 2183 1237 quae
2200 1202 2216 1231 ,
2265 1154 2333 1219 id
2378 1160 2599 1221 autem
2644 1155 2783 1222 fieri
2820 1177 2896 1221 ea

511 1260 776 1325 demum
837 1261 1042 1322 aetate
1104 1274 1355 1321 necesse
1402 1259 1539 1320 erat
1554 1303 1572 1333 ,
1623 1277 1747 1341 qua
1795 1264 2138 1323 evanuerat
2182 1282 2217 1341 g
2234 1308 2250 1337 ,
2297 1266 2731 1349 perpetuoque
2777 1283 2895 1348 pro

512 1386 582 1429 ae
621 1361 1014 1429 scribebatur
1054 1384 1104 1425 e.
1155 1358 1356 1427 Cuius
1399 1362 1495 1425 rei
1533 1364 1657 1426 etsi
1694 1361 1938 1448 aliquot
1976 1366 2110 1430 iam
2132 1365 2425 1451 exempla
2450 1374 2600 1433 sunt
2622 1389 2782 1433 saec.
2807 1368 2892 1447 X,

512 1477 728 1537 tamen
767 1472 823 1534 si
862 1468 1180 1535 credimus
1219 1468 1376 1532 viris
1414 1469 1485 1530 in
1527 1464 1793 1533 Gallicis
1834 1467 2023 1534 MSS.
2064 1474 2517 1538 versutissimis
2558 1472 2630 1537 L.
2659 1472 2897 1540 Delisle

511 1582 578 1644 et
625 1574 960 1643 Chatelain
976 1623 994 1653 ,
1043 1594 1319 1659 quorum
1365 1576 1750 1639 sententiam
1796 1576 1989 1641 refert
2034 1576 2105 1641 F.
2148 1576 2386 1644 Plessis
2434 1580 2512 1646 de
2563 1579 2897 1667 Propertio

511 1682 760 1765 (etudes
823 1684 963 1746 crit.
1028 1701 1140 1745 sur
1197 1680 1509 1765 Properce
1529 1728 1546 1757 ,
1615 1679 1797 1746 Paris
1849 1680 2050 1764 1884)
2100 1706 2163 1770 p.
2218 1683 2323 1763 11,
2372 1688 2441 1750 in
2486 1706 2735 1753 morem
2780 1687 2899 1753 hoc

514 1790 777 1855 demum
825 1807 1206 1853 conversum
1244 1790 1342 1852 est
1379 1789 1644 1851 ineunte
1686 1807 1845 1854 saec.
1888 1787 2067 1855 XIII.
2108 1789 2207 1854 Ex
2246 1811 2321 1856 eo
2358 1794 2569 1879 igitur
2588 1799 2895 1880 tempore,

513 1918 593 1963 ex
639 1916 764 1982 quo
808 1898 1023 1959 metus
1071 1898 1207 1957 erat
1253 1914 1332 1957 ne
1378 1915 1490 1977 que
1533 1895 1893 1959 coniunctio
1940 1899 2330 1982 acciperetur
2374 1920 2489 1983 pro
2536 1923 2687 1985 quae
2704 1948 2720 1979 ,
2768 1903 2815 1966 i.
2841 1922 2896 1966 e.

514 2024 672 2069 saec.
721 1999 903 2078 XIII,
969 2020 1043 2065 ea
1088 2001 1392 2065 correctio
1441 2005 1540 2064 est
1585 2000 1754 2066 facta
1773 2050 1789 2077 ,
1836 2024 1962 2067 non
2008 2023 2156 2068 sane
2204 2024 2243 2068 a
2286 2007 2497 2090 prima
2540 2026 2773 2085 manu,
2821 2007 2899 2073 de

515 2130 641 2198 quo
689 2114 858 2174 recte
903 2105 1156 2172 dubitat
1201 2104 1599 2192 Krelingius.
1653 2104 1957 2173 Ceterum
2003 2110 2059 2173 si
2102 2130 2171 2175 re
2215 2130 2367 2176 vera
2408 2110 2606 2176 Paris.
2654 2111 2784 2177 544
2823 2114 2901 2178 de

517 2217 824 2283 Amicitia
871 2211 1208 2280 Chatelain
1251 2210 1432 2277 ΧΙιΙο
1477 2218 1573 2277 est
1620 2232 1780 2277 saec.
1832 2213 1928 2278 XI
1972 2216 2256 2281 ineuntis
2274 2264 2289 2293 ,
2340 2238 2371 2280 e
2410 2219 2543 2283 iam
2583 2223 2729 2283 tum
2766 2240 2903 2304 per-

514 2327 709 2411 petuo
748 2340 863 2406 pro
906 2342 975 2383 ae
1021 2320 1273 2405 scripta,
1324 2318 1400 2384 cf.
1450 2317 1869 2385 wattenbach
1890 2369 1908 2397 ‚
1956 2320 2316 2408 Anleitung
2362 2322 2388 2362 ⁴
2432 2346 2493 2409 p.
2547 2323 2655 2403 49,
2710 2346 2902 2411 quem

515 2430 805 2515 sequitur
851 2424 1032 2493 Blass
1077 2428 1145 2490 in
1189 2424 1242 2488 Ι.
1279 2423 1525 2490 Miiller
1570 2424 1931 2491 Handbuch
1967 2426 1998 2492 Ι
2036 2449 2099 2513 p.
2129 2426 2282 2506 304,
2326 2436 2391 2495 et
2429 2451 2726 2517 compara
2752 2453 2902 2497 cum

518 2534 735 2602 tabula
792 2532 1052 2599 laudata
1113 2531 1282 2617 apud
1328 2531 1605 2597 eundem
1649 2531 1834 2598 XLII
1880 2554 2037 2599 saec.
2086 2534 2151 2598 X
2194 2536 2308 2601 ubi
2356 2560 2386 2617 ρ
2433 2544 2739 2624 perpetua
2783 2545 2900 2604 est.

608 2641 818 2706 Paene
881 2660 993 2725 per
1049 2658 1116 2704 se
1160 2636 1564 2724 intellegitur
1609 2640 1668 2703 A
1691 2639 1766 2705 M
1811 2661 1937 2705 non
1984 2662 2061 2706 ex
2108 2642 2469 2709 minuscula
2518 2645 2627 2710 sed
2676 2666 2755 2711 ex
2806 2667 2904 2712 ca-

517 2747 704 2837 pitali
763 2748 1079 2831 scriptura
1139 2764 1276 2810 esse
1333 2744 1703 2831 descriptos.
1770 2745 2128 2812 Ostendunt
2186 2748 2253 2813 id
2313 2749 2621 2816 vocabula
2666 2755 2903 2818 centies

519 2855 687 2923 male
735 2853 974 2931 divisa,
1021 2850 1228 2918 veluti
1271 2850 1379 2916 VI.
1426 2850 1551 2917 105
1575 2852 1670 2917 Α;
1719 2856 2124 2941 peregrinam
2173 2876 2309 2921 esse
2348 2860 2595 2923 carinae
2622 2896 2707 2906 ——
2733 2880 2905 2945 pere-

520 2964 706 3051 grina
749 2980 954 3026 messe
1001 2980 1090 3037 c.;
1140 2956 1294 3023 VIII
1341 2954 1462 3023 ‘762
1511 2958 1721 3024 laudis
1758 2962 1828 3024 in
1865 2960 1985 3025 hoc
2023 2981 2181 3026 sexu
2206 2998 2291 3010 —-
2334 2963 2344 3048 Ι
2384 2966 2574 3028 unica
2600 2967 2899 3031 materies

520 3072 749 3136 coniux
798 3065 974 3131 miser
984 3094 1012 3142 ;
1054 3064 1216 3147 eriye
1253 3072 1516 3143 mentem,
1556 3066 1635 3130 A.
1679 3064 1744 3147 (1
1772 3073 1924 3148 m.):
1966 3068 2241 3132 miserere
2259 3076 2541 3150 yemente,
2564 3072 2632 3134 in
2652 3090 2899 3157 marg:

517 3182 834 3259 qenaentem
865 3171 933 3255 ¹),
996 3172 1166 3259 quod
1228 3192 1458 3237 verum
1522 3193 1659 3237 esse
1720 3179 1968 3258 posset,
2018 3176 2073 3239 si
2118 3174 2464 3261 Pompeius
2512 3197 2777 3263 gemens
2822 3177 2903 3242 ad

521 3302 789 3347 uxorem
853 3278 1221 3364 loqueretur
1283 3282 1348 3343 et
1410 3299 1537 3344 non
1593 3280 1665 3342 in
1724 3282 1863 3365 ipsa
1908 3282 2167 3346 miseria
2211 3284 2501 3368 coniugis
2546 3282 2687 3349 laus
2736 3288 2903 3349 esset

523 3389 818 3455 feminae.
864 3384 1007 3449 Lib.
1055 3383 1170 3449 IX.
1222 3382 1375 3463 945,
1423 3384 1538 3449 ubi
1578 3382 1838 3451 Catonis
1877 3388 2190 3452 exercitus
2230 3408 2309 3452 ex
2347 3392 2551 3453 arenis
2592 3392 2901 3476 emergit:

792 3496 1050 3577 iamque
1097 3490 1318 3577 procul
1362 3511 1703 3557 nemorum
1746 3512 1925 3557 rarae
1972 3514 2039 3558 se
2085 3492 2308 3558 tollere
2356 3494 2603 3560 frondes
2622 3545 2638 3575 ,

797 3619 1059 3686 surgere
1107 3604 1408 3685 congesto
1455 3618 1574 3662 non
1620 3598 1786 3662 culta
1830 3598 2109 3685 mapalia
2154 3619 2378 3685 campo
2396 3650 2413 3679 ,

521 3709 655 3775 M.:
723 3728 892 3772 nunc
953 3707 1126 3782 visa,
1187 3702 1250 3769 U
1309 3702 1412 3769 nt‘c
1471 3706 1644 3782 visa,
1699 3703 1775 3769 V.
1823 3710 1974 3770 tunc
2020 3708 2193 3783 visa,
2242 3705 2522 3793 Regius:
2572 3729 2699 3773 non
2745 3712 2904 3774 visa.

521 3816 582 3881 A
629 3820 695 3879 et
755 3838 798 3877 u
856 3817 1026 3879 recte
1073 3832 1200 3876 non
1243 3810 1448 3876 culta:
1495 3810 1536 3875 f«
1562 3829 1770 3876 CULTA
1786 3860 1803 3889 ,
1850 3810 2019 3876 unde
2064 3813 2345 3877 exstitit:
2406 3816 2485 3878 iic
2508 3831 2656 3880 UISA
2672 3863 2688 3892 ,
2738 3837 2907 3881 nunc

523 3925 665 3988 visa
682 3970 700 3999 ,
768 3944 800 3983 c
859 3919 938 3985 ad
985 3920 1276 4005 superius
1322 3915 1709 3983 vocabulum
1755 3921 1958 3982 tracta
2004 3923 2070 3982 et
2114 3936 2137 3981 1
2175 3937 2326 3982 cum
2368 3936 2411 3983 1.
2427 3968 2445 3995 ,
2510 3926 2587 3983 ut
2648 3923 2903 4000 centies,

525 4027 801 4094 confusa.
851 4023 1132 4090 Ridiculi
1174 4029 1323 4089 sunt
1362 4023 1521 4089 tales
1558 4022 1716 4088 alibi
1754 4043 2012 4102 errores,
2051 4022 2258 4088 veluti
2281 4022 2427 4089 Tac.
2452 4025 2616 4089 Ann.
2645 4024 2751 4090 IV.
2780 4024 2903 4093 73:

531 4131 780 4214 „soluto
820 4134 952 4197 iam
992 4128 1238 4196 castelli
1279 4128 1522 4196 obsidio
1561 4135 1628 4195 et
1666 4131 1751 4192 ad
1783 4152 1895 4193 sua
1918 4131 2173 4194 tutcmda
2198 4128 2499 4217 digressis
2522 4130 2906 4197 rebellibus’'

593 4382 649 4447 1)
685 4382 862 4431 Manus
895 4382 926 4431 8
960 4380 1011 4430 in
1049 4382 1102 4430 Δ.
1134 4379 1342 4431 correxit
1374 4380 1599 4431 murore
1630 4382 1675 4443 (e
1707 4378 1759 4428 in
1788 4379 1808 4427 i
1840 4380 1991 4445 corr.)
2024 4324 2253 4444 gement:¹
2274 4381 2345 4443 (in
2380 4394 2530 4444 marg.
2565 4385 2701 4443 tem).
