3192 5009
508 301 597 366 32
1138 391 1144 397 ¹
1523 319 1858 371 nonnus.

778 483 1282 571 Quamquam
1329 485 1614 552 sidere
1664 485 2044 572 pulcrior

773 590 929 657 ille
977 597 1134 668 est,
1183 597 1277 656 tu
1318 590 1599 658 levior
1644 594 1972 660 cortice
2018 598 2099 659 et
2142 594 2521 680 improbo

771 698 1265 763 iracundior
1310 696 1659 777 Hadria,
1862 686 1869 693 ’

774 810 1052 871 tecum
1095 807 1388 869 vivere
1437 825 1729 883 amem,
1780 810 2051 870 tecum
2098 805 2385 871 obeam
2430 804 2729 871 libens.

500 910 577 976 In
621 931 716 976 vs.
770 909 809 976 9
856 910 1220 977 Thressa
1263 908 1520 977 Chloe
1567 910 1843 976 dulcis
1890 910 2130 978 docta
2175 910 2458 978 modos
2504 917 2584 978 et
2628 911 2887 978 citha-

499 1039 532 1081 r
550 1037 586 1083 a
605 1038 639 1083 e
709 1019 933 1084 scien
951 1039 980 1082 s
1048 1020 1140 1083 sic
1204 1024 1701 1103 repraesentaret
1765 1017 2101 1105 psaltriam
2169 1018 2452 1105 aliquam
2526 1018 2775 1085 cultam
2846 1038 2884 1083 a

502 1130 723 1210 poeta,
788 1123 1043 1209 qualem
1092 1122 1455 1210 Tyndarida
1501 1126 1801 1189 novimus
1846 1130 1913 1189 et
1956 1124 2181 1211 Lyden
2228 1124 2286 1206 (I
2332 1123 2434 1203 17,
2482 1124 2578 1190 III
2617 1124 2754 1206 28),
2816 1130 2883 1190 et

502 1230 928 1296 Thurinus
988 1226 1272 1296 Calais
1333 1250 1538 1294 unum
1600 1250 1677 1295 ex
1735 1230 2129 1296 amatoribus
2175 1229 2467 1318 Phrynes
2516 1251 2676 1316 quae
2722 1251 2883 1296 non

502 1358 661 1401 uno
708 1342 890 1402 erat
935 1339 1354 1401 contenta.

593 1436 898 1507 Attamen
943 1443 1010 1505 in
1055 1439 1251 1506 aliam
1298 1442 1661 1526 opinionem
1709 1461 1815 1506 me
1860 1441 2039 1507 ducit
2082 1444 2301 1527 ipsum
2348 1444 2645 1507 carminis
2694 1462 2885 1529 argu-

499 1553 794 1615 mentum
855 1552 921 1613 et
983 1553 1242 1614 externa
1299 1550 1538 1634 species
1585 1547 1969 1613 nitidissime
2016 1547 2209 1614 culta.
2256 1547 2569 1613 Narratur
2614 1554 2881 1615 eventus

497 1655 609 1721 ille
657 1656 947 1720 omnium
993 1656 1351 1718 amantium
1397 1656 1786 1718 communis:
1859 1652 2213 1733 bellum,
2282 1675 2437 1740 pax
2506 1675 2875 1733 rur-sum,

501 1768 608 1827 ut·
637 1767 734 1826 est
792 1762 859 1824 in
921 1758 1158 1837 Satira,
1221 1759 1412 1844 idque
1475 1762 1571 1823 ita
1630 1764 1941 1824 tractatur
1998 1764 2076 1824 ut
2136 1758 2315 1825 nullo
2362 1762 2619 1847 proprio
2664 1760 2873 1827 colore

505 1866 726 1933 referri
773 1868 975 1953 possit
1019 1865 1100 1931 ad
1143 1887 1348 1930 unum
1393 1864 1742 1930 Horatium
1786 1886 2108 1951 unamque
2153 1865 2369 1953 Lycen
2410 1865 2518 1933 vel
2555 1863 2875 1934 Cinaram.

503 1973 730 2039 Utitur
795 1973 1189 2061 imaginibus
1251 1972 1828 2057 comparationibus
1874 1972 2195 2057 parallelis
2239 1972 2642 2059 generalibus
2690 1973 2882 2039 artifi-

504 2084 670 2147 ciose
737 2082 1013 2145 inventis
1084 2086 1148 2144 et
1215 2080 1586 2164 compositis
1605 2127 1622 2156 ‚
1692 2076 1935 2143 nullius
1996 2085 2201 2145 certae
2264 2082 2359 2145 rei
2420 2085 2534 2145 aut
2579 2099 2879 2166 personae

503 2189 748 2253 ratione
793 2186 1046 2263 habita,
1093 2183 1334 2251 veluti:
1384 2184 1827 2250 Persarum
1872 2187 2119 2272 vigui
2162 2206 2359 2273 rege
2404 2186 2743 2253 beatior
2788 2222 2877 2235 -—

502 2292 862 2358 Romana
899 2293 1142 2378 vigui
1181 2288 1501 2355 clarior
1535 2288 1711 2369 Ilia;
1739 2289 2101 2355 Thressa
2134 2288 2419 2371 Chloe;
2450 2291 2879 2357 Thurinus

503 2396 786 2467 Calais
848 2404 1107 2477 (nomen
1166 2395 1572 2483 gentilicium
1635 2399 1970 2482 utriusque
2016 2402 2151 2463 arte
2199 2396 2447 2479 fictum)
2463 2418 2479 2476 ;
2528 2418 2625 2463 no
2644 2420 2683 2461 n
2734 2417 2881 2462 me-

504 2508 729 2569 tuam
771 2505 1014 2581 mori,
1065 2504 1135 2566 si
1180 2508 1298 2567 etc.
1349 2540 1434 2551 -
1482 2503 1611 2568 bis
1658 2505 1940 2587 patiar
1983 2506 2229 2582 mori,
2280 2506 2351 2569 si
2396 2508 2547 2583 etc.;
2599 2509 2874 2569 tecum

499 2614 792 2677 vivere
863 2630 1153 2685 amem,
1216 2614 1493 2673 tecum
1551 2609 1832 2674 obeam
1890 2606 2187 2675 libens.
2259 2608 2481 2675 Unum
2540 2608 2859 2695 peculiare

502 2716 759 2783 videtur
813 2714 1062 2781 Horatii
1109 2714 1468 2801 epitheton,
1518 2717 1630 2800 qui
1677 2736 1743 2781 se
1788 2717 1929 2801 ipso
1976 2720 2139 2780 teste
2184 2720 2321 2781 erat
2363 2718 2599 2782 irasci
2644 2715 2803 2781 cele
2816 2737 2869 2795 r,

499 2843 728 2909 nempe
763 2822 916 2886 hoc:
956 2820 1310 2907 improbo
1357 2820 1811 2886 iracundior
1854 2820 2163 2887 Hadria.
2211 2820 2334 2887 Sed
2370 2823 2525 2888 haec
2560 2844 2739 2889 mera
2776 2828 2874 2889 est

497 2927 774 2994 formula
840 2933 1148 3013 usurpata
1215 2924 1292 2992 de
1360 2928 1500 3012 ipsa
1565 2925 1883 3013 Myrtale,
1948 2925 2247 2993 133.15
2313 2927 2557 2993 fretis
2620 2930 2875 2995 acrior

496 3034 852 3101 Hadriae.
925 3032 1093 3098 Hinc
1163 3032 1470 3097 concludo
1538 3032 1890 3098 Horatium
1951 3036 2153 3099 animi
2210 3054 2400 3100 causa
2455 3054 2867 3100 communem

497 3143 854 3207 amantium
897 3160 1117 3205 casum
1163 3137 1653 3224 elegantissimis
1690 3144 1755 3203 et
1796 3142 2163 3205 tersissimis
2202 3141 2489 3207 versibus
2515 3142 2870 3207 amoebaeis

496 3246 828 3313 inclusisse
845 3294 862 3325 ,
920 3266 1071 3311 cum
1115 3243 1296 3309 nulla
1343 3245 1499 3309 certi
1540 3243 1745 3331 litigii
1790 3248 1893 3309 sui
1938 3252 2053 3311 aut
2098 3246 2627 3314 reconciliationis
2672 3268 2873 3314 recor-

499 3352 752 3419 datione
769 3401 786 3430 ,
835 3351 945 3417 sed
981 3370 1335 3415 memorem
1369 3369 1592 3415 eorum
1610 3398 1627 3429 ,
1665 3371 1825 3435 quae
1854 3353 1993 3437 ipse
2024 3359 2169 3438 post
2200 3352 2357 3419 alios
2389 3352 2589 3419 semel
2608 3356 2873 3419 iterum-

501 3479 624 3544 que
669 3460 736 3523 in
783 3478 996 3524 amore
1045 3461 1212 3523 esset
1254 3462 1572 3541 expertus.

587 3564 682 3629 Eo
740 3563 1046 3630 libentius
1102 3568 1322 3628 autem
1377 3559 1558 3628 credo
1605 3562 1766 3627 hanc
1812 3562 2002 3629 odam
2044 3586 2171 3629 non
2214 3586 2468 3632 narrare
2512 3588 2653 3633 rem
2695 3586 2873 3653 prae—

499 3677 745 3736 sentem
793 3669 903 3736 sed
944 3670 1363 3754 pristinorum
1407 3672 1662 3733 tantum
1706 3688 1972 3734 casuum
2011 3673 2192 3755 quasi
2228 3673 2581 3760 imaginem
2616 3672 2869 3751 referre,

499 3780 650 3864 quia
711 3776 832 3841 oda
875 3774 961 3841 26
1008 3775 1202 3840 huius
1245 3774 1397 3839 libri
1442 3772 1718 3840 declarat
1764 3773 2112 3841 Horatium
2157 3777 2278 3843 hoc
2325 3784 2613 3865 tempore
2658 3781 2871 3867 magis

499 3886 836 3971 magisque
902 3903 968 3947 se
1036 3884 1339 3947 avertisse
1405 3900 1444 3945 a
1509 3882 1703 3968 nugis
1765 3883 2046 3969 iocisque
2109 3887 2342 3950 amoris
2402 3886 2762 3952 factitandis
2804 3892 2872 3952 et

500 3992 698 4056 etiam
742 3988 1054 4055 canendis.

770 4092 964 4160 Vixi
1007 4092 1327 4181 puellis
1374 4114 1639 4180 nuper
1680 4095 2036 4163 idoneus

769 4205 851 4267 et
898 4199 1283 4266 militavi
1326 4222 1485 4265 non
1529 4204 1709 4268 sine
1754 4201 2071 4289 gloria:

767 4305 1004 4373 Nunc
1049 4326 1268 4373 arma
1313 4306 1981 4395 defunctumque
2024 4308 2257 4377 bello

767 4412 1166 4483 barbiton
1213 4416 1347 4481 hic
1393 4418 1669 4502 paries
1716 4416 2099 4496 habebit,
