3192 5009
510 948 1169 1039 EMBLEMATA
1230 949 1517 1039 APUD
1576 949 2454 1057 ARISTOPHANEM,

745 1085 1578 1196 XENOPHONTEM,
1640 1086 2234 1177 LUCIANUM.

1344 1296 1634 1337 mancum·

1100 1446 1173 1510 P.
1236 1446 1323 1511 H.
1387 1432 1867 1513 DAMs'rE.

1294 1702 1668 1746 —m—

383 1912 677 1979 Lectores
719 1933 904 1997 saepe
948 1914 1005 1977 si
1048 1911 1203 1997 quid
1237 1914 1405 1977 inter
1440 1910 1788 1998 legendum
1826 1912 2238 1979 vehementer
2274 1914 2664 1998 probassent,

291 2022 361 2084 in
405 2018 557 2085 libri
600 2022 891 2106 marg-ine
940 2016 1105 2096 ἄξιον
1153 2017 1257 2083 vel
1303 2017 1427 2083 tale
1476 2018 1630 2103 quid
1675 2019 2078 2105 adscripsisse
2125 2016 2402 2085 Cobetus
2450 2018 2667 2084 docuit

291 2129 363 2191 in
407 2126 593 2192 Misc.
644 2123 799 2193 Grit.
848 2148 908 2211 p.
965 2124 1112 2190 162.
1161 2123 1299 2204 Qua
1345 2128 1747 2191 annotatione
1795 2146 1873 2191 ex
1917 2146 2026 2190 ora
2067 2124 2218 2190 libri
2263 2126 2660 2211 ineptissime

288 2236 359 2297 in
417 2238 781 2298 contextam
842 2235 1191 2297 orationem
1251 2237 1501 2316 recepta
1562 2234 1832 2317 scriptor
1891 2230 2239 2297 ridiculum
2283 2234 2352 2297 in
2397 2233 2667 2298 modum

292 2340 417 2405 sibi
461 2341 598 2425 ipse
641 2336 942 2424 plaudere
984 2336 1299 2403 videatur.
1350 2334 1444 2403 Of.
1496 2334 1760 2403 Collect.
1812 2335 1970 2405 Orit.
2018 2357 2081 2422 p.
2133 2337 2285 2403 323.

380 2444 621 2511 Eodem
687 2444 879 2509 modo
943 2446 999 2508 si
1069 2443 1223 2528 quid
1296 2444 1377 2507 iis
1454 2442 1791 2509 videbatur
1863 2442 2317 2508 illustrandum
2334 2492 2350 2521 ,
2427 2465 2661 2510 nomen

292 2554 385 2617 rei
428 2550 533 2617 vel
578 2570 879 2636 personae
896 2598 913 2628 ,
962 2569 1157 2635 quam
1198 2548 1551 2636 significare
1590 2570 1786 2635 quam
1823 2549 2029 2615 dicere
2067 2548 2383 2615 maluerat
2423 2558 2663 2629 auctor,

290 2660 361 2724 in
394 2656 546 2723 libri
581 2660 871 2744 margine
910 2655 1362 2722 adscribebant.
1411 2654 1583 2735 Quae
1622 2655 2054 2722 additamenta
2071 2704 2088 2733 ,
2129 2677 2166 2721 a
2189 2640 2398 2721 sciolis
2421 2658 2666 2722 auctori

290 2766 494 2829 invito
556 2763 814 2829 obtrusa
829 2812 847 2841 ,
910 2764 1030 2827 etsi
1077 2783 1203 2827 non
1248 2762 1624 2847 perturbant
1669 2764 2018 2827 sententiae
2069 2767 2456 2827 structuram
2478 2812 2495 2841 ,
2543 2764 2665 2830 hoc

292 2876 505 2935 tamen
551 2868 927 2955 plerumque
974 2868 1255 2934 efficiunt
1300 2875 1376 2932 ut
1422 2871 1734 2933 sententia
1779 2870 2102 2953 scriptoris
2148 2868 2424 2933 violetur
2469 2877 2659 2956 atque

288 2975 566 3061 insipida
608 2982 673 3041 et
715 2974 969 3041 inficeta
1013 2974 1239 3040 evadat
1288 2976 1513 3040 oratio,
1562 2972 1848 3059 Disperit
1893 2976 2067 3039 enim
2114 2976 2318 3039 omnis
2365 2974 2661 3041 dictionis

292 3084 393 3147 vis
449 3102 599 3148 cum
658 3080 856 3147 lector
914 3084 1495 3167 interpretamentis
1558 3078 1912 3165 puerilibus
1972 3079 2358 3166 insulsisque
2423 3081 2664 3148 addita-

292 3192 527 3256 mentis
588 3210 812 3254 eorum
873 3194 1320 3274 praemonetur
1381 3208 1657 3273 quorum
1717 3190 2000 3253 novitate
2061 3190 2202 3273 ipsa
2246 3193 2465 3253 auctor
2511 3210 2662 3255 eum

292 3316 689 3362 commovere
742 3294 1047 3361 voluerat.

381 3401 645 3467 Duobus
704 3400 1013 3487 exemplis
1078 3422 1155 3467 ex
1216 3400 1639 3487 Aristophane
1701 3406 1766 3465 et
1827 3398 2246 3484 Xenophonte
2291 3403 2662 3485 praemissis

292 3508 461 3575 locos
526 3508 863 3574 nonnullos
921 3506 1187 3573 Luciani
1202 3556 1219 3585 ,
1286 3506 1455 3592 apud
1516 3527 1708 3591 quem
1768 3526 2006 3593 magna
2051 3511 2150 3571 est
2195 3505 2662 3573 emblematum

295 3619 473 3703 copia
489 3665 506 3694 ,
554 3615 825 3682 eundem
872 3616 943 3678 in
986 3613 1252 3679 modum
1297 3612 1710 3699 interpolatos
1757 3612 2067 3678 indicabo.

382 3722 547 3789 Sunt
590 3721 867 3809 Trygaei
911 3720 1105 3786 verba
1149 3722 1486 3785 notissima
1531 3720 1751 3799 (Arist.
1802 3719 1940 3783 Pax
1993 3716 2165 3783 1009
2192 3725 2390 3805 sqq.):

1373 3822 1543 3909 κᾷτα
1592 3826 1935 3890 Μελάνθιον

835 3930 995 4009 ἥκειν
1042 3930 1286 4012 ὕστερον
1334 3933 1392 4005 ἐς
1443 3935 1553 4007 τὴν
1602 3930 1856 4012 ἀγοράν,

833 4040 949 4111 τὰς
1001 4039 1064 4105 δὲ
1112 4041 1501 4118 πεπρᾶσθαι,
1552 4038 1656 4103 τὸν
1703 4038 1756 4103 δ’
1801 4037 2124 4120 ὀτοτύζειν,

834 4144 972 4213 εἶτα
1022 4146 1305 4227 μονῳδεῖν
1357 4146 1423 4210 ἐκ
1472 4144 1788 4224 Μηδείας,

833 4252 1068 4331 ὀλόμαν
1115 4251 1371 4330 ὀλόμαν,
1422 4251 1842 4332 ἆποχηρωθεὶς

833 4364 949 4431 τᾶς
1002 4360 1063 4423 ἐν
1109 4361 1415 4424 τεύτλοισι
1462 4357 1876 4437 λοχευομένας
1898 4378 1912 4395 ·

836 4465 975 4539 τοὺς
1026 4465 1080 4531 ³·
1132 4462 1468 4542 ἀνθρώπους
1523 4466 1886 4549 ἐπιχαίρειν.
