<?xml version="1.0" encoding="UTF-8"?>
<!DOCTYPE html PUBLIC "-//W3C//DTD XHTML 1.0 Transitional//EN"
    "http://www.w3.org/TR/xhtml1/DTD/xhtml1-transitional.dtd">
<html xmlns="http://www.w3.org/1999/xhtml" xml:lang="en" lang="en">
 <head>
  <title>
</title>
<meta http-equiv="Content-Type" content="text/html;charset=utf-8" />
  <meta name='ocr-system' content='tesseract 3.04.00' />
  <meta name='ocr-capabilities' content='ocr_page ocr_carea ocr_par ocr_line ocrx_word'/>
</head>
<body>
  <div class='ocr_page' id='page_1' title='image "./mnemosyne07servgoog_0215.png"; bbox 0 0 3192 5009; ppageno 0'>
   <div class='ocr_carea' id='block_1_1' title="bbox 1180 266 2570 335">
    <p class='ocr_par' dir='ltr' id='par_1_1' title="bbox 1180 266 2570 335">
     <span class='ocr_line' id='line_1_1' title="bbox 1180 266 2570 335; baseline 0 -2"><span class='ocrx_word' id='word_1_1' title='bbox 1180 282 1581 335; x_wconf 64' lang='lat' dir='ltr'>Amnum.</span> <span class='ocrx_word' id='word_1_2' title='bbox 2079 280 2086 285; x_wconf 82' lang='lat'><strong>·</strong></span> <span class='ocrx_word' id='word_1_3' title='bbox 2441 266 2570 333; x_wconf 81' lang='lat'>207</span> 
     </span>
    </p>
   </div>
   <div class='ocr_carea' id='block_1_2' title="bbox 214 451 2578 1813">
    <p class='ocr_par' dir='ltr' id='par_1_2' title="bbox 224 451 2570 645">
     <span class='ocr_line' id='line_1_2' title="bbox 227 451 2570 540; baseline -0 -22"><span class='ocrx_word' id='word_1_4' title='bbox 227 452 429 533; x_wconf 82' lang='lat' dir='ltr'>simul,</span> <span class='ocrx_word' id='word_1_5' title='bbox 490 454 594 520; x_wconf 89' lang='lat' dir='ltr'>sed</span> <span class='ocrx_word' id='word_1_6' title='bbox 652 456 845 540; x_wconf 90' lang='lat' dir='ltr'>primi</span> <span class='ocrx_word' id='word_1_7' title='bbox 904 458 1198 530; x_wconf 88' lang='lat' dir='ltr'>tantum,</span> <span class='ocrx_word' id='word_1_8' title='bbox 1266 458 1629 537; x_wconf 88' lang='lat' dir='ltr'>serpentem</span> <span class='ocrx_word' id='word_1_9' title='bbox 1676 451 1944 538; x_wconf 81' lang='lat' dir='ltr'>aggredi</span> <span class='ocrx_word' id='word_1_10' title='bbox 1992 456 2319 538; x_wconf 78' lang='lat' dir='ltr'><strong>poterant,</strong></span> <span class='ocrx_word' id='word_1_11' title='bbox 2369 451 2570 537; x_wconf 88' lang='lat' dir='ltr'>deque</span> 
     </span>
     <span class='ocr_line' id='line_1_3' title="bbox 224 557 2570 645; baseline -0.001 -21"><span class='ocrx_word' id='word_1_12' title='bbox 224 561 311 624; x_wconf 84' lang='lat' dir='ltr'>his</span> <span class='ocrx_word' id='word_1_13' title='bbox 350 561 828 641; x_wconf 69' lang='grc' dir='ltr'><strong><em>προσφερομένων</em></strong></span> <span class='ocrx_word' id='word_1_14' title='bbox 863 557 1157 645; x_wconf 78' lang='lat' dir='ltr'>intellegi</span> <span class='ocrx_word' id='word_1_15' title='bbox 1195 564 1409 643; x_wconf 88' lang='lat' dir='ltr'>potest</span> <span class='ocrx_word' id='word_1_16' title='bbox 1426 607 1442 635; x_wconf 92' lang='lat'>‚</span> <span class='ocrx_word' id='word_1_17' title='bbox 1484 558 1790 645; x_wconf 75' lang='lat' dir='ltr'>vulgatae</span> <span class='ocrx_word' id='word_1_18' title='bbox 1829 560 2178 642; x_wconf 78' lang='lat' dir='ltr'>scripturae</span> <span class='ocrx_word' id='word_1_19' title='bbox 2221 560 2570 643; x_wconf 80' lang='lat' dir='ltr'>acquiesco.</span> 
     </span>
    </p>

    <p class='ocr_par' dir='ltr' id='par_1_3' title="bbox 214 664 2578 1813">
     <span class='ocr_line' id='line_1_4' title="bbox 299 664 2573 752; baseline -0.001 -22"><span class='ocrx_word' id='word_1_20' title='bbox 299 689 354 752; x_wconf 92' lang='lat' dir='ltr'>p.</span> <span class='ocrx_word' id='word_1_21' title='bbox 400 666 551 745; x_wconf 86' lang='lat'><strong>221,</strong></span> <span class='ocrx_word' id='word_1_22' title='bbox 576 689 624 732; x_wconf 95' lang='lat' dir='ltr'>c.</span> <span class='ocrx_word' id='word_1_23' title='bbox 672 668 855 731; x_wconf 80' lang='grc' dir='ltr'><strong><em>ἐκεῖνο</em></strong></span> <span class='ocrx_word' id='word_1_24' title='bbox 906 664 1113 744; x_wconf 76' lang='grc' dir='ltr'><strong><em>μέντοι</em></strong></span> <span class='ocrx_word' id='word_1_25' title='bbox 1158 665 1227 728; x_wconf 86' lang='grc' dir='ltr'>τὸ</span> <span class='ocrx_word' id='word_1_26' title='bbox 1268 665 1602 742; x_wconf 71' lang='grc' dir='ltr'><strong><em>λεγόμενον</em></strong></span> <span class='ocrx_word' id='word_1_27' title='bbox 1655 666 1770 728; x_wconf 81' lang='grc' dir='ltr'>ὑπὸ</span> <span class='ocrx_word' id='word_1_28' title='bbox 1810 670 1916 729; x_wconf 87' lang='grc' dir='ltr'>τοῦ</span> <span class='ocrx_word' id='word_1_29' title='bbox 1956 665 2424 745; x_wconf 74' lang='grc' dir='ltr'><strong><em>ἱστοριογράφου</em></strong></span> <span class='ocrx_word' id='word_1_30' title='bbox 2467 666 2573 729; x_wconf 80' lang='grc' dir='ltr'><strong><em>οὐκ</em></strong></span> 
     </span>
     <span class='ocr_line' id='line_1_5' title="bbox 221 768 2570 853; baseline 0.001 -20"><span class='ocrx_word' id='word_1_31' title='bbox 221 768 332 835; x_wconf 80' lang='grc' dir='ltr'><strong><em>ἔστι</em></strong></span> <span class='ocrx_word' id='word_1_32' title='bbox 374 770 487 851; x_wconf 79' lang='grc' dir='ltr'><strong><em>(ἔτι</em></strong></span> <span class='ocrx_word' id='word_1_33' title='bbox 526 772 663 839; x_wconf 88' lang='lat' dir='ltr'>vult</span> <span class='ocrx_word' id='word_1_34' title='bbox 697 772 811 853; x_wconf 87' lang='lat' dir='ltr'>K.)</span> <span class='ocrx_word' id='word_1_35' title='bbox 860 771 1097 849; x_wconf 86' lang='grc' dir='ltr'><strong><em>πιστόν,</em></strong></span> <span class='ocrx_word' id='word_1_36' title='bbox 1148 773 1223 842; x_wconf 82' lang='grc' dir='ltr'>ὦς</span> <span class='ocrx_word' id='word_1_37' title='bbox 1268 773 1385 836; x_wconf 77' lang='grc' dir='ltr'><strong><em>εἶσί</em></strong></span> <span class='ocrx_word' id='word_1_38' title='bbox 1422 794 1580 841; x_wconf 88' lang='grc' dir='ltr'><strong><em>τινες</em></strong></span> <span class='ocrx_word' id='word_1_39' title='bbox 1625 771 1794 835; x_wconf 76' lang='grc' dir='ltr'><strong><em>κατὰ</em></strong></span> <span class='ocrx_word' id='word_1_40' title='bbox 1837 775 1946 845; x_wconf 68' lang='grc' dir='ltr'>τὴν</span> <span class='ocrx_word' id='word_1_41' title='bbox 1989 772 2234 846; x_wconf 81' lang='grc' dir='ltr'><strong><em>Λιβύην</em></strong></span> <span class='ocrx_word' id='word_1_42' title='bbox 2275 771 2570 836; x_wconf 74' lang='grc' dir='ltr'><strong><em>ὀπισθονό-</em></strong></span> 
     </span>
     <span class='ocr_line' id='line_1_6' title="bbox 218 875 2569 956; baseline -0.001 -15"><span class='ocrx_word' id='word_1_43' title='bbox 218 902 305 954; x_wconf 84' lang='grc' dir='ltr'><strong><em>μοι</em></strong></span> <span class='ocrx_word' id='word_1_44' title='bbox 370 881 721 955; x_wconf 76' lang='grc' dir='ltr'><strong><em>καλούμενοι</em></strong></span> <span class='ocrx_word' id='word_1_45' title='bbox 791 878 938 954; x_wconf 83' lang='grc' dir='ltr'><strong><em>βόες</em></strong></span> <span class='ocrx_word' id='word_1_46' title='bbox 1014 878 1115 940; x_wconf 75' lang='grc' dir='ltr'>διὰ</span> <span class='ocrx_word' id='word_1_47' title='bbox 1188 879 1257 940; x_wconf 86' lang='grc' dir='ltr'>τὸ</span> <span class='ocrx_word' id='word_1_48' title='bbox 1321 879 1409 954; x_wconf 64' lang='grc' dir='ltr'>μὴ</span> <span class='ocrx_word' id='word_1_49' title='bbox 1473 875 1808 956; x_wconf 78' lang='grc' dir='ltr'><strong><em>ἔμπροσθεν</em></strong></span> <span class='ocrx_word' id='word_1_50' title='bbox 1869 877 2094 947; x_wconf 81' lang='grc' dir='ltr'><strong><em>αὐτοὺς</em></strong></span> <span class='ocrx_word' id='word_1_51' title='bbox 2144 878 2569 955; x_wconf 78' lang='grc' dir='ltr'><strong><em>πορευομένους</em></strong></span> 
     </span>
     <span class='ocr_line' id='line_1_7' title="bbox 218 982 2576 1070; baseline 0.001 -25"><span class='ocrx_word' id='word_1_52' title='bbox 218 984 477 1057; x_wconf 77' lang='grc' dir='ltr'><strong><em>νέμεσθαι</em></strong></span> <span class='ocrx_word' id='word_1_53' title='bbox 522 987 644 1049; x_wconf 78' lang='grc' dir='ltr'><strong><em>κτὲ.</em></strong></span> <span class='ocrx_word' id='word_1_54' title='bbox 710 982 881 1051; x_wconf 83' lang='lat' dir='ltr'>Cum</span> <span class='ocrx_word' id='word_1_55' title='bbox 930 1004 1300 1070; x_wconf 88' lang='lat' dir='ltr'>praegressa</span> <span class='ocrx_word' id='word_1_56' title='bbox 1350 987 1565 1048; x_wconf 87' lang='lat' dir='ltr'>omnia</span> <span class='ocrx_word' id='word_1_57' title='bbox 1611 983 1692 1048; x_wconf 88' lang='lat' dir='ltr'>ad</span> <span class='ocrx_word' id='word_1_58' title='bbox 1739 982 2178 1049; x_wconf 85' lang='lat' dir='ltr'>Alexandrum</span> <span class='ocrx_word' id='word_1_59' title='bbox 2224 983 2576 1070; x_wconf 83' lang='lat' dir='ltr'>Myndium</span> 
     </span>
     <span class='ocr_line' id='line_1_8' title="bbox 214 1088 2572 1177; baseline -0 -23"><span class='ocrx_word' id='word_1_60' title='bbox 214 1091 564 1155; x_wconf 84' lang='lat' dir='ltr'>historicum</span> <span class='ocrx_word' id='word_1_61' title='bbox 606 1094 1004 1177; x_wconf 84' lang='lat' dir='ltr'>pertineant,</span> <span class='ocrx_word' id='word_1_62' title='bbox 1055 1091 1207 1155; x_wconf 90' lang='lat' dir='ltr'>haec</span> <span class='ocrx_word' id='word_1_63' title='bbox 1245 1111 1396 1155; x_wconf 90' lang='lat' dir='ltr'>vero</span> <span class='ocrx_word' id='word_1_64' title='bbox 1436 1096 1775 1155; x_wconf 79' lang='lat' dir='ltr'>narrentur</span> <span class='ocrx_word' id='word_1_65' title='bbox 1815 1090 1892 1155; x_wconf 85' lang='lat' dir='ltr'>ab</span> <span class='ocrx_word' id='word_1_66' title='bbox 1921 1088 2265 1159; x_wconf 77' lang='lat' dir='ltr'>,Herodoto</span> <span class='ocrx_word' id='word_1_67' title='bbox 2303 1089 2391 1154; x_wconf 92' lang='lat' dir='ltr'>IV</span> <span class='ocrx_word' id='word_1_68' title='bbox 2423 1088 2572 1165; x_wconf 86' lang='grc'><strong>183,</strong></span> 
     </span>
     <span class='ocr_line' id='line_1_9' title="bbox 216 1195 2575 1283; baseline 0 -24"><span class='ocrx_word' id='word_1_69' title='bbox 216 1204 269 1259; x_wconf 87' lang='lat' dir='ltr'>et</span> <span class='ocrx_word' id='word_1_70' title='bbox 322 1197 483 1262; x_wconf 86' lang='lat' dir='ltr'>hunc</span> <span class='ocrx_word' id='word_1_71' title='bbox 530 1206 781 1263; x_wconf 85' lang='lat' dir='ltr'>tantum</span> <span class='ocrx_word' id='word_1_72' title='bbox 828 1196 1124 1283; x_wconf 76' lang='lat' dir='ltr'>intellegi</span> <span class='ocrx_word' id='word_1_73' title='bbox 1170 1218 1356 1281; x_wconf 87' lang='lat' dir='ltr'>posse</span> <span class='ocrx_word' id='word_1_74' title='bbox 1402 1196 1780 1261; x_wconf 87' lang='lat' dir='ltr'>confirment</span> <span class='ocrx_word' id='word_1_75' title='bbox 1824 1195 2060 1261; x_wconf 91' lang='lat' dir='ltr'>ultima</span> <span class='ocrx_word' id='word_1_76' title='bbox 2105 1196 2298 1260; x_wconf 90' lang='lat' dir='ltr'>huius</span> <span class='ocrx_word' id='word_1_77' title='bbox 2345 1198 2575 1281; x_wconf 89' lang='lat' dir='ltr'>capitis</span> 
     </span>
     <span class='ocr_line' id='line_1_10' title="bbox 216 1294 2572 1386; baseline 0 -20"><span class='ocrx_word' id='word_1_78' title='bbox 216 1304 380 1367; x_wconf 86' lang='lat' dir='ltr'>verba</span> <span class='ocrx_word' id='word_1_79' title='bbox 448 1310 622 1369; x_wconf 86' lang='grc' dir='ltr'><strong><em>τοῦτο</em></strong></span> <span class='ocrx_word' id='word_1_80' title='bbox 686 1305 813 1381; x_wconf 72' lang='grc' dir='ltr'><strong><em>γάρ</em></strong></span> <span class='ocrx_word' id='word_1_81' title='bbox 879 1294 1139 1367; x_wconf 75' lang='grc' dir='ltr'><strong><em>ἄπιστόν</em></strong></span> <span class='ocrx_word' id='word_1_82' title='bbox 1206 1304 1389 1386; x_wconf 82' lang='grc' dir='ltr'><strong><em>ἐστιν,</em></strong></span> <span class='ocrx_word' id='word_1_83' title='bbox 1458 1304 1689 1374; x_wconf 81' lang='grc' dir='ltr'><strong><em>οὐδενὸς</em></strong></span> <span class='ocrx_word' id='word_1_84' title='bbox 1759 1301 1960 1380; x_wconf 79' lang='grc' dir='ltr'><strong><em>ἑτέρου</em></strong></span> <span class='ocrx_word' id='word_1_85' title='bbox 2023 1303 2572 1383; x_wconf 73' lang='grc' dir='ltr'><strong><em>ἐπιμαρτυροῦντος</em></strong></span> 
     </span>
     <span class='ocr_line' id='line_1_11' title="bbox 218 1408 2578 1495; baseline 0.001 -25"><span class='ocrx_word' id='word_1_86' title='bbox 218 1409 480 1487; x_wconf 72' lang='grc' dir='ltr'><strong><em>ἱστορικοῦ</em></strong></span> <span class='ocrx_word' id='word_1_87' title='bbox 501 1460 521 1488; x_wconf 90' lang='grc'><strong>,</strong></span> <span class='ocrx_word' id='word_1_88' title='bbox 576 1411 997 1495; x_wconf 78' lang='lat' dir='ltr'>perspicuitas</span> <span class='ocrx_word' id='word_1_89' title='bbox 1045 1408 1332 1495; x_wconf 89' lang='lat' dir='ltr'>postulat</span> <span class='ocrx_word' id='word_1_90' title='bbox 1350 1457 1366 1486; x_wconf 91' lang='lat'><strong>,</strong></span> <span class='ocrx_word' id='word_1_91' title='bbox 1417 1413 1494 1473; x_wconf 90' lang='lat' dir='ltr'>ut</span> <span class='ocrx_word' id='word_1_92' title='bbox 1541 1410 1947 1474; x_wconf 82' lang='lat' dir='ltr'>Athenaeum</span> <span class='ocrx_word' id='word_1_93' title='bbox 1994 1411 2316 1494; x_wconf 85' lang='lat' dir='ltr'>scripsisse</span> <span class='ocrx_word' id='word_1_94' title='bbox 2363 1411 2578 1474; x_wconf 86' lang='lat' dir='ltr'>existi-</span> 
     </span>
     <span class='ocr_line' id='line_1_12' title="bbox 218 1514 2578 1595; baseline 0 -17"><span class='ocrx_word' id='word_1_95' title='bbox 218 1534 479 1579; x_wconf 85' lang='lat' dir='ltr'>memus:</span> <span class='ocrx_word' id='word_1_96' title='bbox 545 1516 735 1580; x_wconf 80' lang='grc' dir='ltr'><strong><em>ἐκεῖνο</em></strong></span> <span class='ocrx_word' id='word_1_97' title='bbox 796 1514 1005 1593; x_wconf 81' lang='grc' dir='ltr'><strong><em>μέντοι</em></strong></span> <span class='ocrx_word' id='word_1_98' title='bbox 1051 1515 1121 1579; x_wconf 84' lang='grc' dir='ltr'>τὸ</span> <span class='ocrx_word' id='word_1_99' title='bbox 1169 1514 1507 1591; x_wconf 69' lang='grc' dir='ltr'><strong><em>λεγόμενον</em></strong></span> <span class='ocrx_word' id='word_1_100' title='bbox 1559 1514 1675 1577; x_wconf 81' lang='grc' dir='ltr'>ὑπὸ</span> <span class='ocrx_word' id='word_1_101' title='bbox 1721 1514 2136 1595; x_wconf 80' lang='grc' dir='ltr'><strong><em>(Ἡροδότου)</em></strong></span> <span class='ocrx_word' id='word_1_102' title='bbox 2183 1520 2289 1578; x_wconf 90' lang='grc' dir='ltr'>τοῦ</span> <span class='ocrx_word' id='word_1_103' title='bbox 2337 1516 2578 1593; x_wconf 78' lang='grc' dir='ltr'><strong><em>ἱστοριο-</em></strong></span> 
     </span>
     <span class='ocr_line' id='line_1_13' title="bbox 220 1619 2572 1705; baseline 0.002 -23"><span class='ocrx_word' id='word_1_104' title='bbox 220 1619 435 1699; x_wconf 72' lang='grc' dir='ltr'><strong><em>γράφου</em></strong></span> <span class='ocrx_word' id='word_1_105' title='bbox 479 1623 583 1685; x_wconf 79' lang='grc' dir='ltr'><strong><em>οὐκ</em></strong></span> <span class='ocrx_word' id='word_1_106' title='bbox 628 1620 761 1685; x_wconf 83' lang='grc' dir='ltr'><strong><em>ἔστι</em></strong></span> <span class='ocrx_word' id='word_1_107' title='bbox 812 1622 1028 1684; x_wconf 83' lang='grc' dir='ltr'><strong><em>πιστὸν</em></strong></span> <span class='ocrx_word' id='word_1_108' title='bbox 1077 1620 1203 1685; x_wconf 83' lang='grc' dir='ltr'>κτὲ.</span> <span class='ocrx_word' id='word_1_109' title='bbox 1270 1620 1743 1685; x_wconf 84' lang='lat' dir='ltr'>Brevissimum</span> <span class='ocrx_word' id='word_1_110' title='bbox 1787 1623 2066 1685; x_wconf 83' lang='lat' dir='ltr'>nominis</span> <span class='ocrx_word' id='word_1_111' title='bbox 2120 1621 2572 1705; x_wconf 79' lang='lat' dir='ltr'>compendium</span> 
     </span>
     <span class='ocr_line' id='line_1_14' title="bbox 220 1724 946 1813; baseline 0 -24"><span class='ocrx_word' id='word_1_112' title='bbox 220 1724 369 1791; x_wconf 77' lang='lat' dir='ltr'>facile</span> <span class='ocrx_word' id='word_1_113' title='bbox 414 1726 784 1813; x_wconf 88' lang='lat' dir='ltr'>neglectum</span> <span class='ocrx_word' id='word_1_114' title='bbox 830 1732 946 1791; x_wconf 87' lang='lat' dir='ltr'>est.</span> 
     </span>
    </p>
   </div>
   <div class='ocr_carea' id='block_1_3' title="bbox 224 1830 2573 2003">
    <p class='ocr_par' dir='ltr' id='par_1_4' title="bbox 224 1830 2573 2003">
     <span class='ocr_line' id='line_1_15' title="bbox 290 1830 2573 1920; baseline 0.003 -27"><span class='ocrx_word' id='word_1_115' title='bbox 290 1852 345 1914; x_wconf 91' lang='lat' dir='ltr'>p.</span> <span class='ocrx_word' id='word_1_116' title='bbox 388 1830 539 1911; x_wconf 82' lang='grc'>224,</span> <span class='ocrx_word' id='word_1_117' title='bbox 564 1852 619 1897; x_wconf 92' lang='lat' dir='ltr'>a.</span> <span class='ocrx_word' id='word_1_118' title='bbox 692 1831 968 1897; x_wconf 77' lang='lat' dir='ltr'>Tmocm</span> <span class='ocrx_word' id='word_1_119' title='bbox 1040 1832 1280 1896; x_wconf 89' lang='lat' dir='ltr'>comico</span> <span class='ocrx_word' id='word_1_120' title='bbox 1353 1853 1448 1896; x_wconf 90' lang='lat' dir='ltr'>vs.</span> <span class='ocrx_word' id='word_1_121' title='bbox 1511 1830 1549 1895; x_wconf 91' lang='lat'>5</span> <span class='ocrx_word' id='word_1_122' title='bbox 1623 1831 1965 1897; x_wconf 89' lang='lat' dir='ltr'>titulorum</span> <span class='ocrx_word' id='word_1_123' title='bbox 2023 1833 2390 1899; x_wconf 87' lang='lat' dir='ltr'>Atticorum</span> <span class='ocrx_word' id='word_1_124' title='bbox 2454 1856 2573 1920; x_wconf 90' lang='lat' dir='ltr'>ope</span> 
     </span>
     <span class='ocr_line' id='line_1_16' title="bbox 224 1936 524 2003; baseline 0.013 -4"><span class='ocrx_word' id='word_1_125' title='bbox 224 1936 524 2003; x_wconf 86' lang='lat' dir='ltr'>reddatur:</span> 
     </span>
    </p>
   </div>
   <div class='ocr_carea' id='block_1_4' title="bbox 224 2042 2580 4463">
    <p class='ocr_par' dir='ltr' id='par_1_5' title="bbox 224 2042 2575 2339">
     <span class='ocr_line' id='line_1_17' title="bbox 635 2042 2204 2121; baseline 0 -14"><span class='ocrx_word' id='word_1_126' title='bbox 635 2044 664 2107; x_wconf 82' lang='grc' dir='ltr'><strong><em>ὅ</em></strong></span> <span class='ocrx_word' id='word_1_127' title='bbox 716 2044 856 2115; x_wconf 85' lang='grc' dir='ltr'><strong><em>τοὺς</em></strong></span> <span class='ocrx_word' id='word_1_128' title='bbox 907 2054 1353 2115; x_wconf 83' lang='grc' dir='ltr'><strong><em>καταπΑλτας</em></strong></span> <span class='ocrx_word' id='word_1_129' title='bbox 1404 2044 1522 2113; x_wconf 81' lang='grc' dir='ltr'>τάς</span> <span class='ocrx_word' id='word_1_130' title='bbox 1570 2067 1643 2106; x_wconf 84' lang='grc' dir='ltr'>τε</span> <span class='ocrx_word' id='word_1_131' title='bbox 1690 2042 1942 2121; x_wconf 73' lang='grc' dir='ltr'><strong><em>λόγχας</em></strong></span> <span class='ocrx_word' id='word_1_132' title='bbox 1997 2043 2204 2107; x_wconf 80' lang='grc' dir='ltr'><em>ἐσθίων</em></span> 
     </span>
     <span class='ocr_line' id='line_1_18' title="bbox 224 2148 2575 2237; baseline 0.002 -26"><span class='ocrx_word' id='word_1_133' title='bbox 224 2167 312 2231; x_wconf 81' lang='lat' dir='ltr'>pro</span> <span class='ocrx_word' id='word_1_134' title='bbox 366 2148 563 2215; x_wconf 84' lang='lat' dir='ltr'>forma</span> <span class='ocrx_word' id='word_1_135' title='bbox 624 2153 873 2215; x_wconf 89' lang='lat' dir='ltr'>novitia</span> <span class='ocrx_word' id='word_1_136' title='bbox 934 2151 1349 2221; x_wconf 69' lang='grc' dir='ltr'>καταπέλτας</span> <span class='ocrx_word' id='word_1_137' title='bbox 1372 2197 1388 2226; x_wconf 89' lang='grc'><strong>,</strong></span> <span class='ocrx_word' id='word_1_138' title='bbox 1463 2170 1625 2235; x_wconf 88' lang='lat' dir='ltr'>quae</span> <span class='ocrx_word' id='word_1_139' title='bbox 1697 2152 1991 2235; x_wconf 90' lang='lat' dir='ltr'>quamvis</span> <span class='ocrx_word' id='word_1_140' title='bbox 2060 2171 2354 2237; x_wconf 89' lang='lat' dir='ltr'>pugnans</span> <span class='ocrx_word' id='word_1_141' title='bbox 2425 2173 2575 2216; x_wconf 92' lang='lat' dir='ltr'>cum</span> 
     </span>
     <span class='ocr_line' id='line_1_19' title="bbox 226 2252 2286 2339; baseline 0.003 -25"><span class='ocrx_word' id='word_1_142' title='bbox 226 2253 571 2319; x_wconf 84' lang='lat' dir='ltr'>substantivi</span> <span class='ocrx_word' id='word_1_143' title='bbox 618 2256 1013 2321; x_wconf 81' lang='lat' dir='ltr'>derivatione</span> <span class='ocrx_word' id='word_1_144' title='bbox 1062 2276 1281 2319; x_wconf 89' lang='lat' dir='ltr'>omnes</span> <span class='ocrx_word' id='word_1_145' title='bbox 1327 2257 1666 2339; x_wconf 88' lang='lat' dir='ltr'>scriptores</span> <span class='ocrx_word' id='word_1_146' title='bbox 1713 2252 1986 2321; x_wconf 82' lang='lat' dir='ltr'>Graecos</span> <span class='ocrx_word' id='word_1_147' title='bbox 2030 2258 2286 2320; x_wconf 89' lang='lat' dir='ltr'>invasit.</span> 
     </span>
    </p>

    <p class='ocr_par' dir='ltr' id='par_1_6' title="bbox 294 2360 2238 2444">
     <span class='ocr_line' id='line_1_20' title="bbox 294 2360 2238 2444; baseline 0.001 -21"><span class='ocrx_word' id='word_1_148' title='bbox 294 2380 348 2444; x_wconf 89' lang='lat' dir='ltr'>p.</span> <span class='ocrx_word' id='word_1_149' title='bbox 394 2360 541 2439; x_wconf 83' lang='lat'><strong>226,</strong></span> <span class='ocrx_word' id='word_1_150' title='bbox 568 2362 630 2428; x_wconf 90' lang='lat' dir='ltr'>b.</span> <span class='ocrx_word' id='word_1_151' title='bbox 683 2362 1003 2426; x_wconf 74' lang='grc' dir='ltr'><strong><em>κάνταῦθα</em></strong></span> <span class='ocrx_word' id='word_1_152' title='bbox 1053 2362 1156 2425; x_wconf 76' lang='grc' dir='ltr'><strong><em>καὶ</em></strong></span> <span class='ocrx_word' id='word_1_153' title='bbox 1206 2365 1403 2439; x_wconf 70' lang='grc' dir='ltr'><strong><em>γραῦς</em></strong></span> <span class='ocrx_word' id='word_1_154' title='bbox 1454 2362 1557 2425; x_wconf 83' lang='grc' dir='ltr'><strong><em>καὶ</em></strong></span> <span class='ocrx_word' id='word_1_155' title='bbox 1606 2362 1796 2439; x_wconf 70' lang='grc' dir='ltr'><strong><em>γέρων</em></strong></span> <span class='ocrx_word' id='word_1_156' title='bbox 1844 2362 1948 2425; x_wconf 77' lang='grc' dir='ltr'><strong><em>καὶ</em></strong></span> <span class='ocrx_word' id='word_1_157' title='bbox 1999 2362 2238 2427; x_wconf 79' lang='grc' dir='ltr'><strong><em>παιδίον</em></strong></span> 
     </span>
    </p>

    <p class='ocr_par' dir='ltr' id='par_1_7' title="bbox 230 2464 2576 2978">
     <span class='ocr_line' id='line_1_21' title="bbox 687 2464 2367 2548; baseline 0.001 -17"><span class='ocrx_word' id='word_1_158' title='bbox 687 2471 1104 2548; x_wconf 76' lang='grc' dir='ltr'><strong><em>πεμφθεὶς</em></strong></span> <span class='ocrx_word' id='word_1_159' title='bbox 1156 2464 1433 2539; x_wconf 74' lang='grc' dir='ltr'><strong><em>ἅπαντες</em></strong></span> <span class='ocrx_word' id='word_1_160' title='bbox 1484 2468 1858 2545; x_wconf 68' lang='grc' dir='ltr'><strong><em>ἀγοράσουσι</em></strong></span> <span class='ocrx_word' id='word_1_161' title='bbox 1912 2470 2082 2533; x_wconf 76' lang='grc' dir='ltr'><strong><em>κατα</em></strong></span> <span class='ocrx_word' id='word_1_162' title='bbox 2135 2466 2367 2547; x_wconf 81' lang='grc' dir='ltr'><strong><em>τρόπον.</em></strong></span> 
     </span>
     <span class='ocr_line' id='line_1_22' title="bbox 230 2569 2576 2653; baseline 0.004 -21"><span class='ocrx_word' id='word_1_163' title='bbox 230 2569 459 2638; x_wconf 86' lang='lat' dir='ltr'>Prorsus</span> <span class='ocrx_word' id='word_1_164' title='bbox 505 2574 669 2639; x_wconf 81' lang='lat' dir='ltr'>facio</span> <span class='ocrx_word' id='word_1_165' title='bbox 720 2594 871 2638; x_wconf 92' lang='lat' dir='ltr'>cum</span> <span class='ocrx_word' id='word_1_166' title='bbox 918 2573 1161 2639; x_wconf 89' lang='lat' dir='ltr'>editore</span> <span class='ocrx_word' id='word_1_167' title='bbox 1206 2577 1275 2638; x_wconf 88' lang='lat' dir='ltr'>in</span> <span class='ocrx_word' id='word_1_168' title='bbox 1318 2575 1420 2637; x_wconf 91' lang='lat' dir='ltr'>his</span> <span class='ocrx_word' id='word_1_169' title='bbox 1468 2574 1782 2638; x_wconf 72' lang='lat' dir='ltr'>Amnms</span> <span class='ocrx_word' id='word_1_170' title='bbox 1828 2576 2119 2639; x_wconf 88' lang='lat' dir='ltr'>versibus</span> <span class='ocrx_word' id='word_1_171' title='bbox 2158 2574 2370 2641; x_wconf 91' lang='lat' dir='ltr'>solum</span> <span class='ocrx_word' id='word_1_172' title='bbox 2417 2598 2576 2653; x_wconf 85' lang='grc' dir='ltr'><strong><em>πεμ-</em></strong></span> 
     </span>
     <span class='ocr_line' id='line_1_23' title="bbox 230 2678 2574 2766; baseline 0.002 -25"><span class='ocrx_word' id='word_1_173' title='bbox 230 2678 369 2749; x_wconf 66' lang='grc' dir='ltr'><strong><em>Φίεὶς</em></strong></span> <span class='ocrx_word' id='word_1_174' title='bbox 430 2682 739 2745; x_wconf 87' lang='lat' dir='ltr'>vitiosum</span> <span class='ocrx_word' id='word_1_175' title='bbox 786 2700 921 2745; x_wconf 90' lang='lat' dir='ltr'>esse</span> <span class='ocrx_word' id='word_1_176' title='bbox 970 2683 1317 2757; x_wconf 87' lang='lat' dir='ltr'>statuenti,</span> <span class='ocrx_word' id='word_1_177' title='bbox 1369 2700 1493 2743; x_wconf 91' lang='lat' dir='ltr'>non</span> <span class='ocrx_word' id='word_1_178' title='bbox 1543 2702 1696 2745; x_wconf 90' lang='lat' dir='ltr'>vero</span> <span class='ocrx_word' id='word_1_179' title='bbox 1745 2686 1982 2766; x_wconf 83' lang='lat' dir='ltr'>exputo</span> <span class='ocrx_word' id='word_1_180' title='bbox 2030 2681 2184 2765; x_wconf 92' lang='lat' dir='ltr'>quid</span> <span class='ocrx_word' id='word_1_181' title='bbox 2233 2681 2408 2746; x_wconf 90' lang='lat' dir='ltr'>aliud</span> <span class='ocrx_word' id='word_1_182' title='bbox 2457 2682 2574 2747; x_wconf 90' lang='lat' dir='ltr'>sub</span> 
     </span>
     <span class='ocr_line' id='line_1_24' title="bbox 232 2784 2574 2873; baseline 0.003 -29"><span class='ocrx_word' id='word_1_183' title='bbox 232 2800 286 2844; x_wconf 82' lang='lat' dir='ltr'>eo</span> <span class='ocrx_word' id='word_1_184' title='bbox 338 2784 631 2850; x_wconf 90' lang='lat' dir='ltr'>vocabulo</span> <span class='ocrx_word' id='word_1_185' title='bbox 697 2784 1061 2851; x_wconf 84' lang='lat' dir='ltr'>delitescere</span> <span class='ocrx_word' id='word_1_186' title='bbox 1121 2787 1325 2870; x_wconf 89' lang='lat' dir='ltr'>possit</span> <span class='ocrx_word' id='word_1_187' title='bbox 1384 2792 1637 2870; x_wconf 86' lang='lat' dir='ltr'>praeter</span> <span class='ocrx_word' id='word_1_188' title='bbox 1699 2786 1876 2865; x_wconf 73' lang='grc' dir='ltr'><strong><em>ἰχθῦς</em></strong></span> <span class='ocrx_word' id='word_1_189' title='bbox 1897 2834 1914 2863; x_wconf 91' lang='grc'><strong>,</strong></span> <span class='ocrx_word' id='word_1_190' title='bbox 1976 2784 2130 2850; x_wconf 89' lang='lat' dir='ltr'>licet</span> <span class='ocrx_word' id='word_1_191' title='bbox 2177 2786 2574 2873; x_wconf 87' lang='lat' dir='ltr'>corruptelae</span> 
     </span>
     <span class='ocr_line' id='line_1_25' title="bbox 230 2891 778 2978; baseline 0.011 -29"><span class='ocrx_word' id='word_1_192' title='bbox 230 2891 359 2952; x_wconf 83' lang='lat' dir='ltr'>ratio</span> <span class='ocrx_word' id='word_1_193' title='bbox 398 2912 499 2956; x_wconf 91' lang='lat' dir='ltr'>me</span> <span class='ocrx_word' id='word_1_194' title='bbox 546 2892 778 2978; x_wconf 84' lang='lat' dir='ltr'>fugiat.</span> 
     </span>
    </p>

    <p class='ocr_par' dir='ltr' id='par_1_8' title="bbox 232 2996 2580 3709">
     <span class='ocr_line' id='line_1_26' title="bbox 298 2996 2578 3079; baseline 0.003 -21"><span class='ocrx_word' id='word_1_195' title='bbox 298 3015 349 3077; x_wconf 89' lang='lat' dir='ltr'>p.</span> <span class='ocrx_word' id='word_1_196' title='bbox 392 2996 540 3074; x_wconf 84' lang='lat'><strong>228,</strong></span> <span class='ocrx_word' id='word_1_197' title='bbox 570 2998 631 3062; x_wconf 88' lang='lat' dir='ltr'>d.</span> <span class='ocrx_word' id='word_1_198' title='bbox 697 2999 747 3062; x_wconf 82' lang='grc' dir='ltr'><strong><em>οἱ</em></strong></span> <span class='ocrx_word' id='word_1_199' title='bbox 812 2997 915 3061; x_wconf 71' lang='grc' dir='ltr'>διὰ</span> <span class='ocrx_word' id='word_1_200' title='bbox 979 2999 1087 3071; x_wconf 64' lang='grc' dir='ltr'>τὴν</span> <span class='ocrx_word' id='word_1_201' title='bbox 1150 2997 1435 3077; x_wconf 74' lang='grc' dir='ltr'><strong><em>γαστέρα</em></strong></span> <span class='ocrx_word' id='word_1_202' title='bbox 1500 3000 1828 3075; x_wconf 75' lang='grc' dir='ltr'><strong><em>παράσιτοι</em></strong></span> <span class='ocrx_word' id='word_1_203' title='bbox 1891 3000 2320 3079; x_wconf 78' lang='grc' dir='ltr'><strong><em>ὀνομαζόμενοι</em></strong></span> <span class='ocrx_word' id='word_1_204' title='bbox 2383 3000 2416 3075; x_wconf 78' lang='grc' dir='ltr'>ἢ</span> <span class='ocrx_word' id='word_1_205' title='bbox 2469 3000 2578 3064; x_wconf 85' lang='grc' dir='ltr'>κό-</span> 
     </span>
     <span class='ocr_line' id='line_1_27' title="bbox 234 3102 2580 3190; baseline 0.004 -29"><span class='ocrx_word' id='word_1_206' title='bbox 234 3110 461 3175; x_wconf 79' lang='grc' dir='ltr'><strong><em>λακες.</em></strong></span> <span class='ocrx_word' id='word_1_207' title='bbox 512 3102 723 3189; x_wconf 79' lang='lat' dir='ltr'>Supra</span> <span class='ocrx_word' id='word_1_208' title='bbox 769 3127 833 3190; x_wconf 93' lang='lat' dir='ltr'>p.</span> <span class='ocrx_word' id='word_1_209' title='bbox 884 3103 1073 3168; x_wconf 74' lang='lat'>2240</span> <span class='ocrx_word' id='word_1_210' title='bbox 1120 3103 1365 3189; x_wconf 89' lang='lat' dir='ltr'>legitur</span> <span class='ocrx_word' id='word_1_211' title='bbox 1412 3105 1520 3167; x_wconf 83' lang='grc' dir='ltr'><strong><em>καί</em></strong></span> <span class='ocrx_word' id='word_1_212' title='bbox 1566 3128 1659 3175; x_wconf 89' lang='grc' dir='ltr'>τις</span> <span class='ocrx_word' id='word_1_213' title='bbox 1710 3112 1828 3168; x_wconf 84' lang='grc' dir='ltr'>τῶν</span> <span class='ocrx_word' id='word_1_214' title='bbox 1877 3108 2234 3183; x_wconf 85' lang='grc' dir='ltr'><strong><em>παρασίτων</em></strong></span> <span class='ocrx_word' id='word_1_215' title='bbox 2284 3106 2418 3169; x_wconf 76' lang='grc' dir='ltr'>καὶ</span> <span class='ocrx_word' id='word_1_216' title='bbox 2471 3130 2580 3170; x_wconf 81' lang='grc' dir='ltr'><strong><em>κο-</em></strong></span> 
     </span>
     <span class='ocr_line' id='line_1_28' title="bbox 233 3206 2578 3299; baseline 0.004 -31"><span class='ocrx_word' id='word_1_217' title='bbox 233 3206 451 3273; x_wconf 75' lang='grc' dir='ltr'><strong><em>λάκων</em></strong></span> <span class='ocrx_word' id='word_1_218' title='bbox 514 3209 638 3289; x_wconf 75' lang='grc' dir='ltr'>ἔφη</span> <span class='ocrx_word' id='word_1_219' title='bbox 702 3210 805 3275; x_wconf 80' lang='grc' dir='ltr'>τὸν</span> <span class='ocrx_word' id='word_1_220' title='bbox 852 3213 1117 3275; x_wconf 79' lang='grc' dir='ltr'><strong><em>Ποσειδῶ</em></strong></span> <span class='ocrx_word' id='word_1_221' title='bbox 1166 3211 1294 3274; x_wconf 81' lang='grc' dir='ltr'><strong><em>κτὲ.</em></strong></span> <span class='ocrx_word' id='word_1_222' title='bbox 1344 3209 1734 3295; x_wconf 87' lang='lat' dir='ltr'>Utrobique,</span> <span class='ocrx_word' id='word_1_223' title='bbox 1784 3213 1908 3274; x_wconf 89' lang='lat' dir='ltr'>nisi</span> <span class='ocrx_word' id='word_1_224' title='bbox 1955 3210 2155 3290; x_wconf 88' lang='lat' dir='ltr'>fallor,</span> <span class='ocrx_word' id='word_1_225' title='bbox 2205 3215 2423 3299; x_wconf 90' lang='lat' dir='ltr'>inepta</span> <span class='ocrx_word' id='word_1_226' title='bbox 2473 3215 2578 3279; x_wconf 88' lang='lat' dir='ltr'>ab·</span> 
     </span>
     <span class='ocr_line' id='line_1_29' title="bbox 232 3312 2577 3405; baseline 0.003 -29"><span class='ocrx_word' id='word_1_227' title='bbox 232 3312 489 3381; x_wconf 81' lang='lat' dir='ltr'>undantia</span> <span class='ocrx_word' id='word_1_228' title='bbox 537 3317 803 3381; x_wconf 88' lang='lat' dir='ltr'>debetur</span> <span class='ocrx_word' id='word_1_229' title='bbox 846 3315 1101 3381; x_wconf 89' lang='lat' dir='ltr'>lectoris</span> <span class='ocrx_word' id='word_1_230' title='bbox 1149 3316 1421 3381; x_wconf 89' lang='lat' dir='ltr'>alicuius</span> <span class='ocrx_word' id='word_1_231' title='bbox 1467 3316 1786 3382; x_wconf 89' lang='lat' dir='ltr'>doctrinae</span> <span class='ocrx_word' id='word_1_232' title='bbox 1805 3365 1822 3393; x_wconf 90' lang='lat'><em>‚</em></span> <span class='ocrx_word' id='word_1_233' title='bbox 1865 3320 1976 3403; x_wconf 92' lang='lat' dir='ltr'>qui</span> <span class='ocrx_word' id='word_1_234' title='bbox 2012 3320 2079 3382; x_wconf 91' lang='lat' dir='ltr'>in</span> <span class='ocrx_word' id='word_1_235' title='bbox 2118 3322 2410 3405; x_wconf 87' lang='lat' dir='ltr'>margine</span> <span class='ocrx_word' id='word_1_236' title='bbox 2450 3322 2577 3384; x_wconf 88' lang='lat' dir='ltr'>ista</span> 
     </span>
     <span class='ocr_line' id='line_1_30' title="bbox 234 3417 2576 3510; baseline 0.002 -26"><span class='ocrx_word' id='word_1_237' title='bbox 234 3417 525 3508; x_wconf 80' lang='lat' dir='ltr'>adscripsit</span> <span class='ocrx_word' id='word_1_238' title='bbox 587 3444 825 3510; x_wconf 88' lang='lat' dir='ltr'>gnarus</span> <span class='ocrx_word' id='word_1_239' title='bbox 891 3422 1017 3487; x_wconf 90' lang='lat' dir='ltr'>loci</span> <span class='ocrx_word' id='word_1_240' title='bbox 1087 3444 1234 3509; x_wconf 88' lang='lat' dir='ltr'>pag.</span> <span class='ocrx_word' id='word_1_241' title='bbox 1287 3421 1514 3487; x_wconf 76' lang='lat'>2630:</span> <span class='ocrx_word' id='word_1_242' title='bbox 1588 3424 1638 3486; x_wconf 75' lang='grc' dir='ltr'><strong><em>οἱ</em></strong></span> <span class='ocrx_word' id='word_1_243' title='bbox 1707 3424 1759 3487; x_wconf 81' lang='grc' dir='ltr'>δ’</span> <span class='ocrx_word' id='word_1_244' title='bbox 1808 3425 2062 3502; x_wconf 70' lang='grc' dir='ltr'><strong><em>ἀρχαῖοι</em></strong></span> <span class='ocrx_word' id='word_1_245' title='bbox 2127 3426 2372 3500; x_wconf 77' lang='grc' dir='ltr'><strong><em>ποιηταὶ</em></strong></span> <span class='ocrx_word' id='word_1_246' title='bbox 2437 3427 2576 3496; x_wconf 84' lang='grc' dir='ltr'><strong><em>τοὺς</em></strong></span> 
     </span>
     <span class='ocr_line' id='line_1_31' title="bbox 237 3527 2574 3613; baseline 0.003 -24"><span class='ocrx_word' id='word_1_247' title='bbox 237 3534 568 3603; x_wconf 67' lang='grc' dir='ltr'><strong><em>παρασίτους</em></strong></span> <span class='ocrx_word' id='word_1_248' title='bbox 615 3530 892 3601; x_wconf 71' lang='grc' dir='ltr'><strong><em>κόλακας</em></strong></span> <span class='ocrx_word' id='word_1_249' title='bbox 943 3528 1221 3606; x_wconf 76' lang='grc' dir='ltr'><strong><em>ἐκάλουν,</em></strong></span> <span class='ocrx_word' id='word_1_250' title='bbox 1264 3548 1467 3613; x_wconf 92' lang='lat' dir='ltr'>neque</span> <span class='ocrx_word' id='word_1_251' title='bbox 1505 3527 1764 3593; x_wconf 87' lang='lat' dir='ltr'>Kaibeli</span> <span class='ocrx_word' id='word_1_252' title='bbox 1802 3528 2121 3594; x_wconf 87' lang='lat' dir='ltr'>medelam</span> <span class='ocrx_word' id='word_1_253' title='bbox 2161 3530 2364 3595; x_wconf 87' lang='lat' dir='ltr'>solam</span> <span class='ocrx_word' id='word_1_254' title='bbox 2388 3552 2574 3596; x_wconf 91' lang='lat' dir='ltr'>vocu-</span> 
     </span>
     <span class='ocr_line' id='line_1_32' title="bbox 232 3624 1395 3709; baseline 0.001 -13"><span class='ocrx_word' id='word_1_255' title='bbox 232 3624 335 3696; x_wconf 77' lang='lat' dir='ltr'>lam</span> <span class='ocrx_word' id='word_1_256' title='bbox 378 3636 407 3709; x_wconf 76' lang='grc' dir='ltr'>ἦ</span> <span class='ocrx_word' id='word_1_257' title='bbox 454 3635 725 3701; x_wconf 88' lang='lat' dir='ltr'>delentis</span> <span class='ocrx_word' id='word_1_258' title='bbox 773 3635 1054 3700; x_wconf 90' lang='lat' dir='ltr'>sufficere</span> <span class='ocrx_word' id='word_1_259' title='bbox 1102 3634 1395 3698; x_wconf 87' lang='lat' dir='ltr'>arbitror.</span> 
     </span>
    </p>

    <p class='ocr_par' dir='ltr' id='par_1_9' title="bbox 302 3739 1918 3822">
     <span class='ocr_line' id='line_1_33' title="bbox 302 3739 1918 3822; baseline 0 -17"><span class='ocrx_word' id='word_1_260' title='bbox 302 3759 352 3822; x_wconf 90' lang='lat' dir='ltr'>p.</span> <span class='ocrx_word' id='word_1_261' title='bbox 394 3741 547 3819; x_wconf 82' lang='lat'><strong>248,</strong></span> <span class='ocrx_word' id='word_1_262' title='bbox 571 3764 623 3807; x_wconf 93' lang='lat' dir='ltr'>c.</span> <span class='ocrx_word' id='word_1_263' title='bbox 671 3740 980 3806; x_wconf 88' lang='lat' dir='ltr'>Mendosa</span> <span class='ocrx_word' id='word_1_264' title='bbox 1026 3746 1177 3805; x_wconf 86' lang='lat' dir='ltr'>sunt</span> <span class='ocrx_word' id='word_1_265' title='bbox 1225 3742 1421 3805; x_wconf 87' lang='lat' dir='ltr'>verba</span> <span class='ocrx_word' id='word_1_266' title='bbox 1466 3739 1918 3805; x_wconf 85' lang='lat' dir='ltr'>Pherecratea:</span> 
     </span>
    </p>

    <p class='ocr_par' dir='ltr' id='par_1_10' title="bbox 638 3836 1952 3929">
     <span class='ocr_line' id='line_1_34' title="bbox 638 3836 1952 3929; baseline -0.002 -18"><span class='ocrx_word' id='word_1_267' title='bbox 638 3850 715 3918; x_wconf 79' lang='grc' dir='ltr'>ὦς</span> <span class='ocrx_word' id='word_1_268' title='bbox 765 3847 1104 3922; x_wconf 72' lang='grc' dir='ltr'><strong><em>ὃλιγόσιτος</em></strong></span> <span class='ocrx_word' id='word_1_269' title='bbox 1158 3842 1285 3920; x_wconf 77' lang='grc' dir='ltr'><strong><em>ἦσθ’</em></strong></span> <span class='ocrx_word' id='word_1_270' title='bbox 1335 3844 1450 3929; x_wconf 73' lang='grc' dir='ltr'>ἄρ’,</span> <span class='ocrx_word' id='word_1_271' title='bbox 1502 3836 1561 3917; x_wconf 77' lang='grc' dir='ltr'>ὃς</span> <span class='ocrx_word' id='word_1_272' title='bbox 1612 3846 1952 3917; x_wconf 71' lang='grc' dir='ltr'><strong><em>κατεσθίεις</em></strong></span> 
     </span>
    </p>

    <p class='ocr_par' dir='ltr' id='par_1_11' title="bbox 236 3952 2578 4463">
     <span class='ocr_line' id='line_1_35' title="bbox 640 3952 2131 4032; baseline -0.001 -16"><span class='ocrx_word' id='word_1_273' title='bbox 640 3960 751 4027; x_wconf 77' lang='grc' dir='ltr'>τῆς</span> <span class='ocrx_word' id='word_1_274' title='bbox 802 3954 1033 4032; x_wconf 76' lang='grc' dir='ltr'><strong><em>ἡμέρας</em></strong></span> <span class='ocrx_word' id='word_1_275' title='bbox 1078 3955 1407 4030; x_wconf 73' lang='grc' dir='ltr'><strong><em>μακράς</em></strong></span> <span class='ocrx_word' id='word_1_276' title='bbox 1456 3952 1826 4029; x_wconf 73' lang='grc' dir='ltr'><strong><em>τριήρους</em></strong></span> <span class='ocrx_word' id='word_1_277' title='bbox 1876 3954 2131 4016; x_wconf 90' lang='grc' dir='ltr'><strong><em>σιτία.</em></strong></span> 
     </span>
     <span class='ocr_line' id='line_1_36' title="bbox 236 4052 2577 4145; baseline 0.001 -22"><span class='ocrx_word' id='word_1_278' title='bbox 236 4052 287 4115; x_wconf 78' lang='lat' dir='ltr'>in</span> <span class='ocrx_word' id='word_1_279' title='bbox 321 4060 537 4142; x_wconf 81' lang='lat' dir='ltr'>quibus</span> <span class='ocrx_word' id='word_1_280' title='bbox 572 4058 740 4123; x_wconf 86' lang='lat' dir='ltr'>male</span> <span class='ocrx_word' id='word_1_281' title='bbox 777 4058 935 4124; x_wconf 93' lang='lat' dir='ltr'>olim</span> <span class='ocrx_word' id='word_1_282' title='bbox 972 4062 1159 4145; x_wconf 89' lang='lat' dir='ltr'>iungi</span> <span class='ocrx_word' id='word_1_283' title='bbox 1199 4078 1380 4144; x_wconf 91' lang='lat' dir='ltr'>posse</span> <span class='ocrx_word' id='word_1_284' title='bbox 1424 4058 1654 4137; x_wconf 74' lang='grc' dir='ltr'><strong><em>ἡμέρας</em></strong></span> <span class='ocrx_word' id='word_1_285' title='bbox 1695 4061 1940 4139; x_wconf 72' lang='grc' dir='ltr'><strong><em>μακρᾶς</em></strong></span> <span class='ocrx_word' id='word_1_286' title='bbox 1968 4058 2288 4143; x_wconf 89' lang='lat' dir='ltr'>opinabar.</span> <span class='ocrx_word' id='word_1_287' title='bbox 2342 4060 2577 4145; x_wconf 87' lang='lat' dir='ltr'>Aperte</span> 
     </span>
     <span class='ocr_line' id='line_1_37' title="bbox 240 4162 2576 4249; baseline 0.003 -26"><span class='ocrx_word' id='word_1_288' title='bbox 240 4166 411 4229; x_wconf 77' lang='lat' dir='ltr'>autem</span> <span class='ocrx_word' id='word_1_289' title='bbox 448 4186 577 4229; x_wconf 91' lang='lat' dir='ltr'>non</span> <span class='ocrx_word' id='word_1_290' title='bbox 623 4164 855 4231; x_wconf 87' lang='lat' dir='ltr'>sufficit</span> <span class='ocrx_word' id='word_1_291' title='bbox 903 4187 1054 4229; x_wconf 92' lang='lat' dir='ltr'>cum</span> <span class='ocrx_word' id='word_1_292' title='bbox 1098 4162 1425 4229; x_wconf 89' lang='lat' dir='ltr'>Meinekio</span> <span class='ocrx_word' id='word_1_293' title='bbox 1475 4166 1793 4249; x_wconf 87' lang='lat' dir='ltr'>corrigere</span> <span class='ocrx_word' id='word_1_294' title='bbox 1839 4168 2063 4241; x_wconf 72' lang='grc' dir='ltr'><strong><em>μικρᾶς</em></strong></span> <span class='ocrx_word' id='word_1_295' title='bbox 2084 4212 2098 4241; x_wconf 90' lang='grc'><strong>,</strong></span> <span class='ocrx_word' id='word_1_296' title='bbox 2152 4184 2302 4227; x_wconf 90' lang='lat' dir='ltr'>nam</span> <span class='ocrx_word' id='word_1_297' title='bbox 2350 4167 2576 4244; x_wconf 88' lang='lat' dir='ltr'>ironia,</span> 
     </span>
     <span class='ocr_line' id='line_1_38' title="bbox 244 4268 2578 4355; baseline 0.002 -25"><span class='ocrx_word' id='word_1_298' title='bbox 244 4284 391 4347; x_wconf 85' lang='lat' dir='ltr'>quam</span> <span class='ocrx_word' id='word_1_299' title='bbox 432 4274 639 4335; x_wconf 87' lang='lat' dir='ltr'>inesse</span> <span class='ocrx_word' id='word_1_300' title='bbox 683 4270 862 4349; x_wconf 89' lang='lat' dir='ltr'>vult,</span> <span class='ocrx_word' id='word_1_301' title='bbox 913 4292 949 4335; x_wconf 88' lang='lat' dir='ltr'>a</span> <span class='ocrx_word' id='word_1_302' title='bbox 996 4269 1120 4335; x_wconf 90' lang='lat' dir='ltr'>loci</span> <span class='ocrx_word' id='word_1_303' title='bbox 1168 4273 1410 4334; x_wconf 87' lang='lat' dir='ltr'>ratione</span> <span class='ocrx_word' id='word_1_304' title='bbox 1460 4290 1718 4355; x_wconf 93' lang='lat' dir='ltr'>prorsus</span> <span class='ocrx_word' id='word_1_305' title='bbox 1766 4268 1972 4333; x_wconf 88' lang='lat' dir='ltr'>aliena</span> <span class='ocrx_word' id='word_1_306' title='bbox 2019 4276 2133 4333; x_wconf 92' lang='lat' dir='ltr'>est.</span> <span class='ocrx_word' id='word_1_307' title='bbox 2207 4268 2417 4335; x_wconf 90' lang='lat' dir='ltr'>Hodie</span> <span class='ocrx_word' id='word_1_308' title='bbox 2467 4274 2578 4335; x_wconf 83' lang='lat' dir='ltr'>vix</span> 
     </span>
     <span class='ocr_line' id='line_1_39' title="bbox 244 4368 1587 4463; baseline 0.003 -28"><span class='ocrx_word' id='word_1_309' title='bbox 244 4368 417 4441; x_wconf 89' lang='lat' dir='ltr'>dubito</span> <span class='ocrx_word' id='word_1_310' title='bbox 466 4378 623 4463; x_wconf 88' lang='lat' dir='ltr'>quin</span> <span class='ocrx_word' id='word_1_311' title='bbox 666 4380 947 4463; x_wconf 86' lang='lat' dir='ltr'>genuina</span> <span class='ocrx_word' id='word_1_312' title='bbox 996 4380 1309 4461; x_wconf 87' lang='lat' dir='ltr'>scriptura</span> <span class='ocrx_word' id='word_1_313' title='bbox 1357 4375 1587 4440; x_wconf 87' lang='lat' dir='ltr'>fuerit:</span> 
     </span>
    </p>
   </div>
  </div>
 </body>
</html>
