3192 5009
1238 269 1589 318 nonium.
1863 339 1870 345 ι
2467 247 2595 316 147

346 433 407 499 Si
458 455 671 500 verum
730 434 998 500 vidisset
1055 457 1183 502 von
1243 434 1473 501 Hartel
1489 484 1505 513 ,
1574 435 1742 500 nihii
1789 435 2068 500 obstaret
2113 436 2460 520 quominus
2506 433 2604 498 di-

278 561 495 626 gamma
548 561 658 625 per
718 546 933 606 totum
994 541 1355 607 Homerum
1420 563 1676 608 8111111118
1732 544 2088 608 8088188118
2136 543 2602 606 restitueretur.

278 645 331 710 Si
366 668 568 712 verum
606 654 774 712 esset
810 648 879 712 id
925 648 1092 734 quod
1131 649 1442 714 Lunwmn
1480 649 1816 712 Aristarch.
1858 646 1923 712 II
1944 671 2004 734 p.
2034 645 2167 714 274
2193 669 2327 735 sqq.
2367 667 2607 734 magna

274 774 393 816 cura
442 753 941 819 demonstratum
999 757 1156 833 ivit,
1212 756 1478 819 mobilem
1528 755 1724 820 fuisse
1772 755 2062 820 litteram
2114 779 2160 832 r,
2209 753 2470 840 perinde
2518 758 2609 818 at-

272 880 367 944 que
416 862 614 946 sigma
661 858 767 924 vel
813 858 1001 926 labda
1045 882 1285 927 vocum
1332 860 2037 944 σκίδναμαι-κίδναιμαι,
2086 859 2493 937 λείβω-εἵβω,
2542 863 2608 923 et

268 966 375 1029 81118
426 967 577 1029 vitio
638 967 846 1052 igitur
908 987 945 1031 a
1006 969 1211 1052 poetis
1258 967 1447 1032 modo
1496 970 1737 1033 servari
1783 969 2067 1054 potuisse
2114 966 2305 1032 modo
2354 968 2605 1043 omitti,

267 1069 551 1157 digamma.
590 1073 858 1159 appingi
897 1079 1113 1158 posset
1149 1077 1219 1138 in
1261 1074 1537 1138 editione
1576 1073 1882 1138 hodierna
1919 1074 2281 1160 ubicunque
2331 1076 2470 1138 eius
2507 1074 2608 1137 vis

268 1198 328 1242 81
376 1199 665 1242 versuum
726 1182 1013 1244 numeris
1079 1183 1466 1266 agnoscitur,
1528 1183 1726 1246 ceteri
1770 1180 1899 1246 loci
1946 1202 2071 1245 non
2121 1184 2330 1246 essent
2379 1179 2610 1245 8011181-

268 1283 426 1348 188111.
465 1283 586 1349 Sed
625 1291 924 1350 neutram
962 1289 1298 1365 rationem,
1334 1289 1755 1373 quantumvis
1779 1287 2190 1373 simplicitate
2216 1291 2282 1352 et
2304 1286 2610 1352 facilitate

270 1409 319 1452 se
368 1390 922 1469 commendantem,
990 1395 1143 1457 88118
1204 1398 1351 1458 tuto
1414 1398 1674 1458 secutus
1719 1393 1912 1457 fuerit
1963 1392 2213 1478 81111818.
2282 1393 2384 1457 Ex
2429 1399 2610 1479 parte

272 1495 485 1561 fortasse
545 1495 921 1562 Ludwichio
983 1501 1277 1564 assentiri
1326 1498 1630 1565 debemus
1651 1547 1667 1576 ,
1717 1501 1876 1564 satis
1925 1498 2241 1564 credibilis
2291 1504 2464 1565 enim
2513 1507 2612 1566 est

274 1605 570 1680 sententia,
636 1602 974 1668 nonnullas
1024 1625 1212 1670 voces
1260 1625 1415 1670 aevo
1463 1604 1810 1670 Homerico
1856 1605 2269 1671 vacillantem
2313 1607 2612 1673 habuisse

274 1729 563 1774 consonam
603 1733 649 1788 r,
693 1716 758 1774 et
796 1710 1030 1776 harum
1067 1713 1275 1798 igitur
1297 1711 1622 1797 duplicem
1647 1712 1919 1777 formam
1943 1717 2096 1776 tunc
2123 1716 2432 1798 temporis
2459 1735 2611 1778 cum

274 1814 321 1877 in
352 1837 443 1881 01·8
476 1817 815 1881 hominum
853 1817 1247 1882 circumferri
1286 1824 1431 1883 tum
1465 1839 1503 1884 a
1536 1821 1746 1904 poetis
1785 1821 2079 1904 usurpari
2120 1826 2413 1906 coeptam
2437 1841 2572 1886 esse
2593 1869 2610 1898 ,

274 1940 377 2004 ag.
400 1918 792 2001 γέμος-ἕρκος,
817 1923 1189 1988 τελεῖν-ἑλεῖν
1226 1924 1477 2010 aliaque
1501 1944 1704 2009 pauca
1726 1923 2101 1990 huiusmodi
2129 1922 2199 2006 1).
2226 1925 2315 1990 Α1
2339 1921 2611 1990 11111οῘ38

275 2045 359 2109 pro
388 2027 535 2092 νοῖδα
573 2031 893 2114 reperitur
931 2029 1038 2094 vel
1085 2027 1146 2101 ἔς
1194 2051 1309 2115 pro
1350 2031 1461 2107 πός,
1505 2027 1668 2106 ἅναξ
1705 2051 1819 2116 pro
1862 2029 2074 2108 18111αέ,
2104 2027 2246 2103 ἔπος
2274 2053 2388 2117 pro
2414 2033 2608 2110 εέπος,

276 2151 329 2194 ea
365 2135 701 2198 certissima
747 2134 1043 2200 ducimus
1090 2141 1307 2201 textus
1354 2137 1573 2200 vitiati
1618 2135 1855 2201 indicia
1875 2184 1891 2213 ,
1943 2138 2079 2200 sive
2119 2137 2327 2223 igitur
2363 2157 2609 2215 versus,

274 2237 325 2298 in
380 2260 490 2323 quo
558 2238 705 2304 talis
779 2261 953 2306 error
1020 2241 1531 2327 deprehenditur,
1596 2245 1878 2308 insertus
1940 2241 2140 2307 fuerit
2199 2249 2421 2328 postea
2471 2245 2609 2308 sive

278 2351 537 2410 mutatus.
585 2346 684 2411 Ab
733 2347 1051 2412 eiusmodi
1089 2353 1308 2413 autem
1344 2347 1503 2413 locis
1554 2369 1946 2434 quamquam
2001 2348 2405 2414 abstinendae
2461 2354 2613 2416 sunt

276 2468 425 2534 saepe
462 2473 686 2516 manus
704 2501 723 2530 ,
773 2474 924 2517 cum
971 2460 1141 2519 certa
1180 2455 1540 2520 emendatio
1582 2454 1849 2540 proferri
1889 2461 2192 2541 nequeat,
2234 2477 2358 2521 non
2396 2462 2612 2521 tamen

274 2555 553 2638 prudentis
598 2561 803 2624 critici
852 2581 987 2626 esse
1037 2583 1365 2627 censemus
1413 2565 1548 2627 sine
1599 2563 1958 2648 suspicione
2006 2583 2111 2626 eos
2157 2561 2502 2628 dimittere.

344 2659 619 2730 Ceterum
680 2665 1117 2752 compluribus
1178 2667 1505 2733 vocabulis
1569 2667 1901 2754 digamma
1963 2670 2174 2752 potest
2233 2667 2412 2733 reddi
2475 2671 2610 2732 sine

274 2765 381 2834 ulla
412 2776 613 2838 textus
652 2772 877 2838 traditi
915 2776 1275 2840 mutatione
1301 2771 1391 2856 ¹):
1432 2774 1588 2853 νέαρ,
1631 2772 1892 2852 ναραιός,
1934 2781 2098 2852 πῆραι,
2139 2771 2330 2853 νέα-ης,
2357 2773 2612 2854 νεκυρός,

325 3061 365 3112 1)
392 3057 647 3115 Prudenter
681 3063 771 3114 1188
804 3064 862 3113 118
894 3078 948 3114 rs
974 3062 1239 3129 disputavit
1274 3063 1469 3113 Moneo
1500 3064 1640 3116 Hom.
1673 3062 1925 3112 Granum
1952 3064 2113 3124 §4003
2147 3062 2242 3113 vid.
2259 3061 2405 3112 811818
2427 3062 2615 3114 Ouum·

277 3143 423 3210 szq.
440 3148 582 3198 Iliad.
619 3164 667 3212 p.
708 3148 805 3196 158
824 3163 928 3211 sqq.

324 3226 369 3288 Β)
412 3229 732 3279 Mutationem
784 3245 879 3278 non
924 3227 1125 3277 dicimus
1169 3243 1278 3277 cum
1324 3227 1571 3277 omittitur
1605 3244 1632 3277 8
1666 3227 1835 3277 critico
1867 3227 2101 3277 hodierno
2136 3227 2301 3277 littere
2334 3225 2525 3277 mobilis
2559 3225 2612 3275 in

275 3305 345 3354 fise
372 3309 570 3360 vocabuli
602 3311 943 3376 praecedentis.
980 3310 1240 3359 Contendit
1272 3309 1465 3374 quidem
1498 3311 1742 3360 Lunwtcu
1778 3307 2057 3359 Aristar-eh.
2098 3310 2150 3360 11
2187 3327 2231 3375 p.
2252 3307 2522 3361 278—288
2554 3326 2614 3359 ne

276 3393 562 3456 pnngogimm
605 3393 802 3458 quidem
853 3409 898 3439 -ν
943 3391 1045 3442 sine
1076 3391 1349 3442 temeritate
1384 3407 1517 3457 posse
1554 3393 1706 3442 deleri
1741 3395 1796 3442 ut
1831 3391 2071 3456 digamus
2097 3391 2314 3456 sequenti
2343 3393 2448 3442 voci
2479 3408 2615 3458 prae-

276 3469 435 3531 figunt.
478 3475 559 3524 sed
604 3474 689 3524 vix
734 3473 859 3523 serie
904 3474 973 3523 ita
1017 3473 1311 3524 contendisse
1346 3489 1457 3524 eum
1495 3473 1806 3538 suspicamur,
1845 3473 1946 3522 ioco
1983 3476 2110 3522 certe
2151 3489 2295 3538 quem
2329 3477 2612 3539 argumento

276 3557 361 3601 aaut
402 3556 626 3606 similiora
677 3571 799 3620 quae
849 3571 957 3620 pag.
1002 3555 1100 3606 278
1146 3556 1359 3620 scripsit:
1406 3556 1587 3605 ‚meine
1628 3555 1864 3618 Meinung
1896 3555 2104 3618 griindet
2135 3555 2236 3604 sich
2270 3556 2497 3605 zuniichst
2534 3557 2620 3604 auf

282 3632 361 3682 ,1118
396 3637 675 3702 unlenghare
717 3637 1010 3696 Thetaedia,
1058 3637 1164 3686 dass
1208 3638 1291 3686 1188
1337 3637 1676 3702 paragogische
1709 3655 1732 3684 ν
1767 3639 1852 3686 der
1884 3637 2212 3702 griechischen
2245 3639 2453 3702 Sprache
2489 3638 2612 3687 noch

282 3717 497 3780 -verblieb,
530 3721 602 3770 818
636 3722 719 3768 1188
750 3720 999 3784 Digemme
1034 3719 1191 3783 liingst
1227 3723 1612 3783 untergegangen
1641 3735 1765 3768 war:
1801 3718 1998 3782 folglich
2034 3735 2164 3767 muse
2190 3719 2340 3776 dieses
2370 3735 2462 3769 von
2492 3735 2611 3769 vorn

280 3795 435 3850 -herein
461 3801 753 3867 krfiftigerer
785 3803 948 3850 Netur
979 3815 1190 3864 genesen
1222 3800 1325 3850 sein
1360 3801 1430 3850 sls
1458 3799 1642 3864 jenes''.
1679 3827 1744 3838 —
1781 3803 1935 3850 Nemo
1966 3816 2061 3850 non
2097 3800 2228 3850 videt
2260 3816 2353 3850 non
2387 3816 2520 3866 posse
2543 3801 2616 3850 118

278 3874 381 3928 inter
415 3898 459 3931 ss
504 3883 775 3948 comparari
825 3883 944 3932 duos
995 3898 1134 3933 sonos
1178 3882 1553 3942 dissimillimos,
1605 3897 1810 3946 quorum
1856 3882 1980 3931 alter
2011 3882 2278 3931 dominium
2311 3881 2454 3932 habet
2488 3885 2616 3947 quod

278 3963 415 4013 nanim
441 3966 683 4031 analogiae
716 3969 766 4014 et
794 3965 1059 4030 euphoniae
1092 3967 1253 4015 studio
1288 3969 1534 4015 extensum
1570 3971 1618 4014 et
1654 3981 1760 4015 sero
1795 3967 1989 4014 demum
2021 3965 2164 4014 certis
2197 3965 2379 4029 legibus
2415 3967 2616 4016 adstric-

278 4045 358 4092 tum
394 4052 481 4104 est.
524 4049 647 4098 81181·
682 4049 798 4113 ipsis
834 4048 1073 4097 radicibus
1106 4046 1363 4097 verborum
1398 4048 1509 4097 inde
1543 4046 1603 4096 sb
1640 4048 1825 4112 origine
1858 4047 2111 4097 inhaerens
2146 4048 2380 4112 paulatim
2414 4049 2612 4098 evanuit

266 4137 361 4175 ann
388 4130 662 4180 Graecorum
701 4130 775 4179 ori
812 4132 969 4180 minus
1008 4130 1259 4180 addiceret.
1302 4129 1527 4179 „Robur”
1564 4131 1795 4182 utriusvis
1829 4129 2022 4180 litterae
2059 4157 2110 4167 -
2146 4130 2187 4178 si
2215 4131 2272 4179 de
2299 4131 2488 4192 robore,
2516 4148 2612 4181 non

280 4203 323 4252 *le
348 4209 459 4270 iure,
492 4213 830 4278 inquirendum
864 4216 936 4262 est
968 4216 1053 4262 ant
1086 4227 1195 4262 cum
1230 4212 1582 4276 Thrasymacho
1617 4213 1855 4262 credimus
1889 4212 1964 4260 ins
2000 4227 2097 4261 8888
2125 4212 2186 4260 τὸ
2218 4215 2309 4262 τοῦ
2339 4215 2614 4275 κρείττονος

280 4287 481 4354 {molam
521 4323 587 4334 -—
626 4295 743 4346 hinc
786 4311 883 4345 non
917 4294 1241 4360 cognoscitur:
1279 4295 1331 4344 in
1369 4295 1587 4344 Homero
1620 4299 1780 4344 eutem
1815 4309 1960 4358 quam
1996 4293 2219 4358 exiguum
2252 4294 2316 4344 sit
2352 4295 2496 4345 robur
2531 4311 2614 4360 pa-

284 4375 487 4437 “ssogiese
518 4377 709 4428 litterae
741 4395 806 4439 -ν,
840 4379 1011 4428 docent
1039 4377 1131 4426 loci
1164 4377 1243 4427 ubi
1274 4376 1363 4440 σφ’
1394 4378 1470 4427 vel
1497 4377 1727 4439 xslpeoe’
1745 4393 1833 4443 pto
1854 4382 1969 4439 σφιν
1988 4376 2064 4426 vel
2081 4375 2336 4438 χείρεσσιν
2358 4378 2598 4443 reperitur
