3192 5009
1183 256 1678 361 immersimus.
2187 395 2194 400 ὁ
2494 296 2622 364 389

527 479 624 544 ἐπὶ
650 475 801 550 ’ταῖς
853 477 1082 549 πύλαις
1131 478 1688 551 ἀλλαντοπωλήσει
1737 477 1913 554 μόνος

526 584 607 649 τὰ
659 583 867 650 κύνεια
915 585 1138 663 μιγνὺς
1188 592 1313 657 τοῖς
1364 585 1563 657 ὀνείοις
1614 583 2122 665 πράγμασιν.

348 801 558 889 Equit.
607 801 759 870 807.

348 905 451 975 εἶθ’
498 907 622 987 ἥξει
667 933 757 976 σοι
805 909 1015 990 δριμὺς
1064 907 1343 990 ἄγροικος
1394 910 1565 973 κατὰ
1615 914 1720 974 σοῦ
1769 893 1877 984 τὴν
1916 915 2128 990 ψῆφον
2170 912 2349 990 ἶχνε
2376 913 2539 978 ύων.

268 1015 559 1082 Desinant
618 1016 954 1104 aliquando
1018 1017 1289 1081 editores
1354 1015 1571 1081 afferre
1633 1016 2140 1082 infelicissimam
2191 1017 2438 1084 Reiskii
2483 1042 2626 1087 con-

266 1127 562 1190 iecturam
598 1127 901 1206 ὀχμεύων,
944 1123 1113 1209 quod
1150 1143 1353 1208 neque
1392 1119 1712 1189 Graecum
1751 1131 1846 1188 est
1885 1145 1999 1208 pro
2042 1123 2357 1206 ὀχμάζων,
2399 1148 2621 1213 neque,

269 1234 315 1296 si
371 1237 565 1310 esset,
634 1235 786 1298 satis
834 1236 1081 1316 aptum.
1137 1229 1465 1295 Sententia
1511 1227 1704 1295 ferret
1753 1231 2024 1308 ἐποίσων,
2070 1231 2180 1296 sed
2227 1239 2447 1318 poetae
2495 1256 2626 1300 ma-

266 1359 411 1402 num
454 1341 790 1405 restituere
838 1358 1100 1423 nequeo,

344 1540 499 1608 PAO.
554 1540 723 1607 1169
750 1563 881 1628 sqq.
1228 1577 1312 1588 -—
1362 1543 1467 1604 τοῦ
1523 1540 1711 1616 θύμου
1760 1540 1984 1622 τρίβων
2035 1550 2351 1623 κυκῶμαι,

1220 1643 1391 1730 κᾷτα
1439 1646 1744 1724 γίγνομαι
1795 1646 2015 1728 παχὺς

1219 1756 1563 1827 τηνικαῦτα
1615 1757 1721 1818 τοῦ
1767 1753 1960 1833 θέρους

522 1865 766 1939 μᾶλλον
813 1858 847 1934 ἢ
895 1861 1107 1923 θεοῖσιν
1157 1858 1367 1940 ἐχθρὸν
1414 1858 1754 1939 ταξίαρχον
1801 1861 2204 1941 προσβλέπων

520 1975 677 2048 τρεῖς
728 1965 955 2047 λόφους
1006 1965 1238 2046 ἔχοντα
1287 1965 1389 2030 καὶ
1436 1964 1719 2047 φοινικίδ’
1766 1965 1970 2044 ὀξεῖαν
2017 1967 2201 2046 πάνυ,

522 2069 589 2147 ἣν
638 2073 857 2145 έκεῒνός
905 2079 1092 2152 φησιν
1139 2067 1287 2136 εἶναι
1335 2070 1579 2149 βάμμα
1633 2071 2059 2153 Σαρδιανικόν·

525 2179 591 2255 ἢν
640 2179 704 2244 δέ
750 2202 866 2243 που
916 2178 1017 2261 δέη
1066 2176 1339 2261 μάχεσθ’
1386 2175 1615 2259 ἔχοντα
1664 2181 1773 2254 τὴν
1817 2181 2158 2261 φοινικίδα,

523 2289 839 2361 τηνικαῦτ’
887 2286 1071 2355 αὐτὸς
1117 2285 1451 2364 βέβαπται
1500 2286 1748 2365 βάμμα
1796 2284 2214 2366 Κυζικηνικόν·

519 2391 690 2478 κᾷτα
737 2393 966 2474 φεύγει
1015 2395 1279 2474 πρῶτος,
1328 2389 1527 2474 ὥσπερ
1571 2390 1774 2469 ξουθὸς
1825 2395 2296 2477 ἱππαλεκτρυὼν

518 2501 659 2573 τοὺς
708 2499 937 2582 λόφους
984 2500 1191 2565 σείων·
1240 2501 1361 2577 ἐγὼ
1412 2499 1463 2564 δ’
1510 2493 1745 2574 ἕστηκα
1793 2502 2424 2580 λινοπτώμενος.

520 2606 699 2681 ἡνίκα
747 2606 799 2670 δ’
848 2605 925 2670 ἂν
972 2605 1116 2670 οίκοι
1164 2605 1497 2684 γένωνται,
1546 2605 1752 2684 δρῶσιν
1799 2607 1906 2671 οὐκ
1953 2607 2286 2688 άνασχετά
2335 2610 2463 2674 κτὲ.

264 2708 641 2799 Oorruptum
686 2735 822 2778 esse
866 2710 1307 2788 λινοπτώμενος
1358 2717 1668 2798 arguente
1715 2719 1920 2778 metro
1969 2717 2234 2800 agnovit
2281 2715 2614 2792 Meineke,

262 2819 429 2882 cuius
489 2825 705 2884 tamen
765 2817 894 2884 leni
954 2839 1101 2884 sane
1162 2820 1546 2883 correctione
1609 2821 2063 2894 ληνοπτώμενος
2129 2820 2293 2885 nihil
2358 2826 2616 2888 omnino

262 2923 587 3008 proficitur.
637 2924 762 2990 Fac
810 2927 981 2990 enim
1018 2925 1438 2999 ληνοπτῐὶσθαι
1480 2945 1616 2989 esse
1654 2925 1925 2990 verbum
1965 2923 2284 2991 Graecum
2323 2934 2388 2993 et
2425 2931 2622 3016 signi-

262 3028 430 3096 ficare
474 3052 656 3118 posse
700 3031 868 3116 quod
914 3029 1121 3096 voluit
1165 3029 1257 3094 M.
1308 3029 1699 3094 torcularium
1733 3032 1976 3113 prebum
2022 3034 2344 3111 observem-e,
2396 3057 2474 3100 ne
2531 3038 2621 3102 sic

263 3137 505 3219 quidem
568 3136 884 3202 eiusmodi
943 3159 1068 3203 vox
1130 3137 1279 3201 huic
1327 3136 1463 3201 loco
1511 3139 1826 3202 convenit.
1876 3137 2218 3204 Manifeste
2266 3143 2438 3206 enim
2483 3146 2623 3207 uni-

262 3261 428 3308 versa
485 3242 613 3308 loci
670 3245 831 3308 ratio
892 3248 957 3308 et
1020 3249 1342 3307 structura
1388 3246 1640 3329 arguit,
1690 3244 1884 3308 verba
1933 3245 2052 3320 ἐγὼ
2100 3244 2152 3308 δ’
2203 3241 2436 3318 ἕστηκα
2487 3269 2610 3314 non

262 3350 557 3430 pertinere
619 3347 698 3414 ad
751 3369 1183 3436 praegressam
1230 3371 1325 3414 vs.
1378 3347 1820 3415 1127—1171
1871 3354 2042 3435 pacis
2091 3352 2580 3437 descriptionem
2601 3405 2618 3434 ,

263 3453 361 3517 sed
419 3456 496 3520 ad
555 3455 750 3521 verba
810 3455 1042 3521 ultima
1106 3453 1279 3522 1172
1330 3495 1415 3504 —
1444 3457 1580 3528 τοὺς
1631 3454 1860 3536 λόφους
1909 3458 2100 3536 σείων,
2151 3464 2216 3523 et
2263 3460 2620 3547 significare

265 3558 469 3626 debere
530 3561 685 3647 quid
746 3561 897 3628 belli
958 3569 1241 3648 tempore
1286 3567 1423 3648 ipse
1470 3563 1775 3628 choreuta
1821 3565 2010 3629 faciat
2027 3613 2043 3641 ,
2096 3565 2343 3649 quando
2392 3570 2625 3632 taxiar-

265 3667 404 3731 chus
461 3671 709 3754 primus
769 3671 1059 3734 omnium
1124 3691 1157 3734 e
1214 3669 1453 3754 proelio
1502 3669 1729 3755 fug-iat.
1783 3669 1964 3750 Quod
2013 3672 2254 3754 optime
2301 3672 2624 3739 intellexit

265 3777 433 3838 vetus
477 3773 816 3840 scholiasta
833 3824 849 3852 ‚
900 3778 1010 3860 qui
1055 3782 1269 3841 tamen
1319 3781 1687 3861 corruptam
1727 3779 2110 3862 scripturam
2148 3779 2620 3863 interpretando

264 3879 538 3963 expedire
606 3881 842 3946 stustra
908 3887 1168 3946 conatus
1240 3887 1355 3946 est.
1422 3881 1586 3962 Quid
1650 3881 1893 3948 dederit
1952 3884 2408 3968 Aristophanes
2427 3934 2442 3962 ,
2509 3907 2622 3973 pro

265 3991 414 4050 certo
474 3985 734 4072 quidem
793 3987 1104 4053 affirmare
1168 4008 1293 4051 non
1357 3988 1557 4052 audeo
1574 4036 1591 4066 ,
1642 3987 1749 4052 sed
1797 3988 1968 4053 haud
2015 4010 2161 4055 sane
2214 3992 2428 4075 inepte
2477 3995 2624 4058 scri-

264 4086 393 4156 bere
435 4095 679 4178 potuit,
729 4094 896 4179 quod
940 4115 977 4159 a
1021 4094 1258 4159 tradita
1301 4092 1571 4159 lectione
1617 4115 1742 4158 non
1788 4095 2066 4160 nimium
2114 4095 2347 4160 distat:

1103 4201 1225 4278 έγὼ
1272 4201 1324 4264 δ’
1371 4197 1607 4273 ἕστηκα
1656 4199 1742 4274 33,
1791 4199 2042 4264 πνέων
2089 4203 2349 4274 μένος.

270 4298 387 4378 Qua
427 4304 767 4371 Homerica
812 4305 1129 4373 locutione
1179 4309 1276 4370 uti
1322 4312 1569 4391 poterat
1617 4306 1997 4387 ἀμφιβόλως
2016 4355 2032 4383 ,
2085 4328 2208 4392 quo
2250 4306 2446 4372 simul
2483 4310 2621 4373 eius

270 4410 363 4490 qui
401 4408 689 4497 loquitur
733 4412 1176 4478 fortitudinem
1223 4411 1419 4477 simul
1457 4412 1745 4478 eiusdem
1782 4412 2291 4499 indignationem
2329 4413 2406 4478 de
2445 4413 2622 4481 ducis

2274 4534 2336 4584 25
