3192 5009
553 347 683 416 408
1606 365 1852 415 mnus·

548 532 651 596 καὶ
701 531 1086 614 ’Λραφηνίων
1131 531 1234 597 καὶ
1285 533 1500 598 πολλοὶ
1547 538 1662 597 τῶν
1703 529 1846 596 τότε
1884 531 2436 612 συγγεωργούντων
2460 533 2909 612 μαρτυρήσειαν

548 638 625 703 ἄν
683 661 820 716 μοι,
883 637 1194 718 διαρρήδην
1256 639 1316 704 δὲ
1379 638 1511 719 περὶ
1577 639 1934 712 τηλικούτου
1998 638 2376 717 πράγματος
2424 640 2531 704 οὐκ
2578 635 2657 704 ἂν
2705 634 2905 718 ἔχοιμι

546 741 703 816 ὅπως
749 746 889 821 ὑμῖν
929 745 1370 827 παρασχοίμην
1405 748 1734 831 interpone
1756 751 1900 831 post
1924 743 2303 825 πράγματος
2330 749 2909 828 (μαρτυροῦντας).

548 849 644 920 Of.
692 851 848 917 Isae.
901 850 982 929 H,
1033 850 1140 916 38.
1185 853 1411 918 Aesch.
1452 851 1499 936 I,
1543 851 1629 918 98
1672 854 1934 917 ἐνταῦθα
1974 854 2179 928 μέντοι
2222 854 2289 928 νῆ
2332 852 2457 918 Δία
2499 858 2719 931 σαφῶς
2748 850 2911 916 πάνυ

544 958 648 1024 καὶ
698 958 1009 1037 διαρρήδην
1057 958 1178 1034 ἐγὼ
1223 964 1678 1038 μαρτυροῦντας
1733 959 1875 1036 ὑμῖν
1923 959 2061 1030 τοὺς
2112 959 2429 1040 μάρτυρας
2479 957 2845 1037 παρέξομαι.

634 1064 804 1142 VIII,
856 1062 940 1128 45
1013 1065 1174 1139 ὑμῶν
1235 1063 1290 1129 δ’
1355 1065 1474 1142 ἐγὼ
1538 1064 1751 1142 δέομαι
1816 1064 1917 1130 καὶ
1982 1066 2269 1144 ἱκετεύω,
2331 1067 2419 1142 μή
2475 1089 2560 1142 με
2609 1064 2915 1144 περιίδητε

536 1172 679 1255 ,περὶ
741 1171 964 1236 τούτων
1031 1169 1391 1249 ὑβρισθέντα
1453 1173 1568 1238 τῶν
1629 1171 1989 1251 χρημάτων,
2058 1169 2134 1237 ὦν
2180 1171 2209 1236 ὃ
2258 1173 2516 1244 πάππος
2566 1171 2870 1236 κατέλιπε
2894 1222 2917 1250 ,

544 1278 689 1355 μηδ’
759 1278 1286 1358 άποστερηθέντα,
1371 1278 1548 1342 άλλά
1619 1278 1971 1356 βοηθήσατε
2043 1277 2181 1344 καθ’
2253 1275 2385 1344 ὅσον
2458 1278 2623 1355 ὑμῶν
2694 1273 2913 1352 ἔκαε-ος

545 1385 853 1466 τυγχάνει
917 1384 1263 1462 δυνάμενος.
1326 1384 1562 1451 Misere
1623 1390 1957 1471 corruptus
2018 1391 2116 1450 est
2174 1386 2279 1451 hic
2341 1385 2539 1452 locus·
2586 1385 2788 1464 Nam,
2838 1395 2921 1450 ut

544 1493 668 1559 alia
713 1495 1042 1570 omittam,
1091 1492 1245 1578 quid
1291 1497 1388 1556 est
1434 1493 1566 1571 περὶ
1610 1497 1727 1556 τῶν
1764 1490 2104 1574 χρημάτων
2148 1489 2542 1575 ὑβρίζεσθαιῗ
2581 1492 2713 1558 Diu
2750 1492 2921 1558 mihi

543 1601 872 1686 quaerenti
933 1620 1119 1684 opem
1181 1597 1466 1664 tulerunt
1534 1597 1696 1665 Isaei
1758 1599 1883 1666 duo
1928 1599 2088 1666 loci:
2138 1599 2213 1678 V,
2262 1599 2351 1665 24
2398 1600 2503 1666 καὶ
2552 1599 2675 1679 ἐγὼ
2724 1599 2837 1676 μὲν
2888 1597 2921 1662 ὃ

545 1702 748 1776 ἄθλιος
811 1706 932 1788 οὐχ
994 1701 1152 1774 ὅπως
1217 1729 1274 1770 τι
1325 1706 1396 1770 ἐκ
1443 1709 1550 1770 τοῦ
1597 1706 1817 1787 κλήρου
1864 1705 2165 1788 εἰληφὼς,
2216 1706 2393 1772 άλλά
2442 1705 2649 1789 (καὶ)
2696 1729 2925 1788 προσα-

544 1812 901 1882 πολωλεκῶς
951 1809 1418 1891 τετταράκοντα
1469 1815 1669 1891 μνᾶς,
1728 1813 1908 1893 cin-fia
1968 1811 2325 1891 ὑβρισμένος
2369 1812 2483 1877 ὑπὸ
2525 1817 2632 1878 τοῦ
2675 1823 2927 1879 Δικαιο-

431 1941 436 1946 ·
543 1918 776 1996 γένους.
823 1917 939 1996 ΙΧ,
989 1916 1073 1984 37
1124 1915 1212 1982 ἔτι
1264 1917 1326 1983 δὲ
1375 1920 1518 2003 ἐμὲ,
1569 1915 1611 1982 ὦ
1662 1916 1867 1997 ἄνδρες
1916 1917 2206 1997 Beatus-al,
2250 1956 2337 1968 —
2384 1918 2928 1998 συμπαιδευθέντα

543 2025 907 2105 ’Λστυφίλῳ
957 2025 1060 2088 καὶ
1101 2023 1377 2105 άδελφόν
1423 2021 1567 2088 ὄντα
1610 2023 1969 2105 περιόψεσθε
2011 2024 2126 2090 ὑπὸ
2169 2022 2438 2096 Κλέωνος
2468 2023 2927 2105 άποςερηθέντα

545 2137 661 2195 τῶν
700 2130 941 2196 ἐκείνου.
979 2129 1432 2220 Unusquisque
1469 2153 1637 2196 nunc
1675 2131 1986 2219 intellig-it
2024 2135 2559 2218 praepositionem
2598 2131 2734 2208 περὶ
2771 2131 2931 2197 ferri

546 2259 669 2304 non
709 2257 890 2323 posse
929 2243 994 2301 et
1029 2237 1371 2302 verborum
1407 2235 1695 2304 ordinem
1731 2237 1975 2304 librarii
2014 2238 2545 2304 inconsiderantia
2583 2239 2927 2304 turbatum

547 2365 717 2421 esse,
765 2342 1216 2408 molestissime
1255 2345 1429 2408 enim
1469 2343 1791 2409 adduntur
1827 2343 1942 2408 illa
1966 2344 2111 2419 μηδ’
2139 2344 2650 2425 άποστερηθέντα.
2700 2343 2931 2410 Scriba

545 2448 715 2516 facili
739 2448 1072 2514 oculorum
1097 2470 1306 2514 errore
1331 2451 1549 2514 omisit
1570 2472 1633 2515 v.
1661 2448 1803 2526 μηδ’
1830 2451 2343 2529 ἀποστερηθέντα,
2369 2451 2669 2535 deceptus
2697 2448 2929 2515 simili-

545 2555 766 2620 tudine
814 2557 1278 2620 terminationis
1321 2576 1470 2620 cum
1513 2558 1719 2639 priore
1768 2555 2163 2634 ὑβρισθέντα;
2216 2556 2437 2622 deinde
2488 2556 2596 2622 vel
2634 2559 2773 2642 ipse
2815 2554 2930 2620 vel

545 2660 712 2727 alius
771 2663 840 2724 in
898 2661 1190 2746 margine
1251 2663 1484 2726 omissa
1543 2661 1736 2727 verba
1796 2662 2164 2748 adscripsit,
2228 2682 2389 2748 quae
2404 2710 2422 2740 ,
2488 2665 2600 2749 qui
2650 2663 2923 2748 posthac

545 2768 912 2853 descripsit,
975 2787 1102 2831 non
1163 2787 1277 2831 sua
1337 2768 1482 2832 sede
1529 2766 1883 2834 collocavit.
1933 2767 2355 2834 Scribendum
2402 2771 2638 2855 igitur:
2695 2769 2787 2845 μή
2836 2793 2923 2844 με

547 2873 848 2952 περιίδητε
900 2871 1016 2936 ὑπὸ
1066 2873 1295 2937 τούτων
1341 2871 1734 2956 ὑβρισθέντα,
1785 2872 1927 2950 μηδ’
1974 2873 2467 2953 άποστερηθέντα
2518 2879 2630 2938 τῶν
2672 2875 2934 2954 χρημά-

547 3004 686 3056 των,
741 2973 814 3044 ὧν
865 2977 891 3040 ὅ
943 2977 1203 3051 πάππος
1256 2979 1592 3043 κατέλιπεν
1642 2980 1770 3044 κτὲ.

637 3083 752 3162 IX,
805 3083 842 3148 5
917 3080 1007 3148 ὅτι
1073 3085 1186 3160 μὲν
1247 3085 1355 3149 οὐκ
1420 3082 1614 3163 ἔθαψε
1682 3084 1884 3150 Κλέων
1949 3083 2333 3166 Ἀστύφιλον
2398 3084 2522 3152 οὐδ’
2592 3084 2669 3151 ἄν
2732 3085 2929 3158 αὐτὸς

546 3189 782 3270 ἔξαρνος
837 3190 1068 3268 γένοιτο
1117 3189 1596 3270 μεμαρτύρηταί
1643 3215 1711 3255 τε
1762 3193 1920 3268 ὑμῖν.
1969 3191 2140 3258 Satis
2188 3213 2222 3258 θ
2274 3194 2497 3278 partic.
2549 3217 2617 3258 τε
2660 3199 2931 3278 apparet

546 3320 661 3384 pro
711 3297 832 3362 οὐδ’
878 3296 1226 3384 legendum
1273 3317 1406 3362 esse
1454 3296 1605 3361 οὔτ’.

635 3403 752 3482 ΙΧ,
794 3402 880 3469 29
928 3404 1140 3478 ἱκανὴν
1176 3403 1303 3481 γάρ
1346 3403 1627 3479 ἡγήσοιτο
1664 3403 1945 3482 βάσανον
1985 3404 2303 3483 εἰληφέναι
2346 3405 2499 3471 άπὸ
2539 3410 2647 3470 τοῦ
2687 3405 2927 3484 πατρὸς

547 3516 652 3576 τοῦ
715 3511 862 3586 ἐμοῦ
924 3517 1035 3583 τῆς
1083 3510 1168 3580 εἰς
1221 3509 1409 3589 αὑτὸν
1457 3511 1710 3581 εὐνοίας.
1762 3512 2032 3575 Βάσανον
2082 3517 2224 3592 (aut
2271 3515 2515 3590 πεῖραν)
2562 3509 2929 3586 λαμβάνειν

548 3615 676 3682 άπό
735 3639 890 3686 τινος
957 3614 1276 3681 soloecum
1338 3622 1452 3682 est.
1517 3614 1745 3682 Graeci
1792 3617 2084 3683 dicebant
2132 3618 2301 3696 παρά
2351 3640 2506 3688 τινος
2555 3617 2662 3683 vel
2707 3619 2930 3702 potius

549 3723 728 3794 τινός.
810 3721 1022 3787 Redde
1088 3724 1295 3807 igitur
1363 3725 1898 3808 praepositionem
1962 3723 2191 3808 quibus
2253 3723 2537 3789 debetur.
2610 3721 2933 3788 Similiter

547 3848 880 3915 perperam
925 3826 1325 3893 intellectum
1370 3831 1735 3913 genitivum
1774 3828 2076 3895 addendis
2114 3832 2307 3894 variis
2349 3830 2929 3916 praepositionibus

549 3934 860 4020 explicare
908 3936 1118 3999 conati
1164 3939 1314 3998 sunt
1360 3933 1713 4020 magistelli
1758 3935 1928 4022 apud
1971 3935 2266 4001 Aeschin.
2318 3935 2431 4013 III,
2482 3934 2616 4000 208
2666 3931 2815 4001 ὅταν
2868 3935 2927 4000 δ’

552 4040 814 4118 ἐπίορκος
864 4039 938 4105 ὢν
983 4041 1068 4111 εἷς
1119 4043 1229 4114 τὴν
1273 4040 1374 4106 διὰ
1424 4048 1538 4106 τῶν
1587 4036 1768 4120 ὅρκων
1820 4044 2027 4106 πίστιν
2075 4041 2551 4124 καταφυγγάνῃ
2600 4042 2729 4108 κτὲ.
2794 4042 2925 4108 Pro

550 4150 658 4221 τὴν
723 4146 824 4210 διὰ
887 4145 1188 4211 Laurent.
1256 4147 1446 4212 habet
1507 4147 1607 4211 διά
1674 4149 1801 4225 τὴν,
1852 4147 2001 4214 libri
2049 4169 2198 4214 vero
2247 4149 2349 4213 eas
2390 4151 2501 4223 τὴν
2548 4150 2695 4214 α’πό.
2767 4147 2927 4230 Quis

550 4259 860 4339 punctum
923 4255 1228 4338 temporis
1288 4252 1608 4318 dubitabit
1667 4257 1900 4318 oratori
1961 4253 2218 4321 reddere
2280 4257 2364 4328 εἰς
2429 4257 2537 4332 τὴν
2582 4260 2698 4319 τῶν
2744 4251 2926 4336 ὅρκων

550 4361 757 4428 πίστιν
804 4355 1325 4442 καταφυγγάνῃὶ)
1375 4357 1470 4426 Of.
1520 4359 1674 4424 Eur.
1714 4360 1886 4426 Med.
1927 4359 2056 4427 492
2096 4359 2275 4439 ὅρκων
2315 4361 2376 4428 δὲ
2418 4359 2643 4442 φρούδη
2684 4361 2919 4439 πίστις,

549 4487 740 4552 quem
784 4465 1003 4531 locum
1047 4468 1180 4532 iam
1227 4463 1592 4530 scholiastes
1642 4466 1931 4532 contulit.
