3192 5009
457 260 589 328 304
1449 283 1825 334 mnocmns.

455 449 827 526 χρήσασθαι.
891 447 1072 534 ξ90.
1137 449 1292 516 Isae.
1342 450 1456 528 III,
1510 451 1615 515 35.
1680 450 1804 516 Iso.
1852 450 1901 534 Ι,
1955 450 2062 516 49.
2126 450 2283 536 Lyc.
2348 470 2401 515 c.
2452 449 2670 514 Leocr.
2723 446 2827 514 71.

545 553 651 632 VI,
701 555 762 619 2.
814 557 915 620 καὶ
965 556 1104 627 τοὺς
1149 558 1263 634 μὲν
1312 557 1558 633 νόμους,
1612 549 1663 622 οἳ
1709 565 1943 622 κεῖνται
1995 557 2126 634 περὶ
2178 560 2294 620 τῶν
2334 558 2635 633 τοιούτων,
2680 559 2831 620 πάν-

454 685 553 732 τες
604 662 680 724 ἂν
725 663 1108 726 ἐπαινέσειαν
1156 663 1469 728 κάλλιστα
1523 664 1715 736 νόμων
1768 667 2023 729 κεῖσθαι.
2077 663 2375 748 Suspicor
2426 663 2831 736 ἐπινεύσειεν,

455 767 624 852 quod
686 769 955 834 verbum
1013 769 1182 854 apud
1228 771 1609 836 Aeschinem
1655 770 1829 836 idem
1875 772 2006 835 fere
2054 768 2228 836 valet
2272 777 2461 854 atque
2506 770 2833 844 ὁμολογεῖν

455 872 628 952 (vide
673 873 751 938 ad
797 873 872 952 V,
927 875 1055 954 14).
1117 876 1340 941 Aesoh.
1392 874 1504 953 III,
1555 875 1640 940 59
1692 876 1851 940 τοῦθ’
1904 877 2299 950 ὁμολογήσας
2354 877 2455 938 καὶ
2508 876 2831 942 ἐπινεύσας

457 981 674 1052 ἀληθὲς
732 976 906 1044 εἶναι.
970 980 1113 1065 §61
1169 982 1529 1047 ἐπινεύσατέ
1577 1007 1677 1057 μοι
1730 985 1871 1058 πρὸς
1922 984 2058 1047 θεῶν
2109 983 2211 1045 τὸν
2258 989 2481 1058 πρῶτον
2534 988 2645 1044 τῶν
2696 1003 2837 1042 τετ-

458 1087 653 1162 τάρων
699 1093 912 1165 καιρῶν
962 1091 1047 1160 μὴ
1098 1095 1298 1158 καλῶς
1347 1089 1532 1152 αὑτὸν
1583 1091 2085 1153 πεπολιτεῦσθαι.

549 1192 654 1270 VI,
703 1191 811 1257 26.
875 1193 1084 1258 Insere
1144 1198 1560 1260 necessariam
1623 1195 1920 1260 voculam
1967 1197 2079 1268 μὲν
2124 1197 2371 1260 incuria
2416 1196 2721 1258 omissam
2766 1191 2839 1254 in

457 1299 698 1363 verbis:
749 1297 852 1362 καὶ
901 1301 952 1362 εἰ
1001 1301 1111 1373 μὲν
1163 1301 1324 1363 πάνυ
1373 1303 1461 1374 μὴ
1512 1301 1917 1379 παρεγένοντο
1966 1301 2305 1377 μάρτυρες,
2356 1301 2476 1376 ἐγὼ
2527 1299 2589 1363 δὲ
2630 1321 2842 1374 παρει-

458 1403 683 1483 χόμην,
752 1402 785 1477 ἢ
847 1405 986 1474 τοὺς
1035 1407 1564 1484 παραγενομένους
1616 1407 1828 1485 (μὲν)
1876 1410 1964 1482 μη
2015 1407 2425 1488 παρειχόμην,
2480 1405 2715 1481 ἑτέρους
2768 1405 2839 1469 δέ

458 1533 650 1580 τινας.

549 1616 896 1682 Veniamus
962 1639 1130 1682 nunc
1199 1618 1277 1682 ad
1348 1621 1691 1684 verbosum
1753 1618 2146 1684 Andocidem
2167 1667 2183 1695 ‚
2249 1621 2354 1684 cui
2419 1616 2845 1682 concedemus

461 1723 640 1788 illam
725 1745 918 1808 prope
989 1724 1346 1789 inauditam
1415 1723 1866 1809 loquacitatem
1884 1772 1902 1801 ,
1979 1744 2103 1810 qua
2171 1726 2411 1810 passim
2480 1728 2578 1789 est
2646 1743 2805 1787 usus
2828 1771 2847 1798 ,

463 1831 745 1894 maxime
792 1850 942 1894 vero
987 1833 1054 1893 in
1101 1830 1356 1895 exordio
1405 1833 1709 1896 orationis
1754 1833 1829 1894 de
1870 1829 2187 1914 mysteriis.
2239 1828 2432 1896 Verbi
2480 1849 2667 1894 causa
2713 1848 2849 1893 non

465 1934 786 1998 dubitavit
848 1941 1056 2000 orator
1102 1939 1254 2021 quin
1301 1936 1538 2002 diceret
1583 1935 1635 2013 Ι,
1690 1935 1723 2000 1
1775 1937 1843 2000 έκ
1896 1938 2121 2004 παντὸς
2172 1936 2393 2013 τρόπου
2440 1937 2545 1998 καὶ
2598 1933 2853 2004 δικαίως

466 2042 566 2102 καὶ
619 2039 858 2110 ἀδίκως.
909 2039 1120 2106 Ceteri
1167 2047 1382 2108 tamen
1429 2045 1926 2126 scriptores-aut
1970 2042 2037 2104 ἐκ
2086 2043 2314 2110 παντὸς
2358 2040 2578 2120 τρόπον
2626 2039 2859 2104 dicunt

466 2145 618 2232 Lys.
671 2144 842 2222 XVI,
897 2146 954 2218 1.
1001 2146 1158 2211 Isae.
1204 2146 1287 2225 ΙΙ,
1344 2147 1400 2212 1.
1451 2147 1782 2214 Demosth.
1830 2146 2061 2224 XLIII,
2118 2146 2175 2211 1.
2242 2153 2355 2212 aut
2420 2147 2523 2210 καὶ
2592 2144 2851 2214 δικαίως

468 2254 574 2315 καὶ
618 2251 836 2322 ἀδίκως
882 2251 1066 2318 Dem.
1109 2252 1336 2330 XLIV,
1363 2252 1470 2318 35.
1511 2253 1708 2331 XLV,
1737 2253 1844 2318 24.
1885 2254 2209 2338 Aristoph.
2249 2251 2474 2318 Plut.
2516 2250 2669 2317 233.
2718 2249 2857 2316 Sed

466 2380 592 2424 non
652 2357 874 2443 procul
934 2358 1012 2423 ab
1059 2359 1419 2425 Andocidea
1464 2359 1847 2426 verbositate
1896 2359 2090 2424 distat
2132 2359 2310 2424 locus
2358 2359 2527 2444 apud
2576 2357 2853 2442 Antiph.

471 2476 546 2541 A,
575 2488 638 2542 α,
667 2463 704 2528 9
756 2464 939 2529 οὐδενὶ
990 2462 1188 2544 τρόπω
1238 2465 1380 2530 οὔτε
1425 2467 1670 2537 δικαίως
1721 2465 1860 2529 οὔτε
1909 2472 2365 2542 συμφερόντως.

559 2569 645 2634 Ut
710 2569 1018 2635 dictiones
1074 2572 1379 2656 quasdam
1432 2572 1601 2657 apud
1658 2577 1935 2637 oratores
1983 2573 2227 2636 Atticos
2270 2569 2592 2636 illustrem
2611 2618 2627 2648 ,
2688 2589 2859 2654 quas

469 2675 656 2740 video
724 2675 1062 2741 nonnullos
1123 2683 1368 2742 tentare
1385 2725 1401 2755 ,
1462 2698 1777 2764 apponam
1838 2677 2008 2743 locos
2070 2675 2313 2741 similes
2374 2675 2715 2741 Andocidis
2786 2683 2861 2738 et

470 2782 820 2858 Aeschinis,
867 2789 1084 2867 postea
1120 2803 1270 2848 vero
1309 2784 1657 2849 emendabo
1698 2805 1857 2868 quae
1896 2789 2192 2867 corrupta
2230 2781 2393 2846 mihi
2433 2784 2599 2846 inter
2635 2779 2859 2866 legen-

471 2887 628 2951 dum
675 2908 808 2952 esse
853 2887 1249 2952 videbantur.
1300 2886 1522 2955 Critici
1561 2892 1735 2954 enim
1784 2889 2062 2954 officium
2112 2893 2208 2953 est
2249 2908 2374 2951 non
2412 2885 2624 2953 solum
2664 2887 2865 2950 corri-

473 3014 624 3080 gere
669 2993 779 3059 sed
825 2996 1022 3058 etiam
1066 2994 1414 3060 defendere.

563 3099 800 3165 Andoo.
849 3099 899 3178 I,
951 3099 1012 3164 3.
1059 3100 1301 3164 εἰκότως
1354 3101 1406 3166 δ’
1455 3099 1550 3180 ἂν,
1592 3097 1634 3165 ὦ
1685 3097 1928 3177 ἄνδρες,
1969 3101 2077 3172 τὴν
2120 3101 2312 3172 αὐτὴν
2354 3099 2603 3175 γνώμην
2644 3096 2857 3177 ἔχοιτε

475 3205 608 3286 περὶ
674 3212 790 3270 τῶν
854 3207 1168 3270 ἐθελοντῶν
1228 3208 1312 3277 εἰς
1375 3207 1514 3278 τοὺς
1581 3211 1833 3284 ἀγῶνας
1899 3206 2378 3282 καθισταμένων,
2444 3201 2627 3279 ἥνπερ
2676 3202 2857 3266 αὐτοὶ

476 3313 610 3390 περὶ
670 3313 866 3377 αὑτῶν
922 3311 1198 3391 ἔχουσιν·
1256 3315 1458 3379 ὁπόσοι
1499 3315 1612 3388 μὲν
1650 3316 1777 3390 γὰρ
1822 3317 1907 3387 μη
1951 3314 2253 3390 ἠθέλησαν
2298 3312 2621 3387 ὑπομεῖναι
2663 3331 2865 3372 κατα-

480 3419 723 3498 γνόντες
777 3421 974 3484 αὑτῶν
1019 3421 1284 3498 α’δικίαν,
1334 3421 1574 3492 εἰκότως
1625 3444 1713 3485 τοι
1763 3421 1866 3485 καὶ
1921 3422 2092 3496 ὑμεῖς
2145 3422 2405 3482 τοιαῦτα
2474 3417 2608 3497 περὶ
2658 3417 2861 3480 αὑτῶν

481 3528 895 3604 γιγνώσκετε,
966 3521 1179 3604 οἷοίπερ
1240 3527 1346 3590 καὶ
1409 3528 1581 3591 αὑτοὶ
1634 3527 1768 3606 περὶ
1827 3531 1997 3606 σφῶν
2046 3527 2244 3590 αὑτῶν
2298 3523 2607 3602 ἔγνωσαν·
2652 3519 2859 3586 ὀπόσοι

483 3633 546 3697 δὲ
608 3635 1053 3702 πιστεύσαντες
1115 3631 1301 3709 μηδὲν
1365 3632 1595 3696 ἀδικεῖν
1655 3634 2022 3706 ὑπέμειναν.
2074 3631 2293 3695 δίκαιοί
2340 3631 2476 3693 έστε
2527 3629 2631 3692 καὶ
2684 3628 2863 3702 ὑμεῖς

485 3740 616 3815 περὶ
683 3739 906 3802 τούτων
967 3739 1255 3812 τοιαύτην
1318 3738 1486 3818 ἔχειν
1533 3740 1641 3811 τὴν
1690 3738 1958 3817 γνώμην,
2010 3734 2138 3800 οἵαν
2185 3759 2299 3813 περ
2346 3735 2451 3799 καὶ
2501 3733 2673 3799 αὑτοὶ
2724 3733 2863 3812 περ)

486 3845 684 3909 αὑτῶν
732 3843 937 3922 ἔσχον,
987 3843 1087 3908 καὶ
1141 3847 1226 3917 μη
1279 3845 1933 3922 προκαταγιγνώσκειν
1980 3842 2227 3906 ἀδικεῖν.

577 3950 802 4015 Aesch.
851 3949 933 4027 H,
977 3948 1037 4013 6.
1107 3943 1189 4012 ὅθ’
1235 3951 1397 4024 ὑμᾶς
1464 3949 1746 4027 ἐπηρώτα
1792 3947 2261 4030 (Δημοσθένης),
2328 3949 2379 4012 εἰ
2429 3941 2545 4010 οἷόν
2592 3948 2651 4009 τ’
2699 3946 2867 4008 ἐστιν

489 4059 548 4121 ἐν
615 4065 691 4136 τῇ
755 4057 912 4136 αὑτῇ
965 4055 1140 4119 πόλει
1192 4056 1594 4133 Φιλοκράτους
1644 4056 2064 4132 μὲν”θοένατον
2110 4053 2721 4134 καταψηφίσασθαι,
2770 4049 2869 4116 ὅτι

491 4164 842 4241 καταγνοὺς
903 4163 1130 4226 οὶδικεῒν
1193 4163 1412 4226 ἑαυτοῦ
1468 4165 1574 4236 τὴν
1624 4164 1812 4238 κρίσιν
1860 4164 1978 4243 οὐχ
2028 4161 2367 4244 ὑπέμεινεν,
2424 4161 2570 4237 ἐμοῦ
2618 4160 2671 4223 δ’
2717 4159 2875 4224 dro-

493 4277 751 4348 γνῶναι·
802 4271 922 4347 ἐγὼ
973 4269 1026 4332 δ’
1077 4271 1171 4333 ἐπ’
1219 4271 1386 4349 αὑτῷ
1429 4269 1621 4350 τούτῳ
1666 4268 1905 4331 δικαίως
1949 4266 2080 4350 [ἂν]
2124 4266 2550 4342 ὑπολαμβάνω
2576 4265 2873 4340 μάλιστα

495 4377 896 4451 σωθήσεσθαι·
956 4377 1005 4442 εἰ
1070 4377 1195 4455 γὰρ
1260 4377 1286 4440 ὃ
1346 4373 1699 4452 καταγνοὺς
1748 4374 1967 4438 ἑαυτοῦ
2016 4374 2116 4437 καὶ
2167 4374 2253 4450 μη
2305 4374 2509 4452 παρὼν
2556 4371 2787 4446 ἀδικεῖ,
2842 4372 2873 4436 ὅ
