3192 5009
587 251 674 317 50
1573 265 1949 315 numme.

757 506 762 511 ⁸
2270 431 2385 516 qui
2428 429 2695 496 antehac

847 538 1076 602 invicti
1119 537 1340 601 fuvere
1385 538 1513 602 viri
1532 584 1548 614 ‚
1595 540 1778 622 pater
1822 538 2065 622 optime
2114 533 2424 622 Olympi,

847 644 966 709 hos
1011 663 1133 729 ego
1178 645 1248 707 in
1290 663 1511 729 pugna
1557 645 1721 721 vici,
1770 645 2103 728 victusque
2154 662 2303 706 sum
2353 642 2431 707 ab
2478 640 2685 706 isdem
2701 662 2719 719 3

576 750 670 816 ibi
727 750 796 813 in
843 773 1059 832 puqna
1100 770 1306 835 neque
1353 770 1390 813 a
1415 754 1646 844 “metro
1692 769 1896 834 neque
1946 769 1983 813 a
2031 747 2386 813 Latinitate
2434 747 2687 813 defendi
2735 752 2977 833 potest.

578 855 896 921 Baehrens
944 854 1228 941 (Fragm.
1269 859 1437 941 poet.
1479 854 1749 919 Roman.
1782 877 1847 941 p.
1877 851 1990 935 ¹79)
2016 854 2389 940 adscripsit:
2423 853 2533 932 „in
2556 861 2975 939 corruptum;

583 970 641 1027 et
683 984 784 1043 eqo
830 962 900 1025 in
945 960 1291 1040 Pithoeus;
1341 962 1445 1025 hos
1492 984 1594 1041 eqo
1636 961 1727 1024 bis
1766 981 1887 1047 ego
1925 963 2161 1026 conieci
2201 966 2378 1025 ratus
2402 980 2642 1025 errasse
2668 957 2980 1025 Orosium

582 1074 647 1133 et
692 1068 1023 1155 Pyrrhum
1069 1075 1213 1133 tum
1250 1067 1567 1132 dedicasse
1584 1116 1602 1145 ‚
1646 1088 1796 1132 cum
1836 1074 1978 1153 post
2018 1066 2363 1139 secundam
2384 1087 2676 1153 pugnam
2698 1064 2979 1131 Tarento

580 1177 649 1239 in
696 1173 985 1240 Siciliam
1031 1174 1297 1239 abiret.'’
1347 1174 1434 1238 Et
1479 1173 1745 1239 fortasse
1794 1173 1937 1237 aliis
1986 1172 2294 1238 satisfecit
2312 1218 2330 1251 ‚
2379 1194 2608 1239 verum
2656 1193 2776 1258 ego
2816 1179 2884 1238 et
2924 1175 2981 1237 ii

585 1284 698 1367 qui
734 1302 991 1347 meeum
1027 1280 1170 1347 leve
1217 1286 1282 1346 et
1319 1284 1736 1345 temerarium
1775 1283 2149 1345 existiment
2186 1300 2405 1345 rerum
2450 1282 2825 1365 scriptorem
2865 1277 2981 1345 vel

583 1390 866 1454 maxime
911 1388 1139 1452 dubiae
1186 1386 1334 1453 fidei
1379 1407 1568 1452 causa
1604 1388 1933 1473 incognita
1969 1388 2046 1451 ob
2088 1385 2157 1450 id
2180 1406 2386 1449 unum
2412 1388 2641 1450 erroris
2667 1385 2977 1450 damnare

583 1501 658 1559 ut
720 1496 1117 1559 coniecturae
1179 1493 1587 1558 substruatur
1647 1493 2142 1558 fundamentum
2160 1541 2178 1570 ‚
2242 1491 2557 1557 leniorem
2624 1494 2981 1557 etiamtum

581 1600 900 1666 medelam
958 1599 1458 1686 requirebamus.
1522 1599 1737 1685 Atque
1784 1600 1955 1665 haud
2002 1602 2132 1665 scio
2184 1619 2265 1664 an
2311 1598 2619 1664 facillima
2667 1600 2979 1663 correctio

577 1708 650 1770 in
693 1710 996 1792 promptu
1039 1708 1124 1770 sit
1141 1754 1158 1783 ‚
1208 1705 1526 1791 siquidem
1571 1705 1930 1770 similitudo
1976 1705 2291 1770 ductuum
2308 1753 2324 1783 ‚
2369 1705 2603 1790 quibus
2648 1704 2727 1767 vi
2777 1710 2843 1768 et
2886 1703 2979 1766 in

581 1815 826 1877 exarari
871 1811 1158 1877 solebant
1173 1860 1190 1890 ‚
1233 1814 1431 1877 etiam
1467 1814 1536 1876 in
1575 1814 1892 1896 scriptura
1930 1810 2189 1896 capitali
2225 1810 2331 1875 vel
2369 1809 2608 1875 unciali
2648 1808 2977 1873 eiusmodi

582 1918 1016 1983 confusionem
1071 1938 1290 2003 parere
1351 1920 1596 2002 potuit,
1662 1916 1837 2002 quali
1899 1919 2033 1981 iam
2094 1922 2242 1981 ante
2285 1915 2513 1981 Isidori
2563 1921 2855 2000 tempora
2904 1916 2981 1977 in

582 2045 774 2089 versu
835 2023 1186 2089 Horatiano
1248 2025 1580 2087 notissimo
1646 2044 1725 2087 ex
1785 2026 2066 2109 genuina
2131 2020 2501 2099 „nitedula”
2570 2022 2983 2106 ineptissima

583 2130 698 2194 illa
761 2127 1182 2215 „vulpecula”
1245 2128 1413 2193 facta
1473 2134 1604 2205 est,
1656 2150 1819 2214 quae
1866 2150 1981 2214 per
2026 2149 2247 2193 omnes
2293 2126 2490 2191 libros
2538 2147 2691 2191 mss.
2743 2131 2809 2191 et
2853 2128 2982 2190 im-

586 2256 832 2322 pressos
878 2234 1459 2312 circumferebatur,
1502 2233 1695 2299 donec
1734 2234 2012 2299 Bentleii
2032 2236 2370 2319 ingenium
2392 2232 2685 2299 {taudem
2706 2232 2978 2297 detexit.

584 2341 878 2407 Fortasse
923 2344 1131 2427 igitur
1175 2360 1436 2405 versum
1482 2339 1848 2403 Ennianum
1896 2343 1987 2404 sic
2032 2341 2369 2405 restituere
2416 2337 2604 2403 licet:

857 2447 973 2511 hos
1021 2466 1141 2533 ego
1187 2446 1264 2509 vi
1309 2466 1530 2531 pugna
1573 2448 1701 2509 vici
1750 2448 2085 2530 victusque
2132 2466 2279 2510 sum
2326 2445 2404 2509 ab
2449 2443 2677 2509 isdem.

693 2553 750 2616 V
741 2552 768 2614 i
801 2575 1015 2634 puqna
1059 2555 1224 2617 inter
1271 2572 1338 2617 se
1385 2555 1605 2616 iuncta
1649 2558 1799 2615 sunt
1815 2600 1831 2629 ,
1880 2558 1955 2616 ut
1992 2550 2107 2615 illa
2144 2556 2349 2616 aetate
2392 2548 2677 2616 solebant
2698 2552 2975 2635 iungere

586 2658 650 2721 vi
684 2660 1036 2740 puqnando.
1091 2657 1302 2722 Plaut.
1353 2656 1588 2742 Amph.
1640 2656 1773 2721 413
1798 2678 1888 2742 sq.
1939 2656 2245 2741 oppidum
2295 2658 2812 2743 expugnavimus
2851 2654 2864 2741 Ι
2907 2661 2979 2720 et

584 2763 871 2851 legiones
931 2762 1351 2829 Teloboarum
1410 2763 1473 2826 vi
1525 2764 1859 2845 puqnando
1920 2764 2239 2848 cepimus;
2295 2799 2381 2810 -
2426 2761 2622 2827 Miles
2687 2758 2819 2828 267
2870 2783 2977 2827 res

584 2876 902 2956 paratast:
944 2870 1008 2933 vi
1034 2872 1364 2953 puqnando
1404 2870 1734 2934 hominem
1774 2876 2056 2955 caperest
2096 2873 2268 2933 certa
2306 2888 2442 2946 res;
2473 2906 2558 2919 --
2583 2867 2757 2933 Men.
2794 2865 2975 2932 1054

589 2996 784 3061 quom
831 2996 952 3063 ego
998 2996 1254 3041 accurro
1301 2981 1490 3062 teque
1535 2978 1735 3061 eripio
1786 2974 1849 3037 vi
1885 2976 2219 3057 puqnando
2266 2975 2598 3059 ingratiis;
2654 3011 2740 3021 —
2788 2974 2972 3038 Asin.

593 3081 722 3146 554
747 3104 837 3167 sq.
879 3103 989 3147 eae
1028 3104 1194 3148 nunc
1231 3081 1518 3168 legiones
1541 3085 1757 3167 copiae
1782 3084 2221 3166 exercitusque
2246 3100 2471 3145 eorum
2512 3080 2522 3166 Ι
2562 3080 2625 3142 vi
2638 3066 2975 3162 puqnan'do

592 3190 890 3274 periuriis
952 3191 1186 3253 nostris
1248 3189 1440 3275 fugae
1469 3186 1518 3269 1)
1580 3190 1791 3273 potiti.
1868 3187 1953 3253 Et
2012 3189 2081 3251 in
2130 3185 2427 3251 columna
2476 3190 2749 3251 rostrata
2798 3190 2974 3250 recte

591 3293 958 3379 suppletur:
1007 3292 1478 3380 Mace[lamque
1525 3293 1784 3380 opidom
1832 3293 1895 3355 vi
1927 3294 2335 3377 p]uqnandod
2379 3297 2579 3377 cepet.

1583 3520 1969 3588 Tanau-mus.

197 3731 303 3781 Ter.
321 3731 496 3783 Haut.
510 3732 590 3784 46.
682 3718 848 3786 VII.
893 3720 968 3785 In
1013 3720 1280 3807 prologo
1327 3720 2044 3785 Heautontimorumeni
2092 3719 2434 3783 Ambivius
2472 3716 2603 3781 dux
2641 3720 2863 3804 gregis
2902 3722 2972 3782 et

587 3832 943 3915 primarum
1003 3832 1176 3892 actor
1234 3826 1514 3891 Terentii
1572 3824 1858 3890 fabulam
1924 3845 2117 3910 quam
2181 3824 2446 3889 daturus
2492 3830 2589 3888 est
2634 3830 2710 3887 ut
2754 3822 2968 3889 lenem

586 3942 652 4000 et
697 3938 1029 4000 statariam
1075 3954 1224 4019 prae
1270 3934 1545 3999 aliorum
1591 3932 1825 3997 fabulis
1873 3934 2165 3997 motoriis
2187 3980 2203 4010 ,
2253 3931 2620 4009 laboriosis,
2668 3929 2965 3995 clamoris

585 4062 656 4107 ac
709 4044 1014 4126 strepitus
1060 4038 1285 4125 plenis,
1335 4037 1553 4125 quales
1599 4038 1978 4124 plerumque
2020 4040 2129 4125 agi
2168 4037 2473 4115 solebant,
2500 4037 2963 4121 spectatoribus

586 4147 1007 4214 commendat.
1057 4144 1265 4226 Quam
1307 4147 1386 4211 ob
1433 4166 1572 4211 rem
1618 4143 1950 4211 silentium
1996 4142 2218 4231 populi
2264 4144 2521 4231 flagitat

659 4392 712 4459 1)
747 4390 852 4441 Hoc
881 4406 938 4440 ex
973 4389 1206 4457 palmaria
1243 4388 1522 4441 Buecheleri
1555 4387 1907 4449 emendation„
1940 4387 2045 4439 odd.
2080 4385 2255 4437 habent
2286 4401 2416 4452 enyo.
