3192 5009
366 881 555 970 AD
612 882 1301 974 ARISTOTELIS
1356 881 1778 975 LIBRUM
1837 883 1982 973 DE
2037 882 2644 974 REPUBLICA

564 1020 1394 1144 ATHENIENSIUM
1455 1022 1814 1113 NUPER
1871 1019 2476 1112 REPERTUM.

1380 1227 1632 1270 sontpsn·

965 1377 1024 1444 J.
1088 1377 1294 1444 VAN
1356 1369 1871 1448 LEEUWEN
1928 1380 2071 1447 J.r.

1298 1655 1702 1692 -Φῄψ-

1243 1879 1634 1943 Ἀρισ-τοτέλους
1679 1881 1941 1940 Ἀθηναίων
1987 1883 2238 1932 πολιτεία.
2285 1882 2520 1932 Aristone
2549 1897 2609 1931 on
2624 1843 2728 1932 'the

1172 1965 1489 2014 constitution
1520 1967 1591 2030 os
1613 1963 1818 2024 Atkm.
1855 1965 2008 2015 edited
2044 1966 2105 2030 by
2133 1967 2188 2015 F.
2217 1966 2274 2015 G.
2309 1966 2542 2016 Kturou.
2581 1964 2727 2013 1891.

388 2137 751 2224 Insperata
807 2138 924 2204 lux
990 2138 1230 2205 affulsit
1294 2142 1530 2205 nostris
1578 2139 1840 2205 litteris.
1890 2139 2023 2206 ’Λεί
2069 2166 2128 2206 τι
2181 2140 2384 2205 καινὸν
2431 2141 2466 2214 ἧ
2515 2137 2724 2217 Λιβύη

288 2245 500 2323 Φέρει
568 2246 759 2309 κακόν
808 2245 966 2312 olim
1010 2248 1207 2311 iocari
1254 2245 1542 2311 solebant
1585 2246 1914 2312 homines:
1967 2246 2152 2312 hodie
2197 2246 2585 2311 mutandum
2632 2251 2730 2310 est

288 2351 491 2418 fflud
554 2351 869 2438 adagium
884 2400 901 2429 ,
972 2345 1235 2438 egregia
1298 2354 1473 2417 enim
1520 2352 1682 2417 dona
1727 2355 1859 2418 iam
1905 2352 2254 2440 philologis
2302 2353 2563 2439 praebet
2604 2350 2730 2416 leo-

288 2479 491 2524 num
554 2455 673 2521 ffla
730 2457 907 2522 arida
968 2460 1224 2522 nutrix:
1296 2458 1487 2521 καλόν
1549 2481 1608 2522 τι
1675 2459 1879 2522 καινόν
1927 2461 1997 2522 in
2042 2458 2210 2524 diem
2257 2458 2404 2525 inde
2451 2457 2728 2523 affertur.

294 2567 504 2630 Ante
568 2583 804 2650 paucas
871 2563 1299 2629 hebdomades
1369 2566 1783 2650 gratissimus
1858 2585 2081 2630 rumor
2150 2564 2694 2651 percrebrescebat
2710 2612 2727 2642 ‚

294 2671 650 2736 dramatis
695 2669 1027 2756 Euripidei
1077 2666 1249 2734 haud
1298 2672 1605 2756 exiguam
1651 2674 1904 2754 partem
1951 2673 2018 2733 in
2065 2669 2312 2736 laciniis
2359 2673 2730 2757 papyraceis

300 2782 663 2862 repertam
740 2795 875 2840 esse
899 2824 916 2853 ,
1005 2774 1336 2840 Platonica
1352 2824 1369 2852 ,
1441 2774 1788 2840 Homerica
1803 2825 1820 2854 ,
1896 2779 2203 2841 orationis
2275 2780 2534 2863 ignotae
2604 2778 2733 2861 epi-

300 2883 608 2969 logum,
671 2879 797 2946 alia
854 2882 947 2946 ibi
1004 2867 1277 2946 extare:
1331 2919 1416 2930 —
1464 2882 1753 2948 nondum
1833 2902 1993 2968 quae
2058 2886 2372 2968 promissa
2444 2890 2594 2948 sunt
2661 2884 2733 2947 in

306 2989 563 3055 lucem
631 2987 1001 3072 prodierunt
1068 2990 1285 3052 omnia
1302 3036 1317 3064 ,
1392 2993 1457 3052 et
1525 2990 1658 3052 iam
1721 3009 1968 3054 novum
2029 3009 2268 3054 munus
2332 2988 2593 3054 offertur
2653 3009 2732 3052 ex

312 3095 567 3161 Afi-ica
626 3115 825 3179 nuper
886 3093 1205 3171 delatum,
1263 3093 1457 3179 idque
1506 3115 1631 3178 quo
1678 3097 1896 3159 minus
1943 3100 2351 3180 expectatum
2399 3116 2474 3160 eo
2521 3097 2733 3181 magis

314 3205 686 3285 acceptum
732 3221 1011 3285 auroque
1057 3202 1424 3286 pretiosius.
1470 3199 1666 3266 Edita
1713 3207 1810 3266 est
1855 3207 2081 3266 sumtu
2129 3208 2195 3267 et
2241 3204 2410 3267 curis
2454 3201 2731 3288 collegii,
2775 3237 2781 3242 -

316 3305 521 3394 quod
564 3304 793 3370 Museo
838 3305 1203 3370 Britannico
1248 3311 1528 3390 praeest,
1578 3305 2042 3386 Ἀριστοτέλους
2091 3306 2206 3372 illa
2247 3308 2579 3384 Ἀθηναίων
2629 3330 2734 3371 πο-

321 3414 557 3480 λιτεία.
578 3459 596 3488 ,
641 3433 835 3497 quam
880 3419 955 3478 ut
998 3412 1297 3477 manibus
1337 3417 1549 3477 tenere
1593 3412 1924 3498 oculisque
1965 3416 2098 3478 suis
2135 3435 2442 3500 usurpare
2481 3419 2737 3500 possent

322 3517 550 3585 multi
567 3565 585 3594 ‚
624 3518 855 3602 quibus
893 3519 1182 3584 Athenae
1218 3520 1483 3604 ipsaque
1524 3521 1873 3604 antiquitas
1911 3519 2085 3585 cordi
2124 3525 2353 3598 essent,
2391 3541 2506 3605 per
2527 3518 2738 3584 multa

324 3622 605 3692 saecula
662 3629 996 3710 optarunt:
1059 3626 1173 3688 vix
1235 3625 1576 3708 quisquam
1641 3624 1766 3688 fuit
1815 3627 1928 3710 qui
1973 3631 2254 3711 speraret
2300 3626 2432 3690 fore
2477 3631 2554 3690 ut
2601 3630 2739 3690 rata

328 3748 641 3814 unquam
704 3727 925 3794 fierent
992 3749 1067 3794 ea
1136 3733 1305 3794 vota.
1382 3726 1481 3792 En
1542 3731 1676 3794 iam
1738 3729 1938 3795 nitide
1999 3751 2309 3796 excusum
2355 3735 2532 3796 extat
2573 3729 2737 3794 illud

334 3856 515 3921 opus
532 3883 553 3912 ‚
618 3833 782 3899 unde
840 3834 1303 3920 Harpocration
1380 3831 1618 3898 Pollux
1699 3835 1972 3900 Photius
2049 3836 2162 3901 ah’i
2237 3842 2498 3902 centum
2565 3835 2737 3901 locos

334 3942 737 4008 verbotenus
818 3943 1253 4027 excripserunt
1270 3988 1287 4018 ,
1377 3939 1616 4006 exilem
1703 3962 1890 4007 suam
1959 3945 2294 4008 scientiam
2364 3948 2741 4008 exornantes

336 4050 555 4134 copiis
624 4067 779 4133 quas
847 4047 1232 4133 praebebant
1298 4047 1523 4112 horrea
1595 4047 2023 4114 Aristotelica.
2100 4048 2452 4135 Repertum
2516 4055 2614 4115 est
2671 4051 2740 4112 in
2865 4057 2871 4063 “

338 4175 598 4242 papyro
662 4152 896 4218 saeculi
938 4159 1085 4240 post
1132 4151 1249 4220 Ch.
1300 4159 1528 4217 natum
1572 4156 1799 4239 primi,
1853 4157 1966 4240 qui
2011 4154 2347 4220 lacunosus
2392 4158 2632 4241 partim
2679 4161 2744 4220 et

336 4263 619 4328 attritus
640 4307 657 4336 ,
720 4262 955 4344 partim
1017 4265 1233 4326 tamen
1296 4262 1539 4345 optime
1602 4260 1861 4325 habitus
1926 4269 2022 4326 est
2083 4267 2148 4326 et
2210 4261 2540 4328 emendate
2589 4263 2742 4325 satis

338 4369 749 4456 perscriptus
767 4412 783 4441 ,
828 4367 922 4430 ita
964 4371 1041 4431 ut
1081 4365 1257 4431 haud
1303 4386 1541 4452 paucae
1582 4366 1828 4451 periodi
1875 4369 2010 4431 sine
2057 4366 2193 4432 ullo
2258 4370 2421 4433 vitio
2485 4367 2566 4431 ad
2627 4387 2740 4430 nos
