3192 5009
508 261 638 328 110
1360 278 2007 329 ossuum-nuncupas

774 444 937 521 liter,
988 444 1261 529 quoniam
1308 444 1425 506 abii
1468 444 1760 526 stipulari
1803 467 1922 509 non
1957 447 2138 529 potui
2154 445 2192 509 ,7
2237 453 2295 510 et
2326 452 2484 528 puto
2518 467 2716 529 posse.

594 548 917 629 Quaenam
962 553 1047 615 sit
1092 552 1256 617 ratio
1304 550 1637 617 dubitandi
1680 555 1816 637 ipse
1864 552 2044 617 docet
2087 551 2130 617 1.
2187 551 2226 617 6
2272 554 2307 638 ᾖ
2361 553 2396 617 1
2443 552 2524 619 D.
2571 551 2680 617 46.
2705 550 2784 617 2:

869 659 1007 721 Oum
1054 658 1373 739 pecuniam
1426 665 1684 721 mutuam
1730 658 1898 723 dedit
1943 660 2078 744 quis
2123 660 2285 741 [sine
2334 658 2776 744 stipulatione]
2822 664 2894 721 et

773 784 845 825 ea.-
888 762 1213 826 continenti
1242 763 1414 849 fecit
1460 762 1908 845 stipulationem
1923 790 1944 827 .·
1990 786 2146 827 unus
2180 772 2515 829 contractus
2552 771 2659 829 est.
2709 764 2892 827 Idem

772 868 888 931 erit
932 868 1243 931 dicendum
1259 916 1276 945 ,
1324 875 1383 931 et
1424 867 1480 931 si
1526 875 1666 933 ‹mte
1709 868 2026 953 stapulatio
2055 871 2248 956 faeta
2293 877 2379 935 est
2393 918 2412 948 ,
2453 892 2584 935 mox
2611 868 2892 954 pecunia

773 981 1083 1037 numerata
1127 974 1228 1038 sit.
2823 1058 2832 1067 ·

590 1078 772 1143 Unus
816 1085 914 1143 est
959 1084 1317 1144 contractus
1335 1127 1351 1155 ,
1400 1082 1692 1165 quotiens
1739 1084 2075 1166 pecuniam
2121 1088 2422 1148 mutuam
2467 1083 2691 1149 dantes
2739 1101 2890 1147 ean-

504 1183 652 1250 dem
714 1183 1118 1270 stipulamur,
1184 1192 1249 1249 et
1295 1168 1573 1270 quidem⁴
1603 1188 1904 1249 verborum
1923 1235 1939 1264 ‚
1990 1190 2180 1253 sicuti
2223 1188 2468 1254 Paulus
2515 1191 2608 1254 ait
2649 1188 2695 1253 1.
2751 1186 2886 1252 126

504 1291 607 1377 §2
652 1290 730 1355 D.
784 1288 890 1354 45.
922 1290 979 1367 1,
1030 1293 1213 1355 cuius
1259 1294 1353 1356 rei
1400 1293 1712 1355 rationem
1753 1291 2145 1378 Pomponius
2186 1294 2426 1373 adfert,
2467 1294 2612 1380 quia
2649 1295 2722 1357 id
2757 1294 2892 1375 aqi-

506 1404 623 1475 tur,
672 1403 741 1459 ut
784 1396 913 1460 sola
958 1397 1273 1479 stipulatio
1315 1404 1511 1461 teneat
1550 1396 1622 1477 (l.
1665 1394 1703 1463 '7
1745 1397 1822 1462 D.
1851 1398 1958 1463 46.
1986 1399 2075 1480 2).
2123 1399 2292 1465 Hinc
2331 1403 2536 1466 oritur
2573 1401 2886 1486 quaestio,

504 1510 729 1567 utrum
790 1505 1127 1587 pecuniam
1188 1501 1403 1567 datam
1450 1503 1774 1569 condicere
1821 1508 2138 1590 possimus
2159 1554 2175 1582 ‚
2226 1509 2282 1571 si
2328 1528 2454 1571 non
2501 1514 2727 1573 teneat.
2758 1509 2890 1569 ista

506 1609 858 1695 stipulatio.
907 1607 1255 1673 Obiiceres:
1304 1629 1470 1673 unus
1518 1616 1617 1673 est
1662 1616 2021 1675 contractus
2065 1614 2246 1697 isque
2292 1612 2568 1677 inutilis.
2619 1613 2710 1677 At
2745 1632 2890 1676 con-

508 1714 838 1783 dicendam
885 1714 1197 1802 Ulpianus
1243 1718 1335 1780 ait
1352 1764 1369 1793 ,
1415 1716 1589 1801 quasi
1634 1718 1856 1780 duobus
1898 1719 2294 1783 contractibus
2333 1718 2884 1783 &nter-venientibus.

509 1822 751 1891 Deinde
798 1825 892 1888 ita
939 1824 1186 1909 pergit:

782 1930 845 2014 (ξ
870 1928 939 2008 5)
1000 1930 1153 1992 idem
1200 1929 1350 2006 erit,
1397 1929 1454 1991 si
1498 1952 1537 1991 a
1570 1930 1820 2011 pupillo
1851 1932 2046 2015 suero
2091 1932 2222 1995 sine
2269 1933 2484 1995 tutoris
2529 1930 2890 1995 auctoritate

783 2036 1133 2118 stipulatus,
1194 2034 1293 2097 cui
1338 2041 1529 2098 tutore
1575 2040 1866 2116 (auctore)
1911 2038 2180 2100 credidi:
2226 2060 2364 2101 nam
2407 2044 2466 2101 et
2511 2044 2650 2101 tunc
2693 2058 2895 2099 mane-

784 2141 871 2205 bit
913 2140 1063 2204 mihi
1108 2139 1399 2203 condictio
1447 2163 1519 2202 ex
1563 2142 1988 2206 numeratione.

786 2248 849 2333 (ξ
876 2246 941 2328 6)
989 2248 1129 2310 item
1171 2246 1380 2331 quaeri
1414 2253 1614 2328 potest
1631 2295 1647 2324 ‚
1699 2256 1756 2311 et
1799 2249 1854 2311 ei
1899 2250 2059 2333 quod
2099 2248 2211 2313 tibi
2255 2249 2594 2328 numeravi,
2641 2248 2747 2312 sub
2783 2248 2890 2309 ion-

772 2352 1055 2435 possibili
1117 2351 1459 2415 condicione
1516 2353 1814 2434 stipulam
1879 2377 2036 2417 cum
2083 2356 2280 2419 enim
2323 2356 2556 2419 nulla
2598 2356 2711 2418 sit
2753 2353 2893 2417 sti-

773 2458 1141 2541 putatiO,
1190 2459 1533 2520 manebit
1577 2460 2004 2524 condictio

603 2563 868 2630 Nullam
915 2586 1048 2629 esse
1096 2570 1347 2651 oportet
1390 2564 1874 2651 stipulationem
1893 2616 1910 2645 ‚
1960 2575 2035 2633 ut
2079 2575 2335 2633 maneat
2375 2567 2704 2633 condictio,
2745 2564 2887 2631 '1¹01-

480 2672 672 2755 ,111111-
724 2693 876 2758 ergo
894 2719 911 2749 ‚
960 2673 1015 2735 si
1059 2670 1389 2756 stipulatio
1438 2680 1604 2737 recte
1651 2673 1816 2737 facta
1862 2680 1978 2739 est.
2029 2674 2249 2761 Longe
2296 2676 2504 2761 igitur
2548 2673 2726 2738 abest
2743 2720 2760 2749 ,
2810 2678 2886 2734 ut

514 2800 593 2845 ex
657 2776 1071 2863 stipulatione
1133 2779 1447 2843 condictio
1510 2782 1712 2864 possit
1773 2781 1946 2844 oriri.
2013 2779 2212 2866 Atqui
2269 2781 2478 2847 obstat
2521 2778 2887 2843 Triboniani

512 2887 855 2950 auctoritas
902 2906 993 2969 pr.
1043 2883 1199 2949 Inst.
1244 2883 1361 2949 III.
1417 2884 1533 2949 15:

888 2990 945 3055 V
938 2991 1093 3053 erbis·
1114 2990 1395 3071 obliyatio
1418 2990 1792 3054 contrahitur
1815 3014 1886 3054 em
1909 2991 2374 3073 interroqatione
2397 2999 2454 3055 et
2477 3013 2758 3074 responsu
2773 3038 2788 3055 .
2807 3038 2823 3055 .
2840 3039 2855 3054 .
2873 3038 2886 3054 .

784 3097 883 3161 Ea·
928 3120 1045 3182 qua
1091 3099 1245 3161 duae
1271 3096 1741 3181 proficiscuntur
1778 3098 2038 3161 actiones
2055 3146 2072 3175 ‚
2115 3106 2230 3161 tam
2270 3098 2562 3162 condictio
2579 3146 2596 3175 ‚
2635 3098 2691 3161 εἰ
2729 3104 2888 3161 certa

784 3204 867 3267 sit
910 3204 1227 3287 stipulatio
1246 3252 1263 3281 ,
1310 3196 1482 3288 quam
1528 3226 1601 3267 ex
1639 3204 1940 3286 stszulatu
1955 3254 1971 3281 ,
2017 3205 2074 3268 si
2119 3204 2350 3268 incerta
2377 3254 2391 3269 .
2423 3252 2436 3269 .
2466 3253 2481 3269 .
2511 3252 2526 3268 .

608 3310 779 3376 Illud
825 3330 1127 3396 reponam
1144 3360 1160 3387 ,
1210 3308 1387 3374 nulla
1432 3330 1499 3374 re
1536 3313 1746 3396 magis
1791 3318 2078 3376 veterum
2119 3310 2720 3377 iurisconsultorum
2757 3330 2890 3374 sen·

518 3420 751 3484 tentiae
798 3416 1255 3482 Tribonianum
1304 3416 1735 3481 obscuravisse
1783 3437 1977 3502 quam
2023 3438 2096 3481 eo
2145 3417 2315 3501 quod
2365 3438 2488 3481 non
2533 3418 2884 3492 monuerit,

517 3527 807 3611 primum
864 3545 929 3589 se
994 3524 1141 3588 dare
1195 3544 1274 3587 ex
1321 3520 1732 3607 stipulatione
1779 3523 2277 3600 condictionem,
2327 3544 2528 3608 quum
2576 3521 2745 3609 apud
2790 3541 2890 3586 ve-

518 3638 685 3697 teres
745 3651 824 3696 ex
887 3627 1297 3715 stipulatione
1363 3630 1660 3713 quamvis
1708 3636 1879 3693 certa
1925 3650 2174 3714 semper
2222 3628 2407 3693 detur
2453 3630 2617 3693 actio
2661 3648 2741 3693 ex
2785 3628 2892 3691 sti-

520 3735 771 3823 pulatu.
820 3734 1015 3819 quue
1062 3742 1162 3799 sat
1207 3732 1433 3797 multis
1481 3735 1868 3799 testimoniis
1908 3734 2336 3799 confirmatur.
2387 3733 2618 3798 Scribit
2655 3732 2891 3798 Paulus

518 3842 620 3923 (V.
672 3841 743 3905 5⁸
792 3841 921 3927 51)
982 3842 1108 3903 nisi
1167 3842 1620 3924 compromisso
1681 3847 1906 3918 stetur,
1955 3860 2223 3927 poenam
2268 3840 2462 3904 huius
2508 3841 2600 3906 rei
2641 3840 2890 3904 nomine

520 3972 594 4013 ea.-
638 3948 936 4031 stipulatu
972 3946 1111 4028 peti
1144 3950 1402 4027 passe).
1460 3945 1695 4031 Ecquis
1745 3947 1994 4012 dubitet
2040 3966 2276 4032 poenae
2323 3948 2576 4011 nomine
2622 3944 2894 4031 plerum-

521 4075 643 4141 que
690 4060 932 4120 certam
976 4053 1270 4136 promitti
1314 4048 1694 4136 pecuniam?
1743 4050 2039 4119 Conferat
2077 4054 2267 4117 modo
2305 4052 2353 4117 l.
2401 4051 2480 4116 11
2510 4052 2611 4137 §2
2636 4050 2714 4115 D.
2741 4049 2804 4115 4.
2831 4049 2891 4115 8.

524 4161 769 4227 Rursus
816 4156 1059 4222 Paulus
1107 4157 1299 4222 habet
1348 4156 1449 4237 (V.
1502 4156 1539 4223 7
1588 4157 1755 4243 §4):

898 4264 1037 4327 Oum
1066 4264 1251 4348 facto
1286 4264 1672 4346 promissoris
1717 4288 1811 4328 res
1853 4265 1922 4328 in
1963 4266 2319 4349 stipulatum
2363 4266 2619 4329 deducta
2661 4262 2897 4327 interci-

799 4370 893 4437 dit
926 4370 1187 4454 perinde
1232 4370 1335 4452 aqi
1372 4394 1445 4435 exc
1481 4370 1778 4454 stipulatu
1804 4379 2007 4456 potest
2023 4422 2040 4451 ,
2081 4396 2151 4436 ac
2188 4371 2244 4437 si
2280 4396 2352 4437 ea
2387 4394 2482 4436 res
2519 4376 2783 4435 extaret.
2805 4417 2820 4433 .
2843 4418 2857 4434 .
2879 4418 2894 4435 .
