3192 5009
1438 360 1682 411 menno.
2617 334 2742 403 123

329 508 339 516 ”
357 526 631 632 geminet
648 576 665 605 ,
702 550 792 591 me
836 535 894 592 et
926 528 1105 611 pacis
1151 536 1209 593 et
1252 530 1563 614 utriusque
1608 534 1863 593 vestrum
1903 576 2099 592 .....
2143 533 2200 591 et
2240 526 2324 590 ad
2359 523 2576 589 civium
2613 544 2745 587 con-

369 632 633 719 cordiam
655 672 741 683 —-
767 635 1122 699 conservari.
1168 634 1414 700 Locum
1460 637 1550 700 sic
1594 637 1664 699 in
1709 633 1844 699 cod.
1894 631 2068 698 Med.
2117 634 2430 717 scriptum
2483 630 2742 717 egregie

366 741 651 804 restituit
719 739 1126 805 Lehmannus
1142 788 1160 819 ,
1234 741 1459 806 docens
1527 746 1675 825 post
1719 747 1974 803 vestrwm
2018 737 2446 805 intercidisse:
2495 736 2742 801 amicum

365 851 423 908 et
469 847 553 909 ad
594 852 862 910 vem-am.
922 846 1053 913 vid.
1102 846 1355 927 Quaest.
1402 846 1572 912 Tun.
1623 869 1686 933 p.
1733 844 2067 911 96—100.

458 1044 572 1110 IX.
625 1046 729 1125 12,
760 1046 819 1113 3.
882 1048 1006 1112 viri
1065 1048 1203 1113 boni
1260 1070 1475 1113 usuras
1506 1048 1889 1132 perscribunt
1933 1065 2000 1112 o:
2049 1047 2340 1111 homines
2386 1042 2738 1129 locupletes

364 1152 520 1217 dant
561 1158 902 1240 argentum
950 1154 1195 1231 foenori
1240 1160 1304 1220 et
1345 1155 1746 1241 syngraphas
1783 1154 2056 1230 faciunt,
2097 1158 2175 1217 ut
2210 1155 2279 1216 in
2315 1152 2528 1218 media
2563 1169 2741 1237 pace.

364 1256 473 1325 Sic
517 1259 711 1325 verba
756 1260 1034 1348 explicat
1078 1260 1129 1326 Ι.
1176 1260 1249 1326 F.
1298 1258 1680 1327 Gronovius.

458 1493 571 1559 IX.
626 1493 707 1559 15
755 1496 831 1560 A.
898 1496 1175 1581 quoniam
1235 1498 1309 1561 de
1366 1498 1626 1560 advenbu
1678 1495 1950 1560 Caesari-s·
1997 1518 2118 1579 pro
2167 1501 2323 1559 certo
2371 1492 2736 1557 habebamus.

362 1602 486 1666 Pro
534 1608 689 1665 certo
733 1602 945 1666 habere
988 1602 1230 1688 ahquid
1269 1601 1512 1690 leg-itur
1556 1602 1640 1667 X.
1691 1601 1752 1679 6,
1782 1601 1843 1667 3.
1890 1600 2154 1667 Insolito
2199 1601 2445 1665 Matius
2491 1604 2557 1665 et
2595 1597 2743 1664 Tre·

359 1710 573 1775 batius
618 1730 733 1796 pro
780 1711 1096 1773 adventum
1148 1710 1423 1773 Caesaris
1468 1713 1856 1795 scripserunt
1902 1711 1976 1774 de
2021 1711 2282 1773 adventu
2335 1710 2397 1773 C.

450 1927 566 1993 IX.
621 1927 725 2007 18,
755 1927 815 1993 3.
875 1929 964 1992 Tu
1009 1928 1244 2007 mabim,
1295 1929 1561 2015 inquies,
1613 1936 1807 1993 actum
1851 1951 1925 1993 nc
1972 1950 2135 2009 aque.
2185 1926 2287 1993 Ite.
2330 1926 2742 1993 scribendum

356 2056 494 2102 esse
510 2084 528 2113 ,
598 2056 725 2100 non
792 2035 1008 2098 mabam
1030 2084 1046 2113 ,
1107 2039 1332 2102 monui
1393 2038 1461 2100 in
1518 2034 1844 2101 Analectis
1892 2037 2127 2100 criticis
2171 2038 2243 2099 in
2287 2034 2742 2120 Mnemosyncs

354 2140 488 2207 vol.
540 2138 756 2205 XVIII
803 2163 865 2228 p.
916 2137 1069 2206 357.

449 2372 532 2436 X.
586 2373 645 2452 1,
673 2371 735 2437 4.
785 2374 975 2437 Ictum
994 2424 1009 2451 ,
1059 2374 1165 2460 qui
1193 2375 1406 2457 filium
1451 2376 1852 2440 Brundisium
1897 2376 2061 2440 misit
2109 2415 2194 2425 —
2233 2398 2321 2440 me
2363 2377 2619 2457 leqatum
2655 2374 2742 2437 iri

356 2501 475 2543 non
537 2480 816 2544 arbitror.
864 2478 1353 2568 Wesenbergius
1412 2484 1762 2547 sententiae
1809 2482 2132 2548 consuluit
2176 2481 2535 2548 scribendo:
2585 2482 2743 2562 leym-

358 2592 481 2648 tum
526 2584 611 2648 iri
630 2634 646 2663 ,
712 2608 831 2649 non
874 2608 963 2651 me
1008 2586 1287 2651 arbitror.
1335 2586 1517 2652 Idem
1566 2587 1878 2653 obtinebis
1926 2591 1982 2653 si
2027 2608 2286 2654 mecum
2329 2589 2740 2674 negationem

355 2698 763 2780 transponas:
814 2715 934 2757 non
981 2715 1069 2757 me
1116 2694 1374 2783 beyatum
1418 2694 1505 2757 iri
1550 2694 1832 2759 arbitror.

447 2927 531 2991 X.
580 2926 682 3004 14,
711 2926 773 2992 2.
813 2926 1177 2991 Distubimus
1214 2928 1445 2992 omnino
1482 2950 1800 2991 sermonem
1837 2928 1903 2991 in
1925 2935 2250 3011 posterum.
2294 2927 2739 3015 Supplendum

356 3054 491 3099 esse
552 3034 740 3111 dxiem,
805 3055 929 3098 non
991 3040 1281 3119 tempuS,
1348 3033 1575 3100 docent
1622 3032 1867 3098 similes
1911 3034 2263 3100 locutiones
2309 3038 2378 3099 in
2422 3034 2601 3100 Fam.
2649 3034 2734 3100 X.

362 3138 468 3216 12,
497 3138 571 3204 3:
637 3162 731 3204 ree
790 3140 989 3203 dicata
1050 3147 1135 3203 eet
1192 3140 1260 3203 in
1312 3146 1620 3223 posterum
1639 3188 1655 3217 ,
1724 3140 1838 3205 ubi
1879 3142 2203 3225 sequitur:
2257 3142 2347 3205 Eo
2395 3148 2590 3205 autem
2636 3141 2738 3205 date

356 3252 477 3312 cet.
527 3252 593 3312 et
638 3246 717 3311 ad
763 3245 835 3326 Q.
882 3246 959 3311 fr.
1006 3245 1090 3310 II.
1141 3245 1202 3323 3,
1234 3245 1297 3311 2.

450 3481 532 3545 X.
588 3480 691 3558 16,
720 3480 781 3547 6.
852 3481 939 3544 Pu
957 3530 975 3559 ,
1024 3482 1301 3567 quoniam
1346 3489 1647 3567 quartana
1693 3504 1859 3546 cares
1905 3490 1964 3547 et
2007 3505 2218 3547 nomm
2261 3483 2517 3547 morbum
2561 3503 2740 3545 remo-

356 3587 503 3652 visti
521 3637 538 3665 ,
609 3589 715 3651 sed
776 3588 953 3651 etiam
1010 3588 1392 3669 qravedinem
1411 3637 1427 3665 ,
1490 3595 1545 3651 te
1607 3596 1867 3670 veqebwm
1927 3589 2095 3652 nobie
2144 3628 2228 3638 ——
2275 3590 2437 3653 siste.
2502 3587 2740 3654 Omnes

357 3692 689 3759 molestias
734 3693 1003 3759 feliciter
1050 3694 1316 3759 sustulit
1360 3694 1462 3759 Fr.
1509 3693 1804 3759 Schmidt
1849 3716 1910 3780 p.
1956 3693 2042 3760 32
2083 3716 2210 3761 una
2246 3695 2462 3761 littera
2501 3694 2737 3760 addita.

356 3800 485 3865 Pro
544 3801 652 3864 sed
694 3802 947 3885 scripsit
993 3802 1154 3864 aeda.
1206 3800 1427 3864 Sedare
1471 3821 1585 3885 pro
1635 3822 1856 3866 curare
1901 3802 2155 3867 morbos
2204 3801 2331 3866 dici
2375 3800 2570 3867 multi
2613 3799 2741 3866 loci

356 3904 559 3971 Plinii
602 3908 861 3970 maioris
906 3905 1266 3972 ostendunt.

452 4137 609 4205 XII.
655 4139 755 4218 14,
783 4139 844 4205 3.
902 4142 1073 4221 Quod
1106 4163 1195 4204 me
1232 4142 1303 4203 ab
1341 4142 1448 4204 hoc
1486 4163 1749 4205 maerore
1784 4140 2044 4205 recreari
2082 4138 2192 4217 vie,
2217 4140 2400 4225 sacis
2439 4147 2508 4203 ut
2539 4140 2736 4204 omnia

357 4266 427 4313 o:
494 4244 682 4323 facis,
746 4250 822 4310 ut
885 4246 1078 4323 soles,
1145 4245 1469 4313 benevole.
1534 4244 1630 4314 Of.
1697 4245 1836 4311 XV.
1892 4243 1994 4323 17,
2020 4244 2082 4311 2.
2143 4246 2230 4309 1¹2⁶
2279 4266 2412 4309 vero
2440 4245 2624 4332 facis
2665 4253 2734 4311 ut

358 4351 561 4418 onmia
576 4400 593 4430 ,
645 4352 802 4438 quod
846 4351 1137 4417 Servibiae
1181 4375 1299 4417 non
1346 4355 1499 4418 dees.
