3192 5009
518 269 651 336 330
814 228 827 236 “
1603 290 1826 340 Puro.
1891 271 1900 280 “

518 454 676 535 ἔφη,
725 450 769 517 ὦ
821 455 1177 534 Σώκρατες,
1226 443 1648 533 ἀπολογήσει,
1699 457 1804 521 &dv
1850 459 1944 529 τίς
1993 481 2062 521 σε
2110 462 2204 538 Φῆ
2250 458 2339 537 μὴ
2389 458 2554 558 πάνυ
2599 481 2659 525 τι
2705 457 2908 524 εὐδαί-

404 571 409 574 ’
518 585 708 638 μονας
772 567 965 625 ποιεῖν
1024 561 1272 634 τούτους
1324 561 1464 632 τοὺς
1512 558 1767 642 ἄνδρας,
1817 562 1922 628 καὶ
1972 569 2186 628 ταῦτα
2235 563 2324 628 δι’
2371 563 2767 641 ἑαυτούς,
2817 558 2905 628 ὧν

518 666 650 732 ἔστι
718 666 833 744 μὲν
895 669 929 742 ἦ
992 667 1172 738 πόλις
1239 677 1317 749 τῇ
1380 668 1672 751 ἀληθεία,
1736 670 1787 732 οἱ
1853 668 1917 732 δὲ
1963 668 2151 744 μηδὲν
2198 669 2615 735 ἀπολαύουσιν
2660 669 2908 746 ἀγαθὸν

517 784 629 848 τῆς
689 772 924 842 πόλεως
989 773 1115 836 κτὲ.
1176 773 1412 858 Aperte
1459 772 1535 839 δι’
1584 774 1838 846 ἑαυτούς
1886 774 2052 840 nihil
2098 776 2202 841 hic
2249 776 2608 864 significare
2654 781 2908 862 potest,

516 901 718 967 neque
767 901 841 944 ea
886 901 985 944 res
1029 882 1164 944 iam
1208 879 1403 944 latuit
1439 879 2030 967 Morgensternium
2068 903 2195 947 non
2233 884 2447 968 inepte
2483 861 2908 948 conicientem

517 987 622 1052 καὶ
688 990 901 1050 ταῦτα
954 986 1039 1060 δὴ
1086 985 1417 1063 αὐτούς,
1469 983 1543 1050 ὧν
1594 980 1722 1052 κτέ.
1773 985 1956 1067 Quod
2001 994 2216 1053 tamen
2261 1011 2388 1053 non
2432 1009 2689 1075 prorsus
2737 987 2910 1051 mihi

516 1093 845 1169 satisfacit,
885 1112 1037 1156 cum
1074 1094 1225 1176 quia
1261 1091 1573 1157 formulae
1613 1093 1718 1156 κα)
1760 1099 1969 1158 ταῦτα
2008 1095 2189 1179 idque
2225 1116 2353 1159 non
2376 1093 2540 1160 solet
2564 1094 2909 1158 adhaerere

517 1197 745 1265 vocula
790 1196 862 1272 δή
880 1245 895 1274 ,
945 1203 1089 1262 tum
1153 1200 1529 1281 praesertim
1593 1201 1746 1284 quia
1811 1202 2036 1266 civitas
2084 1203 2294 1264 omnis
2312 1249 2329 1278 ,
2377 1202 2701 1287 imprimis
2747 1217 2906 1264 vero

517 1303 869 1380 Platonica,
920 1308 1016 1368 est
1063 1305 1357 1368 omnium
1402 1306 1649 1370 civium
1693 1326 1818 1370 non
1865 1308 2068 1390 partis
2115 1305 2404 1370 alicuius.
2456 1305 2714 1392 Optime
2751 1324 2908 1371 vero

514 1411 631 1477 illa
674 1430 775 1474 res
820 1408 1077 1495 publica
1122 1409 1247 1473 dici
1293 1411 1509 1494 potuit
1554 1431 1776 1476 revera
1823 1417 2073 1476 exstare
2121 1433 2234 1498 per
2279 1411 2584 1492 φύλακας
2629 1411 2777 1477 illos
2827 1409 2906 1474 de

519 1516 750 1603 quibus
798 1515 903 1579 hic
950 1518 1189 1600 agitur,
1237 1536 1430 1601 quare
1477 1520 1863 1582 correxerim
1909 1519 2124 1603 potius
2164 1518 2269 1584 καὶ
2311 1517 2550 1584 ταῦτα’
2569 1544 2611 1583 α
2632 1520 2765 1582 ῦτο
2785 1516 2869 1585 ύς
2889 1563 2904 1590 ,

520 1624 610 1688 δι’
687 1618 778 1686 ὧν
852 1619 981 1684 ἔστι
1054 1623 1168 1697 μὲν
1232 1621 1361 1685 κτέ.
1425 1621 1676 1687 Vitium
1738 1624 1886 1688 inde
1954 1629 2217 1702 natum,
2267 1625 2440 1710 quod
2485 1625 2901 1710 praepositio,

520 1729 809 1812 primum
870 1745 1077 1790 errore
1140 1729 1377 1792 omissa
1440 1734 1505 1792 et
1564 1727 1791 1793 deinde
1851 1750 2044 1815 supra
2111 1732 2335 1802 αὐτούς
2386 1733 2656 1815 scripta,
2704 1729 2782 1794 ab
2831 1747 2904 1791 eo

524 1836 638 1917 qui
685 1831 965 1896 codicem
1014 1831 1346 1918 descripsit
1393 1833 1531 1898 loco
1580 1856 1707 1901 non
1755 1857 1872 1900 suo
1920 1839 2200 1921 reposita
2247 1843 2365 1903 est.

612 1937 689 2002 P.
741 1935 874 2002 420
898 1928 970 2004 C.
1036 1941 1138 2001 νῦν
1198 1938 1312 2013 μὲν
1369 1936 1489 2022 οὖν,
1540 1941 1618 2010 ὦς
1666 1940 1952 2019 οἰόμεθα,
2000 1945 2112 2015 τὴν
2159 1941 2497 2018 εὐδαίμονα
2543 1941 2904 2017 πλάττομεν

522 2051 634 2125 (sc.
707 2039 913 2124 πόλιν)
983 2044 1091 2107 οὐκ
1160 2044 1638 2123 ἀπολαβόντες,
1703 2048 1947 2124 ὀλίγους
2013 2049 2075 2111 ἒν
2138 2049 2300 2128 αὐτῇ
2363 2049 2667 2120 τοιούτους
2729 2048 2897 2117 τινάς

525 2148 761 2227 θέντες,
810 2148 961 2244 ἀλλ’
1008 2145 1171 2224 ὅλην.
1220 2149 1384 2228 Quia
1430 2150 1677 2228 ὀλίγους
1725 2152 1926 2216 simul
1961 2158 2059 2218 est
2097 2155 2421 2240 participii
2465 2154 2894 2232 ἀπολαβόντες

524 2261 589 2321 et
658 2257 977 2340 sequentis
1048 2256 1245 2326 θέντες
1319 2256 1643 2322 obiectum
1660 2306 1677 2336 ‚
1727 2261 1937 2324 nescio
1999 2279 2080 2323 an
2139 2262 2374 2325 rectius
2439 2260 2698 2347 virgula
2763 2264 2898 2346 post

524 2359 963 2437 ἀπολαβόντες
1010 2364 1367 2427 omittatur.

614 2467 690 2531 P.
739 2465 867 2531 421
896 2464 975 2530 D.
1048 2467 1168 2531 Καὶ
1241 2469 1361 2544 μὴν
1434 2469 1537 2532 καὶ
1603 2468 1837 2548 ὅργανά
1900 2495 1979 2547 γε
2042 2475 2132 2547 μὴ
2180 2469 2341 2550 ἔχων
2389 2472 2900 2553 παρέχεσθαι

528 2572 644 2636 ὑπὸ
715 2572 930 2643 πενίας
993 2573 1027 2648 ἢ
1094 2597 1154 2637 τι
1220 2572 1380 2640 ἀλλο
1440 2581 1557 2638 τῶν
1621 2576 1705 2646 εἷς
1768 2578 1878 2652 τὴν
1924 2576 2152 2658 τέχνην
2201 2578 2329 2642 κτὲ.
2379 2581 2622 2664 Aperte
2667 2580 2804 2655 hic,
2847 2578 2904 2640 si

524 2678 701 2744 locus
770 2699 961 2743 sanus
1030 2684 1161 2757 est,
1228 2678 1616 2758 παρέχεσθαι
1677 2681 1998 2768 significat
2056 2683 2173 2746 eibi
2220 2707 2486 2766 parare,
2550 2706 2678 2770 quo
2725 2703 2906 2750 sensu

527 2783 767 2851 Graece
811 2806 937 2849 non
983 2788 1075 2850 sie
1120 2785 1231 2849 sed
1275 2784 1750 2865 πορίζεσθαι
1799 2787 1926 2852 dici
1971 2788 2153 2853 solet.
2203 2789 2374 2854 Nam
2423 2789 2814 2870 παρέχεσθαί
2849 2809 2907 2852 τι

529 2896 627 2957 est
672 2890 913 2975 ahquid
937 2891 1229 2972 praebere
1268 2893 1341 2954 de
1376 2913 1480 2956 suo
1496 2921 1523 2967 ;
1566 2913 1727 2977 quae
1767 2897 1941 2958 notio
1979 2895 2086 2959 hic
2123 2898 2238 2959 vix
2275 2897 2432 2960 satis
2466 2900 2618 2981 apta
2639 2897 2906 2961 videtur.

617 2996 692 3061 P.
742 2996 875 3062 424
900 2998 977 3060 A.
1042 2998 1147 3061 καὶ
1213 3000 1357 3075 μήν,
1407 2994 1595 3076 εἷπον,
1648 3003 1973 3082 πολιτεία,
2027 3000 2250 3080 ε’ἀνπερ
2299 2998 2483 3080 ἅπαξ
2527 3003 2761 3084 δρμῆσῃ
2807 2997 2907 3076 εὖ,

528 3089 786 3183 ἔρχεται
849 3098 1106 3181 ὥσπερ
1171 3103 1469 3175 κύκλος
1534 3104 1943 3182 αὐξανομένη.
2011 3106 2254 3170 Parum
2313 3106 2478 3172 lucis
2541 3107 2645 3172 hic
2705 3107 2914 3172 verbis

528 3207 796 3274 affundit
858 3207 1273 3272 Stalibaumii
1335 3211 1813 3294 interpretatio:
1879 3214 1934 3276 si
1996 3210 2194 3276 semel
2253 3233 2291 3277 a
2337 3213 2499 3278 bono
2544 3215 2730 3278 initio
2775 3232 2918 3297 pro-

529 3315 693 3380 fecta
760 3320 859 3379 est
875 3363 892 3391 ,
966 3317 1157 3379 sicuti
1227 3314 1499 3379 circulus
1559 3317 1880 3400 praecedit
1942 3320 2034 3381 ita
2051 3366 2067 3393 ,
2131 3325 2207 3381 ut
2270 3340 2521 3405 semper
2567 3325 2801 3384 crescat
2845 3321 2920 3380 et

530 3425 865 3507 augeatur,
937 3440 1292 3503 numquam
1362 3423 1713 3484 minuatur.
1785 3421 2300 3508 Intellegendum
2361 3425 2640 3500 videtur,
2692 3427 2746 3488 si
2789 3441 2918 3486 non

416 3521 422 3526 ’
530 3525 991 3611 supplendum:
1046 3523 1297 3604 ἔρχεται
1348 3511 1606 3606 ὥσπερ
1657 3528 1783 3606 (έν
1832 3525 2124 3603 ὕδατι)
2171 3530 2392 3600 κύκλος
2445 3529 2844 3607 αὐξανομένη.

619 3630 694 3696 P.
744 3629 874 3696 425
902 3629 975 3694 Β.
1042 3629 1233 3706 crayae
1282 3655 1351 3694 τε
1402 3637 1518 3696 τῶν
1567 3633 1861 3710 νεωτέρων
1909 3634 2084 3712 παρὰ
2133 3635 2565 3715 πρεσβυτέροις
2587 3677 2616 3711 ‚-
2653 3638 2726 3706 ὦς
2776 3629 2918 3711 πρέ-

531 3761 667 3814 πει,
732 3736 836 3801 καὶ
905 3737 1467 3808 κατακλίσεις
1519 3737 1657 3800 καὶ
1711 3738 2353 3811 ὑπαναστάσεις
2405 3741 2507 3804 καὶ
2559 3739 2776 3816 γονέων
2823 3741 2916 3801 θε-

530 3845 815 3924 ραπείας.
881 3844 1192 3927 Apposite
1256 3841 1619 3908 Stallbaum
1683 3846 1908 3908 citavit
1970 3846 2239 3911 Aristot.
2289 3845 2441 3911 Eth.
2491 3845 2588 3910 IX
2637 3846 2678 3912 2
2724 3843 2907 3910 παντὶ

534 3950 601 4014 δὲ
647 3951 730 4028 τῷ
778 3947 1169 4027 πρεσβυτέρῳ
1209 3950 1395 4023 τιμὴν
1436 3947 1575 4012 καθ’
1623 3949 1865 4023 ἡλικίαν
1907 3950 2232 4016 ἀποδοτέον
2278 3952 2908 4017 ὖπαναστάσεσι

534 4055 669 4119 καὶ
720 4053 1278 4117 κατακλίσεσι
1299 4102 1314 4130 ,
1365 4074 1628 4118 monens
1677 4056 2082 4127 κατακλίσεις
2123 4057 2228 4121 hic
2269 4077 2404 4122 esse
2441 4056 2568 4122 loci
2607 4061 2907 4123 cessiones

533 4162 787 4225 honoris
846 4180 1053 4223 causa.
1118 4157 1554 4223 Nihilominus
1617 4163 1818 4224 miror
1880 4163 2252 4226 κατάκλισιν
2301 4163 2428 4227 dici
2473 4166 2753 4247 potuisse
2797 4181 2904 4246 pro

538 4265 1050 4343 ὑποκατακλισιν,
1098 4263 1572 4350 videndumque
1621 4287 1700 4331 ne
1746 4289 1938 4332 verus
1985 4268 2332 4334 verborum
2381 4268 2531 4333 ordo
2581 4271 2904 4334 restituen-

538 4375 655 4438 dus
718 4372 802 4435 sit
850 4392 883 4435 e
930 4371 1229 4456 discipuli
1271 4372 1515 4449 verbis,
1566 4379 1641 4436 ut
1687 4372 1874 4438 Plato
1921 4376 2243 4458 scripserit
2288 4374 2393 4438 καὶ
2443 4374 2605 4438 ὑπα
2630 4371 2905 4438 ναστά-
