3192 5009
1226 368 1311 417 mi
1355 368 1506 418 man
1552 370 1834 421 nonme.
2441 428 2450 437 ,
2585 344 2712 416 107

601 535 867 617 pecvnia
904 534 1015 600 tibi
1037 538 1353 600 debebatur
1374 544 1555 613 certa,
1582 557 1734 622 quae
1753 538 2159 621 nnncpetitm·
2169 558 2290 621 per
2310 535 2564 600 iudicem
2584 583 2599 600 .
2620 584 2635 600 .
2657 582 2671 598 .
2695 582 2710 599 .

431 639 519 703 At
600 648 1021 726 praecesserat
1100 644 1269 707 inter
1336 640 1591 709 eosdem
1659 644 1978 708 societatis
2043 644 2358 709 iudicium
2424 642 2710 708 eiusdem

341 748 646 828 pecuniae
692 750 983 813 nomine:

614 854 689 917 de
726 876 837 938 quo
878 854 1111 918 nominc
1148 857 1233 918 ad
1266 854 1557 918 arbitrum
1594 854 1784 919 adisti
1800 904 1817 933 ,
1857 858 1932 920 de
1969 878 2032 919 eo
2072 858 2156 919 ad
2174 856 2430 920 iudicem
2450 853 2668 918 venisti
2684 856 2715 918 Ι

433 956 782 1025 Sumamus
829 960 1295 1028 Pandectarum
1342 968 1407 1026 et
1452 958 1775 1028 Ciceronis
1820 960 1941 1027 fide
1979 961 2144 1027 nihil
2184 962 2432 1027 obstare
2469 962 2714 1046 quomi-

340 1085 463 1129 nus
508 1086 585 1131 ex
634 1068 810 1130 omni
848 1073 1173 1132 contractu
1212 1074 1383 1133 certa
1420 1068 1700 1133 formula
1740 1074 1988 1155 agatur,
2015 1076 2232 1133 tamen
2252 1067 2712 1153 interpolatum

342 1169 481 1235 dico
527 1172 964 1259 stag-mentum
1009 1172 1173 1239 illud
1218 1173 1479 1260 Ulpiani
1528 1174 1698 1261 quod
1743 1180 1840 1241 est
1885 1174 2076 1242 hodie
2111 1174 2158 1241 1.
2185 1173 2226 1239 3
2265 1173 2367 1260 §4
2404 1172 2483 1238 D.
2515 1172 2618 1237 12.
2647 1171 2710 1237 4.

341 1274 547 1341 Verba
594 1287 746 1343 sunt
790 1279 978 1345 haec:

709 1435 723 1450 .
754 1434 769 1450 .
816 1386 873 1449 ci
918 1386 1085 1449 nihil
1128 1386 1240 1449 tibi
1286 1388 1428 1452 deda·
1445 1436 1461 1465 ‚
1517 1395 1586 1451 ut
1631 1388 2070 1451 manumittens
2086 1436 2104 1464 ,
2153 1388 2476 1470 placuerat
2522 1393 2715 1449 tamen

609 1498 678 1554 ut
738 1493 940 1555 darem
957 1541 974 1569 ,
1037 1493 1199 1556 ultro
1260 1493 1374 1557 tibi
1417 1500 1738 1576 competere
1780 1494 2066 1558 actionem
2111 1516 2262 1579 quae
2307 1516 2380 1557 esc
2425 1494 2532 1556 hoc
2577 1514 2709 1555 con-

612 1604 811 1661 tractu
853 1600 1138 1676 nascitur,
1186 1599 1258 1662 id
1302 1607 1389 1663 est
1430 1599 1854 1664 condictionem
1871 1650 1888 1679 ‚
1935 1602 2222 1686 defuncto
2269 1622 2492 1685 quoqne
2536 1621 2620 1663 eo.

420 1700 807 1769 Contractus
870 1711 966 1770 est
1027 1706 1361 1771 eiusmodi.
1426 1704 1740 1773 Convenit
1759 1756 1775 1784 ,
1840 1713 1915 1772 ut
1977 1706 2139 1772 alter
2197 1726 2458 1772 servum
2520 1726 2714 1770 suum

335 1816 651 1898 potestate
698 1811 1086 1889 dimitteret,
1136 1809 1299 1877 alter
1341 1816 1677 1899 pecuniam
1715 1820 1955 1879 certam
1995 1814 2192 1880 daret.
2241 1812 2462 1899 Itaque
2501 1814 2718 1899 agitur

336 1916 415 1982 de
482 1938 647 1982 novo
714 1918 989 2003 quodam
1053 1922 1311 2007 negotio
1331 1968 1347 1997 ‚
1414 1921 1597 1985 cuius
1659 1918 2001 2007 appellatio
2050 1918 2230 1984 nulla
2275 1921 2530 2005 propria
2575 1920 2714 1983 iure

290 2038 295 2043 ’
334 2022 517 2089 civili
562 2024 810 2111 prodita
858 2031 989 2103 est,
1039 2026 1208 2111 quod
1255 2032 1481 2095 tamen.
1518 2022 1758 2093 Graece
1805 2026 2040 2091 dicitur
2085 2026 2543 2101 συνάλλαγμα.
2590 2024 2718 2090 Νο-

334 2132 589 2194 tissima
656 2150 755 2195 res
813 2137 911 2196 est
927 2180 943 2209 ‚
1010 2152 1088 2197 ex
1152 2132 1269 2196 tali
1335 2138 1662 2198 contractu
1723 2133 1958 2196 civitem
2004 2132 2291 2196 actionem
2339 2132 2474 2197 dari
2491 2180 2508 2209 ,
2555 2151 2716 2216 quae

335 2256 489 2301 mox
533 2235 601 2299 in
622 2238 873 2322 factum
889 2286 903 2315 ,
947 2236 1103 2303 alias
1141 2238 1393 2317 incerti,
1425 2238 1830 2322 praescriptis
1868 2238 2061 2303 verbis
2098 2238 2474 2325 plerumque
2513 2238 2714 2301 audit.

336 2341 520 2407 Nihil
571 2364 739 2409 nunc
787 2344 865 2408 ad
913 2365 1051 2408 rem
1068 2393 1083 2421 ,
1137 2344 1304 2430 quod
1348 2344 1511 2409 illud
1546 2345 1952 2428 prae-scriptis
1996 2344 2189 2407 verbis
2233 2344 2390 2407 actio
2436 2343 2720 2408 Triboni-

336 2470 457 2514 ano
507 2449 919 2514 tribuendum
963 2471 1169 2537 nuper
1211 2454 1459 2516 censuit
1505 2447 1907 2518 Gradenwitz
1937 2448 2022 2533 ¹);
2082 2451 2158 2516 de
2207 2472 2274 2516 re
2319 2450 2491 2515 enim
2539 2446 2718 2513 nulla

338 2554 673 2620 dubitatio.
722 2554 862 2621 Hac
904 2558 1114 2641 igitur
1158 2557 1376 2620 incerti
1423 2559 1654 2621 actione
1699 2564 1852 2623 tunc
1900 2578 2149 2643 quoque
2196 2556 2510 2621 utendum
2555 2558 2680 2619 erit
2697 2604 2714 2633 ‚

338 2682 542 2748 quum
605 2683 683 2727 ex
730 2683 893 2728 novo
942 2669 1271 2728 contractu
1318 2670 1565 2729 certum
1619 2664 1940 2729 debeatur.
1988 2663 2193 2729 'Pestis
2239 2668 2374 2728 esto
2422 2683 2718 2727 summus

338 2768 730 2853 Papinianus
801 2767 873 2847 (l.-
922 2766 965 2833 8
1013 2768 1091 2833 D.
1146 2766 1248 2834 19.
1278 2768 1367 2850 5).
1437 2769 1768 2855 Agebatur
1832 2769 1908 2835 de
1957 2790 2139 2835 servo
2187 2771 2521 2835 aestimato
2567 2769 2715 2833 dato

338 2876 727 2960 quaestionis
788 2873 1109 2939 habendae
1155 2878 1385 2960 gratia.
1436 2874 1651 2955 Quum
1699 2876 1777 2941 de
1823 2896 1896 2941 eo
1944 2881 2345 2960 compertum
2392 2895 2516 2939 non
2565 2874 2718 2939 fuis-

340 2988 436 3045 set
456 3028 471 3056 ‚
534 3000 649 3065 pro
693 3001 877 3045 servo
924 2981 1221 3045 dominus
1267 2985 1604 3067 pecuniam
1651 2980 1868 3069 eleg-it.
1918 2980 2014 3046 De
2059 2980 2334 3046 formula
2382 2980 2719 3066 quaereba-

338 3094 468 3164 tur,
518 3108 643 3172 qua
688 3090 1027 3172 pecuniam
1072 3088 1367 3153 dominus
1414 3090 1716 3173 consequi
1765 3096 1999 3175 posset.
2048 3086 2401 3173 Respondit
2445 3090 2514 3151 in
2559 3087 2714 3153 haec

340 3192 536 3258 verba
580 3192 1005 3279 Papinianus:
2503 3190 2508 3195 ’

614 3299 769 3362 Dim·
816 3300 1049 3362 tametsi
1094 3302 1252 3385 quod
1294 3302 1453 3364 inter
1491 3322 1586 3364 coc
1612 3299 1664 3381 ⁹)
1705 3307 1996 3381 afferetur,
2039 3300 2231 3363 verbis
2269 3322 2494 3385 quoquc
2527 3300 2718 3382 stipu-

614 3404 863 3468 lationis
907 3406 1237 3468 concha-mm
1283 3428 1401 3469 non
1428 3408 1672 3492 fuisset
1688 3455 1704 3484 ,
1755 3407 1813 3469 ci
1861 3413 2054 3469 tamen
2093 3406 2191 3469 lez·
2228 3413 2564 3469 contractus
2599 3428 2718 3469 non

615 3510 829 3574 lateret
845 3559 859 3588 ,
897 3511 1300 3594 praescriptis
1345 3512 1537 3575 verbis
1580 3511 1798 3575 incerti
1843 3518 1900 3575 et
1943 3512 2043 3575 hic
2090 3512 2191 3592 aqi
2228 3534 2408 3593 posce
2455 3560 2470 3576 .
2504 3560 2517 3575 .
2549 3560 2562 3576 .
2593 3560 2607 3576 .

434 3616 658 3701 Itaque
705 3624 874 3682 certa
918 3621 1189 3703 pecunia
1233 3618 1449 3681 mcci-ti
1496 3618 1728 3681 actione
1771 3624 2045 3703 petetur.
2091 3616 2262 3683 Fieri
2309 3617 2567 3703 quidem
2613 3640 2720 3703 po-

342 3728 504 3801 test,
566 3728 643 3787 ut
701 3744 814 3808 pro
857 3726 1087 3789 incerti
1133 3726 1374 3789 actione
1422 3730 1593 3789 certa
1637 3723 1915 3788 formula
1961 3725 2062 3788 uti
2109 3722 2362 3789 licuerit
2380 3773 2395 3800 ,
2443 3724 2718 3809 qnando-

342 3849 468 3917 que
535 3836 784 3894 certum
848 3831 917 3893 in
983 3830 1298 3895 iudicium
1370 3830 1801 3895 deduceretur.
1867 3829 2066 3915 quue
2126 3832 2219 3894 ita
2283 3850 2416 3895 esse
2475 3831 2718 3896 interea

342 3955 678 4001 sumamus
696 3984 712 4012 ,
776 3942 851 3998 ut
912 3936 989 4000 ab
1046 3938 1233 4000 initio
1280 3957 1474 4021 quam
1518 3934 1879 4021 plurimum
1924 3934 2280 4021 largiamur
2322 3936 2719 4001 adversariis.

343 4041 587 4107 Tamen
632 4040 783 4106 ferri
829 4062 954 4106 non
1001 4048 1244 4127 potest,
1295 4043 1461 4127 quod
1507 4042 1701 4107 habet
1745 4042 1792 4106 1.
1837 4040 1878 4107 3
1919 4041 2021 4127 §4
2064 4045 2202 4111 cit.;
2253 4040 2722 4107 condictionem

344 4168 480 4214 esse
525 4150 837 4213 actionem
856 4197 872 4224 ,
925 4169 1085 4233 quae
1131 4171 1201 4212 ea:
1246 4150 1353 4212 hoc
1373 4199 1389 4226 ‚
1438 4148 1505 4213 id
1552 4155 1650 4214 est
1695 4169 1861 4213 novo
1880 4196 1896 4225 ‚
1947 4152 2208 4233 negotio
2255 4154 2570 4213 nascatur.
2629 4147 2721 4214 Ut

414 4331 470 4394 l)
502 4329 912 4393 Interpolationm
945 4329 1127 4393 (1887)
1163 4344 1268 4395 pag.
1308 4331 1403 4379 128
1422 4346 1523 4395 sqq.

416 4412 472 4475 2)
515 4408 651 4463 Idem
685 4410 947 4460 remedium
979 4411 1296 4460 adhibendum
1332 4412 1537 4471 videtur,
1573 4412 1698 4477 quod
1738 4412 1771 4461 l.
1807 4427 1879 4477 pr.
1918 4412 1976 4459 D.
2010 4411 2056 4461 2.
2077 4411 2140 4459 14
2177 4412 2342 4460 attulit
2381 4411 2720 4475 Bynkenhoek

346 4494 461 4560 (pro
494 4510 573 4544 eos
605 4494 638 4543 1.
675 4494 815 4557 rece).
