3192 5009
630 232 762 303 246
1428 253 1513 303 nn
1560 254 1711 303 mim
1759 252 2208 305 onnnnmnm.

623 441 703 485 ex
761 422 879 484 hac
926 422 1306 497 coniectura,
1356 442 1550 505 quam
1597 440 1837 507 magna
1883 441 1962 485 ex
2005 426 2186 506 parte
2233 423 2452 497 reicit,
2501 426 2723 485 tamen
2769 420 2993 506 aliquid

625 527 1032 591 retinendum
1092 527 1216 591 sibi
1276 546 1411 591 6666
1471 530 1749 611 putavit.
1815 526 1986 591 Nam
2045 529 2107 591 ei
2171 547 2422 612 quoque
2469 525 2713 612 placuit
2730 576 2749 605 ,
2795 526 2994 613 legem

623 632 875 697 Aeliam
937 631 1188 696 Fufiam
1248 653 1377 697 non
1422 653 1557 698 6666
1605 636 1989 698 nominatim
2038 654 2244 724 11611116
2292 636 2548 718 proprio
2597 636 2802 718 capite
2844 633 2994 720 legis

624 757 661 802 a
708 736 933 803 Clodio
980 737 1385 823 abrogatam;
1437 740 1705 803 coniecit
1722 787 1739 816 ,
1788 744 2047 825 propter
2093 738 2258 803 illud
2305 745 2498 824 caput
2539 738 2708 825 legis
2753 738 2992 806 Clodiae

620 843 833 909 solum
880 843 1051 928 quod
1100 864 1291 928 supra
1338 844 1455 907 sub
1508 843 1578 907 3⁰
1627 847 1847 929 posui,
1897 865 2022 930 quo
2059 847 2478 931 magistratus
2516 846 2893 913 vetabantur
2925 844 2993 909 de

622 949 795 1015 caelo
860 968 1109 1013 servare
1172 970 1322 1014 cum
1370 949 1547 1035 leges
1594 949 1930 1028 ferrentur,
1978 950 2194 1037 legem
2237 950 2490 1016 Aeliam
2537 950 2790 1016 Fufiam
2833 952 2994 1015 abro-

617 1063 839 1143 gatam
888 1076 1023 1120 esse
1068 1076 1105 1120 a
1152 1052 1453 1121 Cicerone
1491 1056 1834 1141 perhiberi.
1883 1056 1978 1121 Ea
2016 1060 2380 1122 coniectura
2419 1064 2637 1123 autem
2679 1056 2836 1121 falsa
2873 1064 2990 1133 est;

618 1182 1012 1248 quamquam
1075 1162 1345 1226 concedo
1408 1182 1551 1227 6616
1612 1184 1740 1227 non
1801 1166 1979 1227 omni
2041 1165 2247 1247 specie
2310 1166 2712 1228 auctoritatis
2775 1182 2990 1228 carere.

616 1269 787 1334 Nam
849 1268 928 1331 ad
987 1288 1131 1333 eam
1192 1267 1650 1333 defendendam
1710 1266 1815 1333 vel
1862 1274 2030 1333 certe
2077 1268 2502 1333 excusandam
2551 1268 2758 1333 afferri
2801 1270 2994 1353 possit

616 1374 795 1439 locus
855 1372 1117 1438 Asconii
1162 1371 1404 1453 (Schol.
1455 1394 1605 1459 pag.
1659 1372 1748 1452 9),
1797 1376 1910 1459 qui
1955 1373 2332 1438 huiusmodi
2379 1380 2511 1439 est:
2565 1375 2710 1454 ‚‚(P.
2763 1374 2992 1437 Clodius

618 1481 756 1543 trib.
810 1480 912 1561 pl.
976 1479 1120 1542 tulit
1182 1486 1437 1564 quatuor
1500 1480 1682 1560 leyes)
1733 1528 1748 1543 .
1778 1527 1793 1544 .
1824 1529 1838 1544 .
1890 1480 2173 1558 alteram,
2239 1503 2314 1543 ne
2373 1479 2508 1563 quis
2557 1503 2679 1562 per
2737 1502 2832 1543 eos
2877 1480 2993 1541 dies

618 1584 828 1670 quibus
895 1608 1022 1647 cum
1078 1586 1311 1667 populo
1377 1585 1480 1665 aqi
1542 1586 1749 1650 liceret
1811 1588 1886 1649 de
1947 1586 2112 1649 cccelo
2171 1593 2436 1649 servaret
2449 1612 2478 1661 ,·
2532 1593 2788 1668 propter
2833 1608 2992 1669 quam

617 1690 983 1772 roqationem
1046 1693 1309 1771 (Cicero)
1358 1692 1450 1754 ait
1506 1692 1748 1772 leyem
1797 1692 2100 1755 Aeliam
2151 1698 2226 1755 et
2269 1691 2635 1777 Fufiam,
2670 1714 2994 1774 11101169-

617 1796 911 1860 nacula
974 1804 1049 1859 et
1107 1819 1362 1860 muros
1410 1796 2093 1882 tranquillitatis
2141 1804 2375 1883 atque
2421 1796 2608 1875 otii,
2659 1818 2991 1861 eversa-m

620 1925 781 1966 esse
840 1903 1023 1985 [haec
1085 1904 1281 1968 verba
1340 1909 1493 1967 sunt
1554 1900 1911 1982 Ciceronis,
1961 1904 2093 1968 Pis.
2142 1902 2204 1968 4.
2233 1902 2339 1986 9];
2393 1903 2766 1967 obnuntiatio
2815 1903 2990 1977 enim,

618 2032 737 2094 qua
784 2008 1149 2091 perniciosis
1207 2008 1433 2089 leyibus
1477 2008 1882 2086 resistebatur,
1933 2032 2108 2094 quam
2153 2010 2334 2072 Aelia
2379 2010 2478 2073 lea·
2521 2012 2962 2093 confimaverat
2976 2055 2990 2082 ,

616 2122 747 2179 erat
790 2113 1097 2179 sublata’'.
1152 2112 1277 2181 Sed
1323 2115 1443 2179 hoc
1491 2118 1942 2181 testimonium
1989 2116 2284 2192 Asconii,
2334 2115 2505 2201 quod
2551 2136 2666 2201 pro
2713 2114 2830 2179 illa
2865 2134 2993 2178 con-

616 2222 861 2285 iectura
908 2242 1044 2286 esse
1091 2220 1368 2298 videtur,
1412 2223 1614 2287 teneri
1659 2244 1786 2287 non
1833 2227 2043 2308 potest
2082 2228 2394 2308 quatenus
2435 2228 2752 2308 repugnat
2792 2220 2991 2286 verbis

618 2325 959 2393 Ciceronis.
1010 2326 1331 2411 Equidem
1376 2325 1666 2391 multum
1712 2328 1891 2393 abest
1935 2333 2011 2392 ut
2058 2331 2442 2415 impugnare
2490 2326 2692 2394 velim
2739 2326 2993 2392 auctori-

618 2438 820 2497 tatem
887 2433 1151 2496 Asconii
1208 2435 1337 2496 viri
1401 2435 1652 2519 egregii
1715 2440 1780 2498 et
1842 2433 2174 2520 diligentis
2195 2483 2212 2511 ,
2274 2455 2469 2519 quam
2509 2433 2826 2519 ¹magnam
2869 2451 2992 2496 esse

616 2543 814 2624 put03
866 2537 976 2603 sed
1023 2544 1099 2603 ut
1144 2540 1211 2601 in
1259 2537 1497 2603 talibus
1546 2538 1803 2603 scholiis
1851 2560 2037 2625 saepe
2083 2542 2420 2617 usuvenit,
2473 2538 2764 2604 studium
2806 2537 2994 2602 brevi—

616 2646 771 2708 tatis
832 2642 1039 2707 obfuit
1100 2645 1400 2721 veritati,
1464 2666 1670 2730 neque
1719 2648 1874 2710 satis
1918 2644 2104 2731 plene
2151 2647 2465 2711 Asconius
2511 2646 2678 2710 dixit
2723 2643 2895 2730 quod.
2929 2645 2990 2705 in

614 2752 830 2815 animo
892 2748 1185 2813 habebat.
1250 2747 1357 2813 Sic
1421 2752 1644 2813 statim
1701 2753 1888 2816 initio
1949 2751 2263 2816 Asconius
2325 2751 2620 2836 perhibet
2637 2799 2653 2827 ,
2703 2748 2989 2816 Clodium

614 2858 897 2921 vetuisse
956 2853 1033 2918 de
1096 2853 1268 2919 caelo
1332 2857 1575 2920 servari
1638 2857 1904 2920 omnibus
1965 2857 2173 2920 diebus
2219 2856 2617 2921 comitialibus
2665 2863 2723 2919 et
2749 2854 2951 2941 fastis
2961 2880 2988 2927 ;

616 2960 836 3029 Cicero
884 2967 1059 3046 (pag.
1112 2959 1244 3024 244
1292 2959 1435 3025 adn.
1485 2961 1553 3043 2)
1603 2969 1668 3026 et
1712 2961 1836 3027 Dio
1885 2960 2020 3042 (38.
2054 2960 2158 3027 13.
2189 2962 2258 3043 6)
2304 2963 2426 3027 1166
2472 2962 2757 3027 refutant
2773 2982 2792 3039 ;
2836 2964 2990 3025 recte

616 3090 683 3135 se
728 3068 990 3133 haberet
1034 3066 1205 3152 quod
1250 3069 1504 3152 scripsit
1551 3070 1895 3145 Asconius,
1946 3067 2136 3133 modo
2181 3069 2336 3133 haec
2384 3067 2693 3133 vocabula
2730 3064 2994 3131 addidis-

616 3180 747 3239 set:
802 3175 900 3250 „si
942 3171 1121 3258 leges
1170 3172 1548 3237 ferrentur’'.
1600 3172 1848 3238 Eodem
1893 3174 2231 3239 brevitatis
2279 3176 2444 3239 vitio
2495 3179 2716 3238 autem
2759 3172 2990 3237 factum

617 3286 715 3345 est
782 3284 858 3343 ut
926 3280 1241 3343 Asconius
1310 3277 1551 3363 aliquid
1623 3278 1794 3363 quod
1863 3300 1976 3366 per
2036 3299 2100 3344 se
2163 3301 2395 3345 verum
2460 3285 2590 3361 est,
2641 3278 2992 3358 roqationem

625 3386 826 3450 Clodii
893 3384 1157 3473 effecisse
1213 3390 1281 3446 ut
1341 3391 1702 3448 everteretur
1762 3384 1860 3448 lea
1921 3385 2101 3449 Aelia
2162 3386 2345 3469 Fufia
2360 3435 2377 3464 ,
2443 3388 2536 3449 ita.
2601 3382 2992 3449 coniunxerit

617 3512 767 3559 cum
830 3511 903 3555 eo
951 3490 1117 3574 quod
1167 3494 1351 3554 antea
1394 3489 1593 3567 dixit,
1655 3490 1926 3553 Clodium
1971 3491 2227 3555 vetuisse
2272 3494 2348 3555 de
2393 3492 2553 3555 eaelo
2598 3489 2831 3555 servari
2874 3510 2992 3551 cum

618 3599 774 3680 loyes
818 3596 1169 3682 ferrentur,
1234 3600 1310 3659 ut
1369 3596 1616 3680 opinari
1662 3598 1867 3680 possit
1917 3595 2150 3682 aliquis
2198 3604 2620 3683 (quamquam
2667 3596 2736 3661 id
2785 3601 2990 3660 tamen

616 3704 1046 3770 necessarium
1109 3722 1235 3765 non
1296 3705 1455 3780 est),
1520 3701 1795 3767 Asconio
1861 3707 2210 3787 utrumque
2275 3710 2468 3788 caput
2526 3702 2693 3789 legis
2739 3699 2990 3769 Clodiae

616 3828 824 3875 unum
890 3808 1191 3893 idemque
1254 3828 1390 3871 esse
1451 3806 1688 3886 videm
1753 3809 1952 3873 etiam
2014 3829 2174 3894 (11166
2224 3808 2438 3887 addit,
2487 3808 2742 3873 Aeliam
2783 3807 2990 3893 legem

617 3915 1019 3981 confirmasse
1083 3913 1638 3979 obnuntiationem
1685 3935 1810 3999 qua
1857 3918 2225 4000 perniciosis
2274 3915 2530 4003 legibus
2577 3918 2986 3988 resisteretur,

616 4026 682 4085 et
741 4023 844 4084 ius
892 4019 1312 4084 obnuntiandi
1358 4019 1527 4103 quod
1572 4022 1640 4083 in
1687 4020 1870 4085 Aelia
1915 4020 2062 4107 lege
2113 4021 2566 4087 confirmatum
2605 4027 2774 4086 esset
2791 4069 2808 4099 ,
2856 4019 2990 4084 sub-

615 4126 825 4191 latum
872 4146 1005 4189 esse
1051 4146 1088 4189 a
1136 4122 1393 4202 Clodio,
1443 4146 1839 4211 quamquam
1885 4127 2039 4192 haec
2089 4148 2342 4213 quoque
2378 4148 2493 4213 per
2531 4148 2598 4192 se
2637 4147 2788 4192 vera
2825 4130 2987 4201 sunt,

616 4236 766 4316 apta
835 4236 986 4294 sunt
1054 4230 1134 4295 ad
1205 4230 1478 4295 eundem
1547 4251 1827 4297 errorem
1892 4233 2303 4298 excitandum
2366 4237 2517 4319 quia
2579 4232 2704 4298 6116
2765 4234 2990 4297 omissa

616 4344 800 4414 sunt,
865 4336 1097 4420 quibus
1159 4357 1319 4421 opus
1380 4343 1517 4401 erat
1578 4338 1659 4403 ad
1724 4337 1980 4423 plenam
2025 4339 2544 4428 intellegentiam
2589 4342 2701 4405 rei.
2773 4338 2988 4425 Itaque
