3192 5009
1088 317 1355 376 numus
1396 314 1796 366 smnms.
2488 293 2614 362 1¹75

518 489 624 551 καί
674 486 721 567 ῤ’
774 484 903 550 ὅτε
954 485 1024 558 δη
1072 486 1258 560 μάλα
1307 487 1536 556 πάντες
1579 484 1701 549 ἀνὰ
1746 483 2007 562 στρατὸν
2053 484 2573 561 ἠγερέθοντο,

518 595 587 668 δη
634 594 764 657 τότ’
814 593 892 655 ἑνὶ
941 594 1249 667 μέσσοισιν
1295 592 1911 681 άγειρομένοισι
1961 592 2350 669 μετηύδα.

338 701 587 782 Quanto
633 699 865 765 melius
910 698 1233 763 Homerus

514 802 568 871 οἳ
614 808 665 871 δ’
714 806 843 871 ἐπεὶ
893 801 991 869 οὖν
1039 803 1284 881 ἤγερθεν
1332 804 1663 882 ὁμηγερέες
1713 810 1770 867 τ’
1821 804 2126 883 ἐγένοντο,

516 921 669 978 τοῖσι
717 914 769 977 δ’
820 912 1225 989 ἀνιστάμενος
1276 913 1523 991 μετέφη
1574 911 1768 982 πόδας
1817 912 1966 983 ὠκὺς
2018 912 2380 993 ’Λχιλλεύς.

334 1020 627 1087 Fortasse
666 1027 883 1085 tamen
924 1017 1159 1097 Quinto
1198 1020 1291 1083 ita
1330 1018 1630 1083 scribenti
1669 1018 2123 1084 obversabatur
2151 1019 2416 1106 volgata
2436 1018 2624 1085 lectio

238 1128 441 1195 Hom.
492 1139 547 1193 Π
576 1124 707 1193 207

514 1233 725 1300 ταῦτά
772 1232 840 1311 μ’
888 1231 1418 1309 ἀγειρόμενοι
1466 1231 1618 1306 θάμ’
1669 1231 1970 1314 ἐβάζετε,

237 1346 381 1408 sive
440 1346 698 1427 propter
750 1342 1063 1405 actionem
1112 1337 1474 1422 {identidem
1533 1341 1830 1404 iteratam
1877 1341 2290 1425 participium
2336 1360 2630 1425 praesens

240 1454 415 1515 recte
482 1447 670 1512 habet
688 1495 704 1524 ‚
784 1448 920 1511 sive
989 1466 1140 1511 vera
1206 1444 1394 1510 lectio
1463 1450 1559 1510 est
1636 1466 1829 1531 quam
1905 1445 2188 1511 Wunder
2263 1452 2326 1515 et
2400 1446 2626 1511 Nauck

242 1560 718 1641 proposuerunt

517 1660 729 1724 ταῦτά
778 1681 912 1736 μοι
961 1658 1409 1737 ἀγρόμενοι
1460 1656 1610 1736 θάμ’
1661 1657 1949 1739 ἐβάζετε.

340 1934 497 2003 ΧΠῙ
545 1931 673 1999 317
726 1934 802 1999 de
848 1934 1061 1999 Aenea
1109 1932 1378 1997 dicitur:

518 2036 625 2107 υἷα
671 2041 731 2105 δὲ
781 2041 883 2105 καὶ
934 2041 1171 2119 πατέρα
1226 2039 1383 2120 σφὸν
1433 2038 1800 2121 ἀναρπάξας
1853 2040 2143 2119 Φορέεσκε

519 2148 620 2211 τὸν
669 2145 781 2221 μὲν
832 2146 930 2209 ἐπὶ
983 2145 1231 2210 πλατὺν
1278 2142 1434 2221 ὦμον
1481 2146 1904 2226 ἐφεσσάμενος
1955 2159 2273 2231 κρατερῇσι

518 2254 695 2333 χερσὶ
745 2253 1113 2333 πολυτλῆτῳ
1162 2252 1275 2317 ὑπὸ
1325 2255 1515 2331 γήραΐ
1563 2251 1978 2334 μοχθίζοντα,

522 2361 621 2424 τὸν
668 2362 721 2425 δ’
770 2361 1020 2434 ἀπαλῆς
1073 2361 1303 2435 μάλα
1346 2358 1549 2438 χειρὸς
1600 2360 1990 2441 ἐπιψαόοντα
2039 2360 2290 2425 πόδεσσι

526 2468 714 2546 γαίης
738 2489 752 2505 ·
805 2468 933 2531 κτὲ.

242 2575 379 2640 Pro
424 2575 610 2647 μάλα
654 2572 911 2661 Kochly
959 2575 1225 2638 coniecit
1273 2568 1417 2647 ἅμα
1434 2622 1449 2650 ,
1502 2574 1665 2658 quod
1717 2577 1954 2660 recepit
1990 2574 2483 2651 Zimmermann‚
2525 2573 2634 2639 sed

245 2701 382 2744 non
441 2679 625 2744 video
692 2679 845 2764 quid
905 2699 980 2744 ea
1024 2682 1407 2744 correctione
1452 2678 1797 2758 lucremur,
1848 2682 1903 2746 si
1951 2681 2211 2766 quidem
2259 2680 2633 2744 tenerrimam

246 2785 510 2873 pueruli
569 2806 837 2850 manum
898 2785 1021 2850 dici
1082 2784 1245 2849 nihil
1308 2792 1502 2851 vetat.
1570 2784 1697 2851 Sed
1744 2788 1877 2852 sive
1924 2788 2042 2852 hoc
2087 2790 2222 2852 sive
2267 2786 2431 2851 illud
2477 2786 2635 2873 legi-

248 2914 402 2959 mus
420 2942 437 2971 ,
483 2892 609 2958 loci
654 2898 975 2957 structura
1022 2898 1120 2956 est
1168 2889 1353 2956 valde
1399 2892 1744 2977 impedita,
1793 2896 1942 2978 quia
1989 2897 2328 2979 genetivus
2377 2894 2633 2968 ἁπαλῆς

250 3000 455 3079 χειρὸς
522 3019 824 3083 suspensa
885 3003 982 3063 est
1027 2997 1103 3062 ab
1153 3000 1385 3063 omisso
1432 2998 1647 3084 aliquo
1696 3002 2028 3084 participio
2050 3048 2065 3077 ,
2117 2999 2300 3084 quale
2346 3005 2445 3065 est
2488 3001 2637 3065 ἑλὼν

252 3108 394 3171 sive
464 3104 699 3182 λαβών,
774 3103 941 3189 quod
976 3103 1331 3168 adiectum
1399 3102 1624 3169 malles
1644 3154 1660 3182 ,
1751 3127 2116 3193 praegresso
2189 3104 2636 3183 ἐφεσσάμενος.

252 3212 463 3291 Quare
526 3213 581 3275 si
640 3210 807 3276 male
864 3209 1176 3274 traditum
1240 3216 1337 3275 est
1398 3212 1583 3285 μάλα
1604 3259 1620 3287 ,
1685 3214 1900 3296 potius
1963 3210 2336 3277 crediderim
2383 3218 2638 3297 poetam

251 3321 606 3384 immutata
654 3322 974 3381 structura
1019 3317 1263 3382 dedisse

531 3416 631 3489 τὸν
679 3423 732 3488 δ’
786 3422 1040 3496 ἁπαλῆς
1092 3418 1123 3485 ἕ
1140 3438 1225 3487 λε
1277 3429 1355 3503 (s.
1404 3422 1644 3504 λάβε)
1689 3425 1887 3503 χειρὸς
1937 3424 2066 3487 κτὲ.

352 3674 512 3741 XIII
562 3674 691 3741 393
1770 3674 1890 3738 οὐδ’
1940 3672 2032 3752 ἀρ’
2080 3670 2169 3739 ἔτ’
2220 3672 2366 3747 ἔτλη

532 3783 763 3851 κάλλος
813 3782 943 3846 ἰδὼν
992 3782 1269 3861 ἀρίδηλον
1318 3778 1419 3844 ἐπὶ
1470 3778 1648 3860 ξίφος
1699 3780 1920 3861 αὐχένι
1967 3782 2276 3861 κύρσαι.

258 3887 563 3954 Imitatur
609 3887 881 3967 Quintus
929 3884 1110 3951 Diad.
1162 3895 1219 3951 Ψ
1247 3886 1374 3952 821

534 3995 663 4058 αἰὲν
712 3991 815 4057 ἐπ’
864 3993 1086 4072 αὐχένι
1138 3997 1274 4071 κῦρε
1322 3998 1576 4070 Φαεινοῦ
1626 3993 1821 4069 δουρὸς
1873 3996 2113 4073 ἀκωκῇ,

260 4100 547 4189 neglexit
608 4108 826 4166 autem
887 4099 1091 4165 dicere
1110 4148 1126 4177 ‚
1178 4099 1344 4185 quod
1390 4098 1759 4165 Menelaum
1807 4100 2027 4165 fecisse
2075 4102 2292 4187 arguit
2337 4118 2430 4165 vs.
2483 4099 2634 4179 403,

261 4230 413 4274 eum
473 4208 658 4272 humi
722 4208 1019 4272 abiecisse
1078 4204 1371 4293 gladium
1385 4254 1401 4283 ‚
1465 4206 1633 4292 quod
1677 4209 1744 4271 in
1791 4207 2234 4293 Aristophanis
2280 4205 2639 4294 Lysistrata

264 4314 421 4381 dicit
480 4314 779 4399 Lampito
826 4334 924 4379 vs.
977 4312 1104 4378 156
1132 4334 1222 4399 sq.
1272 4310 1369 4380 Of.
1418 4312 1700 4399 Epitom.
1749 4312 1890 4378 Vat.
1939 4334 2018 4379 ex
2067 4311 2277 4398 Apoll.
2327 4312 2490 4379 Bibl.
2545 4314 2642 4381 ed.

265 4420 550 4508 Wagner
597 4440 747 4507 pag.
797 4418 929 4485 239
955 4440 1045 4505 sq.
