3192 5009
587 271 719 340 374
1583 287 1940 340 vanamne.

670 459 842 524 Huic
888 458 1330 544 explicationi,
1382 478 1541 542 quae
1586 458 1715 522 fere
1766 456 2006 541 placuit
2065 453 2416 522 Glasero
2463 458 2530 520 in
2579 454 2844 521 editione
2887 475 2936 520 a.

585 562 778 643 1876,
835 571 1083 650 praeter
1134 563 1299 629 illud
1346 565 1549 627 dulces
1587 585 1702 650 pro
1742 563 2041 640 dulcibus,
2085 564 2362 628 obicitur
2399 563 2568 648 quod
2605 562 2749 628 ficta
2785 563 2938 626 fabu-

577 669 749 736 latur
799 671 873 735 de
921 671 1171 735 diversa
1218 675 1549 754 pastorum
1595 671 1988 754 experientia
2034 671 2104 732 in
2143 690 2359 734 amore
2378 716 2394 746 ,
2435 688 2587 734 cum
2625 666 2798 732 nullo
2834 666 2940 730 dis-

576 778 840 842 crimine
900 773 1046 840 suos
1090 778 1360 859 quisque
1408 793 1656 838 amores
1705 773 2040 852 extulerit,
2091 773 2434 839 adversarii
2481 773 2910 838 detrectaverit
2925 792 2939 850 3

576 880 847 967 denique
893 880 1063 965 quod
1107 887 1356 965 praeter
1402 878 1690 944 aemulos
1728 899 1916 944 nemo
1958 901 2088 945 non
2127 879 2338 945 vitula
2375 880 2611 966 dignus
2648 878 2940 964 praedica-

577 992 685 1051 tur
701 1037 717 1064 ,
766 990 877 1072 qui
924 989 1135 1052 nescio
1185 986 1339 1071 quid
1386 988 1453 1050 in
1502 1005 1718 1050 amore
1769 993 1882 1049 aut
1926 987 2236 1050 metuerit
2282 990 2396 1049 aut
2440 991 2738 1070 expertus
2781 986 2878 1048 sit.

666 1093 849 1159 Hanc
897 1100 1290 1182 postremam
1338 1093 1892 1177 reprehensionem
1938 1093 2050 1176 qui
2097 1095 2301 1156 vitare
2347 1095 2648 1177 cupiunt,
2701 1092 2780 1155 iis
2831 1089 2942 1154 alia

573 1203 735 1265 ratio
796 1199 1017 1264 relicta
1064 1220 1189 1264 non
1236 1198 1494 1264 videtur
1511 1247 1528 1275 ,
1594 1200 1720 1262 nisi
1765 1204 1842 1261 ut
1885 1199 2229 1284 seiungant
2277 1199 2624 1262 sententias
2668 1195 2941 1261 alteram-

575 1327 697 1391 que
760 1326 982 1371 earum
1000 1355 1016 1382 ,
1082 1313 1139 1368 et
1186 1305 1494 1390 quisquis.
1529 1353 1542 1367 .
1578 1353 1590 1367 .
1624 1353 1637 1367 .
1689 1297 1938 1380 anim-oe,
1988 1304 2262 1369 habeant
2307 1323 2422 1387 pro
2469 1301 2652 1368 effato
2699 1306 2906 1388 poetae
2925 1348 2940 1376 ,

572 1412 905 1476 scribentis
952 1411 1221 1495 quisquis
1266 1431 1379 1496 pro
1427 1410 1674 1495 quisque
1721 1417 1787 1474 et
1830 1409 2137 1474 lectorem
2188 1411 2504 1474 monentis
2553 1429 2757 1493 „opus
2789 1417 2939 1481 6666,

574 1522 648 1608 ut
694 1519 961 1602 quisque
1008 1518 1215 1580 amori
1261 1515 1432 1579 dulci
1482 1514 1763 1592 diffidat,
1823 1518 1946 1579 nisi
1995 1535 2290 1580 amarum
2338 1535 2491 1580 eum
2537 1516 2807 1600 experiri
2848 1532 2942 1576 ve-

572 1623 718 1688 lit'’.
786 1621 952 1688 Nam
1001 1625 1091 1687 sic
1140 1621 1299 1687 olim
1362 1621 1763 1698 Bothius,
1827 1642 2033 1706 neque
2078 1620 2265 1686 aliter
2309 1642 2512 1706 nuper
2573 1617 2942 1706 Naegels-

571 1729 927 1794 bachius
974 1731 1043 1792 in
1091 1729 1413 1793 notissimi
1460 1727 1610 1792 libri
1660 1727 1936 1792 editione
1977 1747 2035 1791 a.
2084 1725 2253 1792 1881
2301 1751 2364 1814 p.
2409 1724 2574 1791 525:
2629 1726 2831 1804 „daun
2865 1727 2942 1788 ist

576 1835 732 1912 „das
776 1855 975 1919 ganze
1023 1853 1091 1897 so
1139 1832 1269 1898 viel
1318 1831 1446 1897 als-t
1496 1839 1555 1894 et
1602 1833 1846 1917 quisque
1893 1855 2116 1896 amores
2163 1833 2286 1896 m'ei
2323 1839 2537 1896 metuet
2576 1831 2777 1896 dulces
2788 1878 2806 1909 ‚
2859 1852 2944 1892 ex·

562 1940 839 2023 periatur
885 1939 1192 2016 amaros’',
1242 1941 1348 2004 cui
1396 1941 1622 2003 annuit
1668 1937 1920 2004 Thilo
1963 1941 2033 2002 in
2069 1938 2222 2004 edit.
2264 1937 2537 2025 Vergilii
2578 1959 2634 2004 a.
2682 1936 2848 2003 1886
2885 1959 2941 2022 p.

573 2047 827 2124 XXIII,
870 2067 1022 2112 cum
1058 2049 1191 2111 iam
1224 2052 1411 2111 antea
1447 2045 1846 2131 Ladewig
1885 2049 1978 2110 ita
2015 2047 2346 2111 vertisset:
2391 2067 2562 2123 „wer
2595 2045 2708 2111 der
2737 2044 2944 2110 Minna

576 2153 771 2231 „Reiz
834 2153 1014 2217 nicht
1075 2152 1254 2217 flieht
1273 2200 1290 2231 ,
1354 2152 1514 2216 wird
1574 2152 1739 2217 auch
1805 2151 1944 2218 ihre
1999 2151 2346 2216 Bitterkeit
2389 2151 2811 2216 schmecken’'
2830 2199 2846 2228 ‚
2889 2154 2946 2214 et

570 2258 1070 2324 haesitabundus
1113 2259 1217 2324 his
1258 2256 1691 2342 adstipulatus
1731 2261 1898 2322 esset
1944 2258 2143 2321 etiam
2189 2256 2646 2324 Kolsterus
2692 2260 2762 2320 in
2796 2256 2841 2321 l.
2879 2255 2944 2320 (16

570 2364 841 2452 Vergilii
886 2350 1146 2450 Eclogis
1194 2384 1248 2429 a.
1303 2361 1478 2428 1882
1528 2363 1699 2428 edito
1721 2413 1736 2440 ,
1783 2385 1846 2448 p.
1901 2361 1986 2428 55
2037 2385 2128 2449 sq.
2173 2362 2273 2428 Ita
2309 2367 2441 2429 iam
2481 2385 2683 2450 paene
2722 2367 2946 2429 invete-

568 2474 737 2536 ravit
783 2472 996 2556 opinio
1043 2463 1411 2556 Vergilium
1455 2469 1725 2534 edidisse
1772 2469 1835 2533 h.
1861 2468 1905 2532 1.
1955 2469 2224 2554 quisquis
2271 2490 2383 2555 pro
2432 2470 2698 2555 quisque.

661 2575 786 2641 Sed
824 2596 948 2660 quo
988 2562 1402 2641 fundamento
1439 2575 1593 2640 haec
1635 2577 1864 2639 nititur
1904 2582 1970 2642 et
1998 2575 2248 2660 quando
2273 2583 2423 2640 nata
2445 2573 2582 2641 est?
2619 2575 2777 2642 Loci
2801 2575 2944 2641 olim

566 2681 839 2746 adhibiti
874 2679 953 2745 ad
992 2682 1162 2746 hunc
1200 2682 1475 2746 abusum
1516 2679 1968 2745 stabiliendum
2009 2701 2046 2744 a
2083 2679 2378 2746 Manutio
2417 2681 2775 2747 Forcellino
2810 2681 2944 2747 aliis

563 2791 699 2852 iam
744 2785 993 2872 pridem
1039 2785 1359 2871 repudiati
1406 2791 1557 2850 sunt
1594 2787 1700 2866 (cf.
1749 2785 2204 2873 Forbigeri
2252 2786 2578 2853 adnotatio
2619 2787 2702 2852 ad
2741 2788 2805 2852 h.
2842 2786 2941 2864 1.),

566 2893 677 2957 sed
722 2898 1068 2978 provocant
1112 2913 1281 2958 nunc
1346 2892 1476 2957 fere
1540 2913 1761 2956 omnes
1825 2892 1905 2956 ad
1969 2893 2034 2957 M
2051 2912 2088 2956 a
2106 2892 2206 2956 dv
2223 2894 2388 2978 igii
2449 2893 2944 2978 disputationem

502 2999 509 3004 ”
564 3002 635 3062 111
699 2997 794 3062 ed.
860 2994 1180 3063 Ciceronis
1240 2997 1309 3061 11.
1369 2997 1446 3062 (16
1494 2997 1602 3061 1111.
1649 3021 1711 3082 p.
1767 2994 1917 3061 655.
1986 2996 2229 3062 Verum
2275 2996 2386 3062 ille
2433 2997 2590 3082 quid
2636 2993 2944 3064 ostendit?

566 3103 831 3168 Temere
890 3101 1122 3168 latinos
1184 3103 1461 3168 alterum
1522 3123 1871 3187 pronomen
1933 3104 2220 3187 posuisse
2283 3124 2399 3189 pro
2465 3100 2712 3168 altero?
2777 3101 2946 3168 Nihil

566 3213 801 3274 minus.
850 3210 1094 3273 Ansam
1140 3208 1401 3293 quidem
1446 3209 1744 3293 praebuit
1783 3208 1933 3273 huic
1975 3212 2174 3274 errori
2213 3230 2326 3294 per
2362 3210 2638 3274 formam
2676 3209 2947 3295 disputa-

566 3318 762 3380 tionis
781 3363 797 3392 ,
863 3314 973 3380 sed
1032 3314 1325 3400 exempla
1388 3314 1553 3379 nihil
1601 3315 1873 3399 probant
1916 3317 2044 3380 nisi
2092 3315 2212 3380 hoc
2231 3365 2247 3394 ,
2297 3315 2465 3401 quod
2510 3314 2707 3403 longe
2756 3316 2947 3382 diver-

566 3441 713 3486 sum
769 3425 899 3497 est,
964 3423 1241 3486 inveniri
1286 3420 1573 3506 quicquid
1618 3441 1733 3505 pro
1784 3421 2044 3506 quidque
2089 3424 2158 3486 in
2201 3421 2346 3508 lege
2391 3420 2628 3487 Thoria
2674 3429 2742 3489 et
2787 3421 2946 3509 apud

566 3524 907 3603 Catonem,
960 3525 1333 3590 Lucretium
1352 3574 1369 3602 ,
1417 3523 1824 3602 Ciceronem3
1877 3534 2069 3610 atque
2117 3526 2426 3592 Plautum
2474 3535 2540 3592 et
2577 3526 2946 3594 Terentium

565 3630 765 3697 semel
816 3639 1167 3717 utrumque
1222 3634 1546 3717 scripsisse
1584 3655 1766 3695 unum
1803 3633 2106 3716 quicquid.
2151 3633 2375 3718 Neque
2408 3634 2562 3699 haec
2601 3634 2944 3720 disputatio

563 3739 787 3804 fucum
834 3737 984 3803 fecit
1031 3735 1432 3802 Kolstero
1452 3786 1467 3815 ,
1520 3740 1633 3822 qui
1680 3738 2026 3822 prudenter
2071 3742 2302 3804 statuit
2346 3742 2462 3804 uni
2506 3739 2795 3826 Vergilio
2835 3741 2945 3806 hoc

562 3867 689 3911 uno
749 3844 887 3910 loco
950 3845 1223 3909 abusum
1284 3844 1549 3910 fortasse
1612 3843 2070 3929 imputandum
2132 3867 2268 3911 esse
2287 3894 2304 3924 ,
2369 3849 2425 3911 si
2487 3845 2722 3912 saltem
2777 3845 2946 3912 nulla

564 3952 746 4017 nobis
793 3949 1152 4037 explicandi
1199 3951 1395 4014 huius
1440 3949 1562 4016 loci
1609 3954 1719 4016 via
1762 3949 2161 4036 relinquatur
2207 3953 2335 4016 nisi
2377 3952 2551 4017 haec.

654 4057 781 4122 Sed
824 4057 920 4122 fac
966 4057 1235 4142 quisquis
1275 4057 1425 4122 ferri
1464 4078 1649 4142 posse
1688 4078 1801 4142 pro
1841 4057 2118 4143 quisque,
2160 4078 2368 4123 nonne
2407 4061 2499 4123 sic
2539 4061 2748 4124 oritur
2785 4057 2946 4124 clau-

561 4162 704 4228 sula
763 4165 931 4228 inter
990 4161 1395 4228 dulcissimos
1454 4183 1677 4227 versus
1739 4165 1932 4248 panni
1985 4166 2187 4227 assuti
2243 4162 2579 4229 simillima
2595 4211 2614 4241 ‚
2663 4183 2945 4250 quaeque

558 4268 789 4334 referat
834 4269 1098 4356 Pythici
1144 4271 1465 4354 praecepti
1509 4271 1902 4356 gravitatem
1941 4269 2239 4354 rigidam,
2282 4290 2319 4333 a
2356 4271 2697 4356 pastoricio
2735 4269 2946 4357 lepore

557 4383 621 4441 et
685 4373 1097 4459 simplicitate
1159 4396 1416 4460 prorsus
1464 4373 1783 4441 alienam?
1865 4374 2006 4440 Non
2077 4381 2295 4442 autem
2369 4375 2624 4441 tollitur
2691 4379 2946 4462 ineptus
