3192 5009
347 947 1040 1042 SPIClLEGIUM
1099 911 1991 1038 OBSERVATIONUM
2054 944 2716 1036 CRITICARUM

845 1089 986 1178 AD
1047 1085 1678 1177 SCRJPTORES
1735 1083 2232 1175 GRAECOS.

1405 1291 1653 1333 sempsrr

1065 1448 1144 1517 G.
1192 1449 1286 1514 M.
1337 1446 1986 1514 SAKORRAPHUS.

1297 1749 1723 1793 „wgo-200„—

898 2015 1257 2080 Amn’non.
1305 2014 1694 2079 Annocmss.
1741 2011 2156 2080 Tumsrms.

425 2195 626 2261 Nobis
697 2199 808 2282 qui
869 2196 1058 2262 hodie
1103 2203 1246 2282 post
1289 2195 1535 2262 labores
1583 2201 1912 2262 tantorum
1958 2200 2251 2261 virorum
2296 2203 2502 2262 artem
2548 2199 2717 2262 criti-

335 2323 479 2368 cam
524 2323 889 2368 exercemus
932 2301 1096 2368 illud
1143 2301 1250 2368 vel
1292 2305 1571 2368 maxime
1620 2303 1974 2369 cavendum
2020 2324 2153 2369 esse
2198 2301 2393 2367 multi
2438 2310 2713 2381 censent,

332 2431 413 2475 ne
472 2413 540 2474 in
602 2431 796 2495 quam
859 2413 1286 2475 coniecturam
1348 2411 1425 2474 ab
1491 2409 1618 2475 alio
1677 2414 1812 2475 iam
1858 2412 2287 2497 excogitatam
2334 2409 2710 2474 incidamus.

333 2515 458 2582 Sed
503 2517 625 2581 hoc
669 2537 798 2581 non
841 2519 935 2580 ita
976 2515 1320 2602 indignum
1367 2516 1609 2581 facinus
1655 2537 1692 2581 a
1736 2538 1841 2582 me
1886 2516 2177 2581 habetur.
2227 2516 2392 2595 Quid
2440 2517 2711 2580 sentiam

335 2622 546 2687 dicam
612 2643 737 2687 non
805 2624 966 2687 meis
1026 2622 1135 2687 sed
1195 2625 1731 2707 praestantissimi
1792 2622 1843 2686 Ι.
1892 2643 2017 2687 van
2066 2622 2403 2687 Leeuweni
2464 2622 2674 2686 verbis
2694 2671 2708 2698 ,

336 2748 495 2814 quae
553 2728 719 2792 mihi
779 2735 1060 2813 repetere
1124 2732 1184 2808 (e
1245 2727 1560 2793 MnemOS.
1624 2726 1797 2794 1886
1845 2750 1906 2813 p.
1960 2727 2117 2808 361)
2162 2747 2273 2813 per
2299 2727 2711 2813 elegantissi-

334 2855 520 2899 mum
588 2837 807 2898 virum
874 2833 1098 2899 liceat:
1173 2833 1429 2911 „mium
1494 2834 1663 2898 κοινὰ
1726 2840 1842 2897 τῶν
1904 2835 2103 2912 φίλων
2167 2840 2231 2897 et
2293 2835 2529 2898 amicos
2576 2853 2712 2898 esse

331 2961 552 3006 censeo
620 2962 840 3006 omnes
903 2943 1015 3026 qui
1076 2942 1308 3006 horum
1373 2941 1737 3006 studiorum
1798 2943 2127 3005 communi
2189 2939 2447 3004 vinculo
2506 2942 2710 3004 iuncti

331 3053 514 3126 sunt,
574 3068 777 3132 neque
839 3049 982 3132 quis
1055 3046 1303 3131 quando
1367 3047 1601 3112 dixerit
1649 3049 1897 3132 primus
1915 3095 1932 3124 ,
1982 3047 2213 3112 referre
2261 3046 2552 3123 arbitror,
2600 3045 2710 3110 sed
2774 3115 2783 3124 ‚

331 3174 524 3240 quam
570 3174 718 3218 vere
763 3152 1009 3218 dictum
1053 3152 1204 3217 sit.’'

419 3259 770 3325 Veritatem
828 3261 1033 3345 igitur
1093 3264 1348 3324 tantum
1408 3259 1877 3327 consideremus
1900 3309 1915 3337 ,
1981 3280 2132 3324 nam
2196 3261 2307 3344 qui
2368 3257 2532 3322 bono
2577 3260 2708 3321 otio

330 3366 629 3431 abutetur
691 3365 763 3429 ad
827 3363 1212 3430 revolvenda
1271 3368 1462 3430 unius
1520 3367 1829 3449 cuiusque
1877 3368 2112 3450 scripta
2158 3385 2382 3429 verens
2430 3385 2507 3428 ne
2554 3364 2707 3460 quid

331 3473 528 3550 dicat,
580 3471 746 3557 quod
793 3473 869 3536 ab
917 3471 1043 3536 alio
1090 3474 1220 3537 iam
1269 3479 1651 3557 occupatum
1698 3475 1816 3549 sit,
1857 3474 1913 3535 is
1952 3471 2117 3535 mihi
2157 3492 2280 3535 non
2316 3469 2707 3536 intellexisse

328 3578 586 3644 videtur
637 3579 830 3643 breve
889 3598 1025 3643 esse
1086 3581 1392 3664 temporis
1439 3581 1723 3664 spatium
1742 3627 1757 3655 ,
1809 3576 1979 3663 quod
2026 3577 2204 3642 nobis
2252 3597 2289 3640 a
2335 3583 2563 3640 natura
2610 3582 2708 3641 est

328 3705 728 3761 concessum,
795 3689 860 3748 et
918 3686 987 3749 in
1047 3685 1235 3748 rebus
1295 3683 1635 3748 inutilibus
1698 3685 1768 3748 τὸ
1818 3685 2312 3756 πολυτιμότατον
2360 3681 2704 3761 ἀνάλωμα,

326 3797 403 3855 ut
461 3795 630 3855 recte
695 3797 949 3876 tempus
995 3789 1344 3876 appellavit
1390 3790 1719 3874 Antiphon
1769 3791 2086 3875 sophista,
2133 3811 2261 3854 non
2307 3811 2442 3855 esse
2488 3811 2707 3854 consu-

327 3897 654 3962 mendum.
704 3894 907 3963 Caute
953 3918 1121 3962 nunc
1167 3917 1510 3982 pergamus
1557 3897 1637 3960 ad
1684 3897 2145 3981 Antiphontem
2190 3902 2521 3963 oratorem.

417 4002 468 4079 Ι,
511 4002 572 4066 2.
625 4005 658 4076 ἦ
707 4003 833 4082 γὰρ
879 4002 1046 4081 τύχη
1094 4005 1197 4067 καὶ
1248 4002 1422 4066 αὐτοὶ
1470 3999 1629 4065 οὗτοι
1680 4001 2047 4078 ἠνάγκασαν
2098 4003 2227 4078 ἐμοὶ
2269 4002 2413 4082 πρὸς
2454 4003 2701 4076 τούτους

325 4107 548 4178 αὐτοὺς
587 4110 687 4173 τὸν
729 4109 944 4185 ἀγῶνα
987 4116 1400 4182 καταστῆναι.
1443 4107 1705 4173 Falsum
1747 4129 1882 4174 esse
1924 4111 2025 4171 τὸν
2067 4110 2281 4187 ἀγῶνα
2308 4117 2701 4182 καταστῆναι

323 4221 602 4292 constat;
651 4213 1062 4301 Hirschigius
1102 4219 1167 4280 et
1207 4212 1488 4281 Cobetus
1525 4221 1994 4300 proposuerunt
2032 4216 2113 4284 εἷς
2140 4218 2357 4293 ciret-m
2382 4240 2439 4280 κ.
2486 4217 2701 4282 Possis

324 4328 390 4387 et
436 4323 518 4390 εἷς
568 4319 739 4386 τόνδε
788 4321 890 4386 τὸν
937 4324 1158 4398 ἀγῶνα
1207 4346 1264 4385 κ.
1311 4321 1416 4396 (cf.
1471 4333 1640 4398 A,y‚
1694 4320 1761 4401 6)
1808 4324 2133 4386 conficere.

415 4427 465 4506 Ῑ,
495 4427 555 4494 3.
597 4436 934 4508 τιμωρῆσαι
979 4433 1207 4507 πρῶτον
1233 4427 1345 4505 μὲν
1371 4435 1495 4498 τοῖς
1525 4427 1723 4504 νόμοις
1748 4435 1875 4501 τοῖς
1904 4429 2209 4506 ὑμετέροις
2238 4467 2321 4478 -—-
2349 4428 2617 4509 δεύτερον
2642 4429 2697 4494 δ’
