3192 5009
1270 238 1493 288 varo.
2454 221 2584 289 337

254 409 424 476 λύπας
465 405 561 468 καὶ
609 404 873 484 ἀργούς,
924 405 1143 474 αὐτοὺς
1193 404 1257 468 δὲ
1306 407 1466 478 πλην
1516 411 1963 486 χρηματισμοῦ
2013 411 2129 470 τῶν
2181 404 2390 470 ἄλλων
2438 407 2583 482 ἥμε-

253 511 506 587 ληκὸτας,
567 511 669 577 καὶ
736 510 901 575 οὐδὲν
950 511 1141 574 πλείω
1190 511 1548 587 ἐπιμέλειαν
1594 512 2031 589 πεποιημένους
2081 514 2302 592 οὶρετῆς
2353 513 2388 588 ἢ
2440 512 2579 582 τοὺς

252 617 492 692 πένητας.
539 614 662 682 Sed
707 619 961 682 omissis
1006 620 1073 680 in
1118 618 1435 702 prioribus
1483 639 1646 704 quae
1691 618 2029 705 cogitando
2079 618 2364 703 suppleri
2411 624 2582 704 pote·

251 731 389 800 rant,
444 725 747 811 posterior
804 722 928 787 loci
989 743 1135 808 pars
1182 722 1474 788 alacriter
1519 724 1733 789 induit
1778 724 1942 789 hanc
1991 725 2268 790 formam
2317 728 2580 790 interro-
2631 775 2638 782 .

248 833 521 916 gativam:
562 825 657 910 ἄρ’
699 831 764 894 οὖ
804 835 1165 910 τρυφῶντας
1194 867 1277 877 -
1305 829 1407 892 καὶ
1458 829 1722 910 αργούςς
1768 831 1855 894 Τί
1896 831 2056 909 μήν;
2109 831 2346 902 Αὐτοὺς
2396 831 2461 917 δξ
2489 868 2574 879 -

248 935 429 1008 ἢτοὺς
471 936 772 1014 πένητας;
829 937 923 999 Οὔ
971 935 1099 1014 γὰρ
1145 929 1264 999 οὖν.
1697 939 1700 942 ’

311 1042 373 1106 Ρ.
418 1039 537 1106 557
564 1040 637 1108 C.
688 1041 1061 1117 Κινδυνεύει,
1112 1036 1179 1116 ἦν
1226 1039 1277 1105 δ’
1325 1040 1482 1118 ἐγώ,
1533 1043 1846 1116 καλλίστη
1898 1039 2057 1118 αὕτη
2098 1049 2212 1107 τῶν
2251 1048 2575 1108 πολιτειῶν

246 1143 393 1210 εἶναι·
436 1144 625 1225 ὥσπερ
676 1145 921 1224 ἷμοὶτιον
972 1145 1349 1212 ποικίλον
1397 1151 1586 1213 πᾶσιν
1637 1145 1839 1212 ἄνθεσι
1891 1150 2382 1227 πεποικιλμένον,
2424 1147 2575 1215 οὕτω

244 1253 323 1316 καὶ
374 1251 522 1327 αῦτη
583 1257 774 1318 πᾶσιν
836 1251 997 1327 ἤθεσι
1048 1256 1492 1330 πεποικιλμένη
1546 1255 1858 1328 καλλίστη
1913 1255 1990 1319 ἂν
2041 1254 2345 1333 φαίνοιτο.
2399 1252 2580 1321 Glos-

242 1361 393 1423 satori
433 1359 726 1425 reddatur
772 1360 1059 1436 ποικίλον,
1110 1358 1279 1444 quod
1325 1365 1391 1424 et
1434 1381 1549 1445 per
1592 1382 1660 1425 se
1709 1363 1922 1446 inepte
1966 1361 2246 1425 abundat
2286 1367 2349 1425 et
2393 1366 2575 1429 nocet

244 1468 531 1530 concinnae
576 1465 701 1530 loci
747 1468 1214 1550 compositioni.

309 1569 370 1634 P.
416 1568 637 1637 5600.
692 1569 838 1650 'Ap’
885 1564 984 1636 οὖν
1033 1573 1097 1635 οὐ
1148 1570 1339 1634 πάλιν
1388 1595 1456 1634 τε
1504 1572 1591 1642 εἷς
1642 1571 1898 1643 ἐκείνους
1949 1571 2087 1643 τοὺς
2139 1573 2572 1649 Λωτοφάγους

240 1675 386 1739 ἐλθὼν
421 1683 685 1756 Φανερῶς
732 1684 1010 1741 κατοικεῖ
1043 1677 1291 1752 (ἐκεῖ).
1332 1675 1702 1742 Necessaria
1739 1699 1868 1742 vox
1907 1699 2020 1742 cur
2059 1680 2339 1763 perierit,
2375 1678 2574 1743 videS.

309 1780 369 1844 P.
414 1780 532 1846 561
560 1804 692 1868 sqq.
741 1781 956 1847 Multa
1000 1785 1069 1847 in
1114 1783 1216 1846 bis
1261 1782 1610 1847 Alcibiadis
1652 1785 1858 1848 vitam
1893 1804 2230 1869 moresque
2275 1790 2575 1849 revocant

238 1888 290 1949 in
328 1891 687 1954 memoriam
704 1939 721 1966 ,
772 1909 1048 1974 eumque
1094 1891 1471 1974 praesertim
1518 1887 1777 1953 Platoni
1827 1877 2239 1955 obversatiim
2289 1911 2423 1955 esse
2471 1891 2574 1955 ad-

236 1993 462 2059 modum
504 1995 759 2061 videtur
803 1994 1147 2081 probabile.

306 2099 370 2163 P.
412 2099 537 2165 558
561 2101 638 2166 A.
688 2099 784 2166 De
830 2103 1063 2166 vitiosa
1108 2100 1303 2165 huius
1346 2099 1473 2164 loci
1518 2102 1977 2188 compositione
2025 2101 2132 2186 egi
2177 2099 2420 2166 Mnem.
2447 2100 2574 2165 XII

234 2226 286 2289 p.
328 2204 463 2283 328,
511 2207 622 2272 ubi
669 2212 839 2273 recte
885 2205 1469 2287 καταψηφισθέντος
1512 2209 1754 2270 correxi
1793 2226 1905 2291 pro
1946 2206 2569 2286 καταψηφισθέντων,

234 2311 323 2375 sed
358 2315 418 2377 in
462 2314 706 2398 reliqua
752 2312 1190 2378 emendatione
1236 2311 1333 2376 fui
1378 2315 1549 2377 iusto
1596 2313 1956 2378 violentior.
2007 2312 2124 2377 Est
2170 2319 2389 2378 autem
2437 2334 2571 2398 per-

232 2415 432 2494 facilis,
474 2405 625 2483 nam
672 2418 879 2483 deleta
924 2417 1151 2503 copula
1198 2422 1345 2482 ante
1390 2418 1466 2489 ὥς
1516 2423 1583 2482 et
1621 2423 1901 2482 correcta
1937 2420 2446 2503 interpunctione
2485 2423 2574 2484 sic

232 2523 623 2589 scribendum:
696 2522 731 2598 ἢ
798 2524 962 2588 οὔπω
1011 2519 1169 2596 εἶδες
1220 2524 1280 2587 ἐν
1326 2525 1587 2606 τοιαύτη
1636 2526 1959 2606 πολιτεία,
2009 2525 2326 2603 ἀνθρώπων
2373 2549 2574 2590 κατα·

232 2629 596 2707 ψηφισθέντος
645 2628 910 2693 θανάτου
959 2629 993 2701 ἢ
1039 2633 1288 2709 φυγῆς,
1340 2629 1504 2693 οὐδὲν
1544 2625 1722 2704 ἦττον
1763 2631 1963 2693 αὐτῶν
2005 2630 2305 2706 μενόντων
2348 2655 2416 2717 τε
2464 2633 2569 2696 καὶ

231 2731 736 2815 ἀναστρεφομένων
784 2736 843 2799 ἐν
889 2733 1090 2817 μέσῳ,
1138 2737 1216 2806 ὦς
1263 2733 1405 2798 οὔτε
1451 2734 1869 2815 φροντίζοντος
1917 2732 2058 2798 οὔτε
2098 2735 2339 2815 ὁρῶντος
2401 2737 2569 2817 (ὀροῖν

230 2836 559 2923 δοκοῦντοςῗ)
599 2839 830 2913 οὐδενὸς
870 2846 1487 2920 περινοστοῦσιν
1537 2837 1794 2920 ὥσπερ
1843 2837 2115 2921 ἥρωες-ς
2167 2841 2271 2905 καὶ
2301 2843 2566 2917 πολλούς

230 2945 300 3019 γ’,
332 2943 439 3026 ἔφη
478 2951 587 3027 (sc.
633 2943 795 3011 εἶδον
842 2950 1341 3027 περινοστοῦν-τας
1392 2943 1454 3010 ὅ.
1508 2943 1612 3025 ἦ.).
1662 2945 1764 3010 Ita
1808 2945 1986 3011 locus
2032 2947 2571 3033 expeditissimus·

301 3049 364 3114 P.
408 3049 529 3119 571
558 3049 629 3120 G.
680 3051 833 3118 ἱέναι
880 3056 993 3118 vix
1042 3074 1271 3119 sanum
1318 3051 1593 3117 videtur.

300 3157 362 3221 P.
408 3157 531 3225 575
555 3159 633 3224 A.
699 3157 830 3224 Κᾶν
890 3159 1007 3236 μέν
1053 3183 1135 3235 γε
1182 3196 1267 3208 --
1317 3158 1513 3236 ὀλίγοι
1563 3160 1614 3223 οἱ
1663 3162 1916 3222 τοιοῦτοι
1967 3163 2028 3223 έν
2078 3158 2257 3223 πόλει
2307 3155 2412 3224 ὦσι
2463 3163 2568 3227 καὶ

229 3263 285 3325 τὸ
334 3261 475 3330 ἄλλο
539 3265 769 3339 πλῆθος
832 3272 1144 3347 σωφρονῇ,
1206 3263 1549 3341 ἐξελθόντες
1612 3261 1805 3329 ἄλλον
1851 3264 1987 3328 τινὰ
2039 3266 2420 3346 δορυφοροῦσι
2471 3269 2572 3333 τύ-

230 3387 392 3442 ραννον
436 3370 469 3444 ἢ
515 3370 733 3448 μισθοῦ
782 3370 1207 3451 ἐπικουροῦσιν,
1260 3370 1367 3435 έοὶν
1415 3395 1530 3434 που
1578 3369 1850 3447 πόλεμος
1900 3368 1969 3451 ᾖ·
2023 3371 2129 3435 ἐὰν
2173 3370 2227 3435 δ’
2273 3373 2332 3434 έν
2374 3374 2568 3455 εἰρήνη

228 3493 283 3534 τε
336 3476 423 3540 καὶ
489 3476 725 3560 ἡσυχία
783 3477 1118 3554 γένωνται,
1168 3479 1357 3542 αὐτοῦ
1409 3477 1479 3550 δη
1528 3477 1587 3540 έν
1636 3487 1712 3559 τῇ
1765 3478 1941 3542 πόλει
1992 3477 2172 3556 (haec
2217 3481 2342 3542 tria
2389 3501 2571 3545 voca—

228 3576 351 3644 bula
400 3584 611 3649 abesse
676 3582 928 3665 malim)
976 3583 1145 3648 κακὰ
1192 3584 1366 3662 δρῶσι
1415 3581 1651 3660 σμικρὰ
1701 3581 1934 3647 πολλοὶ.
1992 3583 2096 3646 To}
2148 3591 2298 3647 ποῖα
2349 3583 2420 3659 δη
2471 3585 2569 3650 λέ-

228 3705 361 3764 γεις
406 3684 531 3754 Οἷα
576 3687 949 3766 κλέπτουσι,
996 3693 1479 3770 τοιχωρυχοῦσι,
1527 3688 2094 3767 βαλαντιοτομοῦσι
2145 3689 2212 3768 (1.
2254 3691 2432 3767 βαλλ
2461 3741 2474 3754 .
2502 3698 2566 3770 .),

226 3792 649 3873 λωποδυτοῦσιν,
710 3796 1134 3875 ἱεροσυλοῦσιν,
1199 3793 1756 3875 ἀνδραποδίζονται.
1811 3794 2054 3872 Σμικροὶ
2106 3797 2170 3873 γ’
2223 3795 2346 3875 ἔφη
2398 3800 2566 3862 κακὰ

228 3895 401 3973 λέγεις
454 3903 590 3985 [ἐὰν
650 3903 845 3980 ὀλίγοι
896 3899 1034 3969 ὦσιν
1082 3903 1133 3966 01
1181 3905 1483 3985 τοιοῦτοι].
1536 3901 1645 3967 Ta}
1693 3901 1818 3981 γὰρ
1868 3900 2136 3982 σμικροὶ,
2188 3899 2255 3976 ἦν
2304 3903 2357 3966 δ’
2407 3903 2566 3981 ἐγώ,

231 4003 349 4080 πρὸς
388 4006 463 4071 τὰ
512 4007 742 4087 σμικρά
793 4009 924 4072 ἐστι
974 4009 1099 4072 κτὲ.
1150 4007 1355 4073 Verba
1401 4029 1562 4093 quae
1603 4028 1640 4072 a
1676 4007 2046 4094 magistello
2087 4030 2165 4074 ex
2202 4011 2398 4074 huius
2439 4010 2566 4076 loci

227 4108 380 4176 initio
418 4115 810 4200 ineptissime
855 4117 1129 4200 repetita
1173 4116 1425 4178 uncinis
1472 4116 1680 4199 saepsi
1726 4135 1916 4179 nemo
1963 4136 2091 4179 non
2140 4117 2332 4180 sentit
2373 4135 2567 4201 quan-

232 4217 411 4300 topere
466 4219 761 4308 frangant
806 4222 945 4286 vim
990 4223 1302 4286 ironicam
1349 4219 1831 4286 exclamationis
1879 4217 2262 4286 Glauconis:
2316 4221 2563 4304 Σμικρά

232 4317 305 4396 7’,
346 4319 488 4404 ἔφη,
534 4326 702 4392 κακὰ
748 4326 980 4406 λέγεις.
