3192 5009
983 280 1068 329 nu
1112 281 1263 330 1111111
1310 280 1764 329 onuunmum.
2436 260 2567 327 243

222 448 431 515 traditis
492 456 717 515 autem
734 499 750 527 ,
814 471 965 513 cum
1013 448 1337 535 permulta
1384 453 1451 513 et
1490 447 1830 512 notissima
1874 444 2166 532 exempla
2213 449 2343 510 sint
2388 464 2566 533 roga·

222 557 425 621 tionum
484 556 933 622 intercedendo
982 555 1445 641 impeditarum
1464 603 1481 633 ,
1532 575 1613 619 ex
1659 559 1794 619 toto
1841 554 1962 619 1106
2011 554 2319 638 temporis
2363 552 2569 639 spatio

222 662 551 749 exemplum
634 669 999 729 servatum.
1051 668 1149 727 est
1216 661 1475 726 nullum
1544 661 2046 726 obnuntiationis
2111 662 2576 748 interpositae,

222 766 429 833 nullum
477 769 646 857 leg-is
697 771 965 834 vitiatae
1012 776 1125 833 aut
1174 774 1509 853 tamquam
1550 769 1715 832 vitio
1755 768 1959 832 factae
2001 766 2324 843 sublatae,
2369 784 2571 851 neque

222 874 445 941 dubium
508 884 607 942 est
667 880 821 963 quin
882 875 1113 941 locum.
1160 876 1333 940 haud
1395 860 1722 962 insignem
1781 876 1851 938 in
1899 874 2016 939 hac
2063 878 2241 959 parte
2289 874 2570 939 tenuerit

219 984 301 1045 ius
337 984 402 1049 de
447 983 625 1049 caelo
670 984 981 1049 servandi.
1031 982 1273 1048 Tamen
1320 1003 1448 1047 non
1498 987 1595 1047 est
1644 1003 1757 1046 cur
1806 980 2207 1059 dubitemne,
2256 983 2412 1066 quin
2457 1000 2569 1066 per

220 1087 307 1152 hos
356 1111 549 1155 annos
609 1111 859 1176 quoque
920 1089 1247 1153 interdum
1313 1088 1557 1152 tribuni
1624 1086 1714 1173 pl.
1775 1089 1943 1153 inter
2004 1109 2070 1152 se
2131 1090 2236 1151 usi
2281 1088 2411 1151 sint
2454 1088 2576 1151 1106

220 1196 358 1273 11116,
398 1195 572 1281 (111οᾱ
618 1216 674 1261 6.
725 1195 857 1259 449
906 1198 997 1260 616
1046 1196 1273 1259 datum
1317 1216 1455 1260 esse
1506 1194 1704 1259 tradit
1751 1193 2022 1259 Zonaras
2071 1190 2171 1259 ἵνα
2221 1194 2310 1271 μὴ
2357 1192 2566 1277 ῥᾳδίως

222 1304 259 1365 οἱ
296 1302 583 1383 δήμαρχοι
626 1303 731 1367 καὶ
770 1303 839 1365 τὸ
880 1305 1110 1377 πλῆθος
1156 1298 1271 1365 ὅσα
1310 1301 1633 1379 βούλοιντο
1675 1301 2026 1379 πράττοιεν,
2057 1302 2233 1365 ἀλλὰ
2259 1300 2570 1381 προφάσει

224 1415 307 1479 τῆς
356 1410 777 1479 οἰωνοσκοπίας
842 1408 1007 1472 ἐστὶν
1070 1404 1138 1472 οὗ
1200 1406 1618 1489 ἐμποδίζοιντο
1683 1412 1885 1493 (supr.
1949 1427 2099 1492 pag.
2149 1405 2236 1472 90
2285 1406 2428 1471 adn.
2480 1405 2571 1485 2).

224 1512 333 1578 Nou
370 1516 581 1581 solum
627 1515 802 1581 haud
845 1514 1216 1580 incredibile
1264 1522 1395 1592 est,
1457 1519 1746 1579 auctores
1795 1519 2042 1578 nostros
2089 1534 2570 1599 nonnumquam

228 1621 483 1688 vocabulo
532 1622 975 1686 intercessionis
1022 1622 1455 1709 designavisse
1504 1622 2051 1707 impedimentum
2097 1620 2355 1707 aliquod
2403 1621 2574 1706 quod

228 1748 403 1792 revera
457 1750 541 1795 ex
589 1731 893 1814 auspiciis
940 1732 1223 1814 petitum
1271 1734 1437 1794 esset
1484 1730 1579 1809 (in
1626 1728 1809 1792 libris
1857 1728 2146 1792 Livianis
2196 1730 2308 1813 qui
2355 1748 2573 1814 super-

229 1842 341 1897 sunt
394 1844 453 1901 et
516 1836 829 1921 periochis
894 1838 1154 1901 omnino
1212 1838 1373 1899 iuris
1434 1835 1510 1900 de
1557 1833 1732 1900 caelo
1779 1833 2072 1900 servandi
2117 1836 2360 1900 mentio
2405 1834 2572 1898 facta

230 1962 323 2005 non
360 1950 447 2007 est
456 1964 472 2021 ;
525 1963 652 2006 uno
700 1948 869 2007 certe
909 1942 1047 2007 loco
1088 1948 1335 2007 constat
1373 1963 1489 2027 pro
1533 1941 2015 2007 obnuntiatione
2051 1943 2571 2007 intercessionem

232 2068 333 2111 esse
390 2050 817 2126 nominatam,
885 2050 1037 2134 epit.
1110 2047 1259 2126 105,
1326 2069 1381 2113 a.
1436 2048 1584 2129 56);
1651 2049 1762 2114 sed
1820 2050 2019 2113 etiam
2080 2047 2430 2113 verisimile
2476 2054 2573 2113 est

235 2174 663 2241 nonnumquam
734 2154 1165 2220 obnuntiando
1236 2174 1563 2241 oppressas
1630 2176 1766 2220 esse
1827 2156 2193 2242 rogationes
2212 2204 2229 2233 ,
2296 2175 2570 2241 quarum

237 2262 398 2324 omnis
436 2263 751 2327 memoria
795 2264 1093 2347 perierit,
1144 2261 1313 2346 quod
1359 2261 1436 2326 ab
1482 2264 1896 2347 antiquorum
1943 2262 2273 2327 annalium
2314 2264 2575 2347 scripto-

236 2366 371 2431 ribus
423 2368 724 2433 oblivioni
785 2370 1344 2434 committerentur
1410 2370 1688 2432 actiones
1749 2388 1910 2453 quae
1973 2375 2159 2433 antea
2208 2374 2418 2434 esseut
2465 2389 2570 2453 op-

236 2495 435 2557 pressae
503 2497 698 2561 quam
763 2476 1115 2541 inchoatae.
1204 2474 1403 2539 Nobis
1479 2474 1640 2540 utile
1717 2474 1974 2539 videtur
2049 2475 2245 2540 verbo
2309 2495 2570 2540 monere

238 2580 351 2664 quid
404 2581 590 2647 fuerit
650 2584 718 2645 in
779 2584 919 2647 iure
980 2582 1057 2646 de
1119 2581 1291 2646 caelo
1357 2582 1654 2646 servandi
1699 2580 1867 2667 quod
1913 2603 2402 2668 nonnumquam
2448 2582 2570 2647 1106

236 2688 719 2771 impedimentum
790 2691 1238 2755 intercessione
1311 2688 1540 2753 utilius
1611 2688 1870 2753 reddere
1943 2692 2229 2774 potuerit
2298 2692 2390 2753 eis
2459 2690 2571 2774 qui

236 2814 434 2860 moram
500 2796 714 2862 afferre
786 2796 1030 2862 vellent
1091 2796 1316 2882 legum
1381 2795 1627 2860 lationi.
1701 2794 1765 2860 Is
1827 2797 2000 2860 enim
2062 2799 2175 2882 qui
2234 2795 2571 2861 intercedit

236 2901 520 2966 confitetur
556 2924 635 2968 ex
678 2924 796 2968 sua
835 2902 1169 2968 voluntate
1208 2904 1481 2988 pendere
1518 2902 2061 2987 impedimentum
2102 2902 2269 2989 quod
2308 2904 2541 2968 obiciat
2552 2922 2568 2980 3

236 3009 469 3073 concedit
530 3009 693 3074 nihil
754 3032 889 3075 esse
954 3032 1078 3095 quo
1127 3009 1539 3095 prohibeatur
1584 3011 2036 3074 intercessione
2082 3012 2349 3074 remissa
2395 3029 2576 3096 roga-

237 3115 429 3180 tionem
496 3116 761 3201 perferri
830 3120 1035 3181 sinere
1105 3124 1357 3202 praeter
1419 3116 1738 3181 iudicium
1787 3116 1956 3201 quod
2015 3118 2150 3201 ipse
2212 3116 2436 3181 tulerit
2498 3115 2574 3184 de

238 3219 471 3287 utilitate
532 3230 595 3286 et
654 3226 1030 3289 necessitate
1092 3224 1473 3309 rogationis3
1542 3224 1798 3287 etiamsi
1859 3243 1986 3286 non
2044 3224 2181 3308 ipse
2243 3221 2460 3310 legem
2504 3226 2573 3287 in

240 3330 485 3393 contione
530 3328 895 3395 dissuadens
942 3332 1254 3395 rationem
1304 3329 1579 3395 reddidit
1619 3331 2088 3395 intercessionis
2128 3350 2314 3407 suae,
2357 3335 2573 3394 tamen

240 3433 451 3497 ridetur
508 3439 853 3502 consentire
919 3435 996 3501 de
1059 3438 1238 3501 vitiis
1303 3438 1655 3522 rogationis
1718 3456 1868 3500 cum
1917 3434 2060 3499 aliis
2108 3438 2219 3521 qui
2265 3456 2408 3501 eam
2454 3436 2576 3500 dis-

242 3546 529 3604 suaserunt
556 3540 620 3620 l),
680 3545 901 3628 itaque
964 3564 1039 3607 60
1104 3541 1423 3607 difficilius
1487 3545 1546 3607 ei
1609 3548 1707 3607 est
1751 3548 1964 3607 tenere
2011 3543 2531 3607 intercessionem
2553 3590 2568 3620 ,

242 3664 334 3727 qno
373 3648 569 3711 acrius
612 3650 859 3735 rog-atio
909 3646 1299 3736 efflagitatur
1343 3670 1379 3712 a
1426 3669 1665 3735 magna
1711 3647 2130 3713 multitudine
2175 3651 2420 3713 civium
2458 3652 2570 3734 qui

245 3750 299 3815 de
348 3774 411 3817 ea
470 3755 745 3819 universi
806 3755 994 3820 aliter
1058 3758 1345 3820 sentiunt
1395 3776 1590 3841 quam
1636 3758 1773 3840 ipse
1822 3755 1951 3820 fere
1999 3753 2172 3819 solus
2220 3775 2286 3819 se
2335 3758 2568 3820 sentire

244 3877 359 3941 prae
398 3880 459 3925 66
504 3857 684 3938 tulit,
730 3866 796 3926 et
843 3862 921 3927 ab
970 3880 1044 3927 eo
1092 3868 1324 3947 petunt
1370 3869 1444 3927 ut
1489 3883 1640 3927 suae
1689 3862 2037 3927 sententiae
2088 3861 2331 3947 aliquid
2376 3862 2453 3927 ab
2495 3883 2567 3927 eo

247 3966 517 4031 tribuatur
540 3963 619 4045 2);
667 3971 722 4032 is
768 3989 917 4034 vero
965 3970 1077 4054 qui
1123 3969 1296 4033 diem
1344 3971 1574 4034 eximit
1614 3967 2077 4044 obnuntiando,
2121 3989 2270 4032 cum
2308 3990 2570 4035 causam

248 4070 585 4155 impediendi
632 4080 805 4155 petat
856 4096 932 4139 ex
979 4075 1322 4162 relig-ione,
1375 4074 1741 4140 dissimulat
1789 4074 2046 4159 quidem
2096 4095 2161 4138 se
2209 4076 2571 4160 improbare

312 4342 353 4403 1)
381 4342 467 4390 Cir.
500 4340 597 4387 niv.
628 4344 805 4399 4⁶31,
837 4357 965 4409 supr.
1002 4358 1095 4408 pag
1151 4342 1248 4391 104
1276 4343 1385 4392 adn.
1417 4343 1461 4393 1.
1498 4370 1560 4381 —·
1594 4342 1650 4404 2)
1681 4340 1780 4391 Cfr.
1801 4340 1906 4392 Liv.
1927 4341 2004 4392 10.
2025 4341 2148 4401 9.1;
2179 4342 2261 4392 25.
2281 4344 2340 4403 2;
2369 4346 2450 4394 34.
2469 4346 2518 4395 8.
2539 4345 2565 4394 1

262 4426 297 4469 ct
322 4422 371 4471 ι1.
400 4422 483 4472 loe.
