3192 5009
1286 277 1630 327 sommum.
2037 234 2050 242 ’
2512 257 2640 325 165

314 445 512 513 0192.
557 445 702 516 Ζεὺς
749 445 803 511 δ’
847 443 1043 526 ἔλαχ’
1088 443 1332 525 οὐρανὸν
1382 442 1554 524 εὐρὺν
1602 443 1678 507 έν
1727 443 1911 523 αἶθέρι
1967 442 2070 508 καὶ
2121 437 2434 526 νεφέλῃσι.

384 553 533 619 Alibi
585 553 751 639 apud
806 550 1171 618 Homerum
1231 549 1472 630 οὐρανός
1532 573 1664 616 non
1710 557 1808 616 est
1852 551 1921 616 iaz
1968 552 2257 629 aethere,
2307 550 2417 616 sed
2456 573 2645 633 supra

296 660 615 738 aetherem,
673 665 751 724 ut
812 669 857 723 B
886 656 1021 724 458
1080 657 1280 735 αίγλη
1348 657 1437 722 δι’
1485 657 1800 738 αἰθέρος
1852 658 2092 735 οὗρανὸν
2139 653 2265 722 Ῐκεν
2312 663 2378 722 et
2425 665 2482 721 Π
2510 655 2642 723 364

290 766 369 835 ὥς
406 767 451 829 δ’
488 762 571 830 ὅτ’
618 768 729 830 άπ·
780 766 1133 843 Οὐλύμπου
1184 763 1362 846 νέφος
1406 762 1666 844 ἔρχεται
1716 765 2049 841 οὐρανὸν
2093 764 2278 829 εἵσω
2330 765 2640 845 αἰθέρος

292 873 373 935 ἐκ
412 873 473 936 31
485 897 595 948 ης,
643 893 839 958 quare
884 873 990 938 hic
1037 873 1255 937 verius
1302 870 1512 936 videri
1556 876 1806 957 potest:

530 979 678 1050 Ζεὺς
716 978 771 1043 δ’
814 975 1011 1058 ἔλαχ’
1054 977 1294 1055 οὐρανὸν
1334 976 1506 1057 εὐρὺν
1544 973 1678 1053 ἅμ’
1707 974 1898 1058 (άνὝ)
1939 976 2124 1056 αι’θέρι
2150 976 2252 1040 καὶ
2281 976 2595 1057 νεφέλῃσι.

284 1207 327 1262 P
360 1196 487 1262 154.
531 1199 611 1278 τῷ
659 1202 761 1262 νῦν
810 1195 867 1261 εἴ
912 1220 1005 1270 τις
1057 1195 1187 1269 ἐμοὶ
1237 1195 1479 1261 Λυκίων
1527 1197 1920 1261 ἐπιπείσεται
1973 1194 2196 1275 άνόρῶν

528 1303 715 1368 οἴκαδ’
764 1301 926 1381 ἴμεν,
973 1301 1157 1383 Τροίῃ
1203 1299 1269 1366 δὲ
1316 1301 1802 1384 πεφήσεται
1855 1300 2043 1371 αἰπὺς
2093 1298 2349 1379 ὄλεθρος.

280 1408 463 1474 Valde
501 1431 720 1476 vereor
766 1431 845 1474 ne
892 1410 1046 1475 haec
1094 1408 1300 1473 futuri
1346 1408 1527 1474 verbi
1565 1407 1814 1486 φαίνειν
1853 1407 2062 1474 forma
2102 1409 2458 1493 antiquitus
2495 1412 2645 1472 nata

278 1518 365 1581 sit
415 1517 768 1582 confusione
831 1537 982 1581 eum
1040 1514 1339 1602 legitimo
1387 1514 1609 1580 futuro
1657 1535 1694 1579 a
1740 1513 1949 1578 radice
2001 1521 2169 1579 ΦΕΝ
2189 1561 2206 1591 ,
2257 1511 2428 1599 quod
2473 1533 2646 1599 repe-

276 1626 434 1688 ritur
474 1632 529 1688 N
554 1622 708 1701 829,
760 1633 816 1688 Ο
852 1621 979 1687 140
1027 1627 1092 1686 et
1139 1643 1191 1700 χ
1217 1617 1372 1698 217,
1438 1619 1804 1706 significans
1863 1619 2182 1696 occidetur,
2230 1625 2295 1684 et
2341 1619 2646 1684 substitu-

274 1727 499 1793 endum
554 1731 637 1793 sit
696 1729 761 1792 h.
787 1727 833 1793 1.
874 1732 1382 1809 .πεφΛΝσεται,
1436 1725 1608 1812 quod
1653 1730 1822 1791 reete
1870 1730 1935 1791 et
1981 1725 2200 1790 ordine
2246 1725 2562 1790 formatur
2609 1745 2646 1789 a

275 1835 534 1920 perfecto
578 1835 946 1915 πέφΛΝται
970 1882 987 1912 ,
1040 1833 1226 1898 obvio
1277 1843 1317 1896 B
1350 1831 1479 1896 122
1527 1838 1593 1898 et
1642 1841 1696 1897 Π
1725 1830 1880 1897 208.

274 2063 321 2118 Σ
350 2052 494 2118 151.
534 2053 693 2118 Οὖδέ
742 2077 810 2116 κε
858 2049 1338 2132 Πάτροκλόν
1387 2074 1499 2130 περ
1546 2050 1903 2127 ἐυκνήμιδες
1954 2049 2208 2131 Ἀχαιοὶ

532 2161 598 2222 ἐκ
642 2157 877 2235 βελέων
926 2157 1216 2237 ἐρύσαντο
1265 2155 1528 2234 νέκυν,
1577 2155 1896 2236 θεράποντ’
1949 2153 2276 2235 ’Λχιλῆοςκ

274 2262 527 2328 Vetante
587 2270 794 2329 metro
855 2263 960 2343 (ef.
1026 2262 1119 2327 La
1178 2261 1393 2327 Roehe
1453 2261 1539 2326 H.
1588 2259 1670 2325 U.
1718 2260 1783 2324 H
1831 2260 1898 2341 8)
1947 2259 2220 2327 editores
2268 2260 2479 2347 Lugd.
2527 2283 2643 2346 pro

272 2369 426 2434 νέκυν
462 2369 897 2455 imprudentes
934 2372 1355 2454 reposuerunt
1385 2392 1443 2431 νε
1452 2367 1553 2444 apd
1558 2393 1606 2445 ν,
1633 2367 1781 2431 freti
1801 2366 2156 2431 Aristarchi
2183 2367 2641 2444 observatione,

270 2496 478 2541 vocem
526 2477 693 2546 νέκυς
746 2475 823 2540 ab
872 2474 1157 2539 Homero
1206 2473 1655 2538 tantummodo
1705 2471 2108 2538 substantive
2154 2475 2470 2559 usurpari.

344 2701 393 2756 ‘r
426 2689 577 2757 147.
624 2691 769 2756 Non
816 2696 1027 2776 potest
1068 2691 1175 2756 hie
1220 2689 1401 2756 loeus
1450 2696 1620 2756 reete
1665 2690 1998 2780 intellegi,
2049 2694 2173 2756 nisi
2225 2691 2486 2778 virgula
2536 2713 2640 2777 po-

264 2801 371 2864 sita
412 2804 561 2885 post
606 2799 856 2862 σεύαιτο
876 2847 893 2876 ,
944 2797 1114 2883 quod
1160 2800 1358 2863 etiam
1405 2796 1866 2862 Doederlinum
1915 2797 2102 2863 video
2153 2800 2444 2864 suasisse.

264 3000 481 3070 Tl79.
710 2996 747 3074 ἦ
795 3000 867 3067 σέ
912 3026 995 3079 γε
1040 3001 1226 3077 θυμὸς
1276 3003 1413 3077 ἐμοὶ
1465 3001 1876 3081 μαχέσασθαι
1925 3001 2152 3080 α’νῶγει

518 3107 855 3185 ἐλπόμενον
901 3112 1178 3187 Τρώεσσι
1228 3106 1561 3186 άναξέμεν’
1611 3107 2020 3185 ἱπποδάμοισι

516 3221 763 3286 τιμῆς
809 3222 949 3290 τῆς
1003 3211 1303 3294 Πριάμου.

262 3319 499 3388 Ultima
535 3322 728 3388 verba
766 3323 875 3387 vix
918 3341 1070 3386 sana
1107 3319 1426 3387 videntur.
1462 3320 1712 3386 Incerta
1734 3323 2058 3386 correctio,
2107 3319 2355 3406 Ecquid
2393 3345 2432 3384 τ
2450 3345 2468 3384 ι
2485 3346 2534 3397 μ
2553 3323 2588 3395 ἡ
2607 3347 2636 3384 ν

264 3429 335 3491 ἐκ
394 3429 720 3506 Πριάμου,
784 3427 1047 3515 virgula
1104 3429 1314 3513 posita
1360 3433 1505 3514 post
1555 3424 2005 3503 ἱπποδάμοισιῖ
2052 3427 2152 3491 Ad
2197 3429 2637 3492 accusativum

267 3535 328 3600 cf.
374 3545 443 3600 Ω
482 3531 613 3600 735

1633 3622 1667 3698 ἥ
1715 3647 1810 3694 τις
1856 3624 2137 3703 Ἀχαιῶν

512 3729 678 3810 ῥίψει
726 3729 928 3808 χειρὸς
980 3730 1126 3795 ἑλὼν
1177 3729 1304 3794 άπὸ
1352 3728 1622 3810 πύργου,
1673 3730 1896 3809 λυγρὸν
1942 3725 2194 3808 ὄλεθρον.

266 3948 467 4015 Χ261.
516 3948 781 4027 Ἕκτορ,
830 3948 921 4021 μή
968 3971 1106 4024 μοι,
1160 3947 1445 4025 άλαστέ,
1500 3947 1922 4024 συνημοσύνας
1975 3946 2268 4025 άγόρευε,

512 4055 595 4125 ὥς
646 4055 750 4119 οὐκ
797 4050 925 4118 ἔστι
976 4053 1179 4118 λέουσι
1231 4053 1335 4118 καὶ
1388 4052 1675 4132 ἀνδράσιν
1728 4048 1960 4132 ὅρκια
2011 4054 2298 4131 πιστά,

510 4159 651 4226 οὐδὲ
696 4161 866 4225 λύκοι
915 4161 1017 4224 καὶ
1067 4157 1240 4238 ἄρνες
1290 4158 1596 4239 ὃμόφρονα
1650 4160 1834 4233 θυμὸν
1885 4157 2132 4240 ἔχουσι,

511 4266 695 4330 άλλά
742 4266 908 4330 κακοὶ
956 4265 1268 4346 φρονέουσι
1322 4264 1658 4344 διαμπερὲς
1709 4267 2072 4344 ἀλλήλοισι,

506 4374 589 4446 ὥς
641 4373 749 4436 οὐκ
797 4371 928 4436 ἔστ’
980 4373 1091 4450 έμὲ
1142 4371 1248 4437 καὶ
1301 4373 1370 4437 σὲ
1417 4377 1798 4455 φιλήμεναι,
1849 4370 1984 4437 οὐδέ
2029 4395 2088 4436 τι
2139 4378 2269 4437 νῶιν
