3192 5009
1275 264 1688 319 somomus.
2632 250 2671 319 5

399 434 610 505 Codex
659 440 758 502 est
793 439 862 501 in
898 435 1284 503 bibliotheca
1320 435 1662 502 Barberina
1680 486 1694 514 ,
1736 456 1813 502 ex
1854 457 1979 522 quo
2014 436 2360 525 Matranga
2382 444 2675 505 nostrum

307 564 560 609 carmen
631 541 995 629 descripsit;
1065 550 1209 631 post
1275 564 1427 611 eum
1492 541 1812 610 Christius
1873 542 2070 609 edidit
2130 546 2200 609 in
2246 545 2641 633 Anthologia
2657 595 2673 626 ,

303 653 488 716 cuius
545 656 778 736 rogatu
837 648 1168 715 Flaschius
1229 648 1531 717 Codicem
1587 653 1827 715 iterum
1888 650 2162 715 contulit
2221 658 2285 718 et
2349 652 2679 719 adnotavit

301 756 476 822 haud
523 760 616 821 ita
660 755 900 822 multos
944 756 1324 843 Matrangae
1362 759 1432 821 in
1469 755 1873 821 describendo
1912 776 2171 822 errores.
2219 756 2391 823 Hinc
2428 765 2680 825 constat

301 863 546 929 librum
605 866 1114 949 manuscriptum
1175 862 1659 929 mendosissime
1722 868 2053 928 exaratum
2112 884 2246 929 esse
2294 885 2495 950 neque
2541 864 2680 931 Ma-

301 976 534 1057 tranga
593 968 700 1035 vel
761 967 1079 1037 Christius
1136 991 1355 1035 omnes
1408 968 1692 1035 maculas
1741 954 2067 1056 detergere
2114 976 2465 1057 potuerunt
2481 1020 2498 1049 ,
2545 974 2680 1037 imo

301 1076 496 1163 longe
565 1078 918 1141 maximam
985 1082 1237 1165 partem
1307 1098 1385 1143 ne
1447 1076 1974 1143 animadvertisse
2037 1076 2299 1162 quidem
2357 1079 2679 1144 videntur.

301 1182 528 1268 Neque
572 1203 694 1269 ego
737 1182 1035 1269 profiteor
1079 1204 1188 1248 me
1225 1185 1492 1249 carmini
1528 1185 1878 1269 pristinum
1895 1232 1912 1261 ,
1956 1185 2011 1247 si
2052 1186 2164 1268 qui
2202 1184 2328 1249 fuit
2344 1233 2361 1262 ,
2404 1187 2681 1250 nitorem

299 1288 710 1355 redditurum
755 1310 890 1355 esse
908 1339 925 1368 ,
974 1290 1084 1355 sed
1123 1296 1339 1355 tamen
1375 1292 1442 1355 in
1484 1289 1866 1375 quibusdam
1904 1288 2077 1354 haud
2116 1289 2456 1357 difficulter
2488 1290 2681 1379 paulo

299 1394 770 1461 verosimiliora
814 1417 1114 1482 reponere
1161 1398 1384 1481 possis.

397 1502 877 1589 Argumentum
919 1502 1152 1568 insulsi
1189 1505 1503 1589 poematis
1540 1502 1724 1568 facile
1765 1507 1863 1567 est
1901 1507 1966 1567 et
2004 1503 2297 1589 simplex.
2336 1505 2524 1572 Anno
2550 1500 2681 1571 637

305 1614 654 1694 postquam
693 1608 930 1673 Arabes
967 1608 1423 1697 Hierosolyma
1450 1614 1755 1695 ceperunt
1770 1658 1787 1686 ,
1814 1608 2113 1675 credibile
2138 1615 2234 1676 est
2257 1613 2683 1697 patriarcham

307 1714 742 1801 Sophronium
790 1713 1186 1801 aliquamdiu
1228 1717 1385 1782 urbe
1433 1718 1689 1780 cessisse
1736 1720 1801 1781 et
1846 1718 1913 1779 in
1961 1716 2185 1783 exsilio
2230 1738 2419 1804 aegre
2460 1717 2684 1784 tulisse

307 1825 678 1885 sanctorum
721 1818 1009 1886 locorum
1054 1820 1459 1887 desiderium.
1509 1820 1809 1905 Utinam,
1858 1822 2070 1907 inquit
2086 1871 2103 1899 ,
2153 1825 2485 1910 contingat
2522 1824 2687 1889 mihi

307 1926 602 1993 accedere
665 1925 744 1991 ad
805 1927 1027 1993 aedem
1071 1927 1591 1993 Resurrectionis.
1642 1926 1791 1993 Tria
1836 1934 1987 1992 sunt
2033 1949 2195 2015 quae
2240 1937 2575 1996 enumerat
2616 1932 2687 1995 in

308 2053 418 2099 ea:
483 2035 702 2118 ipsum
763 2032 827 2099 S.
877 2032 1260 2121 Sepulcrum
1277 2083 1294 2113 ,
1343 2039 1408 2099 et
1452 2036 1522 2099 in
1568 2031 1864 2100 Calvaria
1911 2033 2067 2100 colle
2111 2033 2326 2100 locum
2369 2035 2484 2100 ubi
2529 2057 2687 2101 crux

311 2137 520 2204 defixa
565 2138 692 2203 fuit
709 2187 728 2216 ,
776 2142 888 2224 qui
932 2138 1109 2205 locus
1157 2139 1447 2205 diversus
1495 2145 1631 2205 erat
1676 2140 1752 2205 ab
1804 2160 1876 2205 eo
1895 2189 1912 2218 ,
1959 2140 2071 2205 ubi
2118 2138 2182 2205 S.
2230 2139 2479 2206 Helena
2523 2140 2688 2207 mul-

307 2248 398 2310 tis
459 2242 726 2310 saeculis
785 2251 933 2333 post
995 2268 1248 2313 crucem
1304 2248 1571 2313 invenit.
1638 2246 1973 2311 Praeterea
2032 2246 2127 2310 ibi
2171 2253 2578 2313 asservantur
2622 2254 2688 2314 et

311 2356 752 2419 monstrantur
819 2353 1058 2418 arundo
1074 2401 1091 2432 ,
1156 2354 1421 2439 spongia
1480 2358 1547 2418 et
1606 2352 1808 2417 hasta.
1880 2352 2143 2418 Adiacet
2188 2357 2642 2419 monasterium
2667 2403 2683 2434 ,

311 2480 438 2544 quo
477 2456 751 2523 salutato
787 2459 1144 2545 patriarcha
1178 2466 1393 2525 mente
1434 2480 1505 2525 ac
1543 2460 1928 2544 cogitatione
1966 2459 2277 2548 properat}
2293 2460 2363 2523 in
2399 2464 2687 2526 montem

307 2564 466 2631 Sion
482 2613 499 2643 ,
547 2565 661 2630 ubi
707 2565 1121 2631 coenaculum
1168 2572 1264 2632 est
1284 2615 1298 2643 ,
1346 2569 1416 2630 in
1463 2586 1588 2651 quo
1637 2563 1702 2630 S.
1748 2563 1957 2632 Coena
1996 2563 2309 2630 celebrata
2346 2566 2472 2631 fuit
2488 2615 2505 2644 ,
2542 2572 2689 2653 post

305 2673 839 2739 resurrectionem
899 2671 1196 2759 discipuli
1241 2672 1458 2737 Iesum
1504 2672 1849 2737 adorarunt
1897 2676 1964 2737 et
2008 2673 2540 2759 quinquagesimo
2588 2673 2690 2739 die

303 2784 458 2865 post
501 2775 734 2864 repleti
777 2782 929 2843 sunt
976 2799 1194 2844 omnes
1240 2777 1488 2865 Spiritu
1529 2776 1779 2843 Sancto.
1821 2776 1992 2843 Hinc
2033 2777 2109 2843 de
2152 2777 2311 2844 colle
2337 2778 2691 2859 descendet,

303 2892 384 2951 ut
442 2886 662 2949 veniat
725 2883 805 2949 ad
871 2887 1116 2950 curiam
1134 2934 1151 2963 ,
1209 2888 1276 2950 in
1325 2906 1450 2971 qua
1496 2884 1712 2949 Iesum
1758 2882 2042 2969 colaphis
2089 2884 2452 2950 ceciderunt
2468 2934 2485 2964 ,
2533 2886 2692 2950 dum

305 2990 542 3057 Petrus
598 2989 854 3055 sedebat
915 2991 1072 3056 foris
1115 2993 1182 3056 in
1230 2994 1392 3057 atrio
1412 3040 1429 3069 ,
1480 2990 1800 3056 detestans
1849 2996 1915 3056 et
1957 2992 2175 3055 iurans
2221 2993 2373 3076 quia
2415 3013 2541 3057 non
2585 3012 2691 3057 no-

308 3102 511 3163 visset
569 3096 897 3162 hominem
917 3146 933 3175 ,
997 3100 1099 3162 uti
1161 3098 1331 3184 apud
1390 3096 1881 3184 Evangelistam
1944 3103 2058 3162 est.
2125 3096 2366 3183 Perget
2413 3102 2478 3163 et
2522 3099 2693 3165 intra

311 3203 718 3269 Probaticam
753 3208 1009 3290 portam
1025 3252 1043 3282 ‚
1085 3224 1246 3289 quae
1281 3203 1470 3269 hodie
1508 3224 1545 3267 a
1584 3201 1648 3268 S.
1690 3201 2011 3288 Stephano
2050 3223 2281 3268 nomen
2321 3204 2515 3269 habet
2531 3252 2548 3282 ,
2597 3205 2692 3270 vi—

315 3310 492 3375 debit
558 3308 779 3375 aedem
830 3308 896 3375 S.
937 3311 1157 3375 Annae
1204 3316 1270 3375 et
1315 3312 1630 3396 piscinam
1652 3358 1669 3387 ,
1718 3330 1879 3395 quae
1926 3307 2245 3375 Bethesda
2290 3311 2693 3397 cognomina-

313 3424 446 3481 tur.
499 3414 789 3501 Denique
834 3418 906 3480 in
951 3416 1138 3481 horto
1186 3413 1616 3483 Gethsemane
1663 3419 1843 3481 extra
1888 3420 2140 3502 portam
2184 3414 2363 3481 Iesus
2409 3416 2693 3483 ascendit

313 3525 384 3587 in
430 3520 681 3587 coelum
725 3527 791 3587 et
836 3520 1216 3608 Sepulcrum
1261 3522 1492 3588 Beatae
1541 3520 1827 3608 Virginis
1872 3523 2274 3609 conspicitur.

407 3626 716 3709 Quamvis
775 3649 1005 3693 verum
1069 3631 1155 3694 sit
1214 3628 1643 3715 patriarcham
1701 3630 1771 3693 in
1816 3629 1993 3694 urbis
2041 3628 2364 3695 obsidione
2408 3628 2566 3695 bene
2614 3628 2692 3694 de

315 3738 525 3823 patria
592 3737 902 3800 meritum
967 3735 1164 3801 fuisse
1181 3782 1196 3813 ,
1269 3733 1609 3801 concedent
1678 3740 1896 3800 tamen
1966 3756 2185 3801 omnes
2203 3783 2219 3814 ,
2286 3736 2385 3799 uti
2448 3736 2692 3821 opinor,

315 3840 750 3929 Sophronium
794 3839 1140 3907 ridiculum
1177 3848 1434 3928 poetam
1472 3861 1608 3907 esse
1628 3890 1644 3919 ,
1686 3843 1798 3927 qui
1836 3842 2049 3907 sordes
2088 3840 2323 3927 plebeii
2360 3843 2689 3919 semonia,

316 3968 442 4035 quo
493 3944 794 4014 Graeculi
843 3968 1060 4013 omnes
1106 3947 1469 4025 utebantur,
1518 3950 1734 4033 inepte
1781 3948 2126 4013 admiscere
2170 3944 2373 4011 soleat
2418 3948 2691 4012 vetustis

315 4052 774 4121 vocabulorum
840 4054 1091 4132 formis,
1161 4074 1318 4140 quas
1381 4074 1460 4119 ex
1518 4053 1802 4120 Homero
1862 4055 2152 4139 arripuit.
2225 4051 2422 4117 Modo
2481 4054 2693 4117 utitur

313 4164 702 4227 aoristorum
761 4162 1180 4225 coniunctivis
1213 4158 1422 4245 ἔλθω,
1488 4158 1630 4238 ἴδω,
1697 4160 1952 4239 πορευθῶ
2013 4179 2129 4245 pro
2176 4158 2448 4236 futuris,
2496 4156 2689 4222 modo

312 4288 390 4332 ex
449 4268 595 4332 istis
653 4272 978 4333 extremae
1038 4266 1351 4332 barbariei
1408 4266 1721 4355 pudendis
1782 4266 1964 4331 vitiis
2025 4264 2318 4349 adsurgit
2364 4264 2563 4328 oratio
2610 4261 2690 4327 ad

312 4378 564 4463 epicam
608 4374 1074 4461 propemodum
1119 4373 1739 4466 magniloquentiam
1756 4420 1773 4449 ,
1820 4378 1896 4437 ut
1939 4374 2009 4436 in
2048 4378 2334 4438 extremo
2372 4370 2687 4435 carmine:
