3192 5009
511 259 552 326 8
1524 277 1856 327 nonnus.

514 448 819 523 „rationis
865 445 1169 531 impleat,
1217 445 1381 511 nihil
1426 446 1693 531 denique
1740 466 1865 531 quo
1910 448 2003 511 ita
2050 465 2580 523 commoveamur,
2629 450 2706 510 ut
2750 449 2879 509 sta-

514 554 678 630 „tim
724 572 838 615 nos
885 550 1161 636 colloqui
1176 548 1254 631 (2)
1301 553 1652 617 sentiamus
1700 573 1849 616 cum
1892 556 2079 637 poeta
2093 600 2110 629 ,
2158 554 2203 615 i.
2230 572 2285 617 e.
2334 572 2484 617 cum
2528 551 2873 616 Musarum

512 660 758 735 „amico
821 663 884 721 et
947 657 1264 722 sacerdote
1282 705 1298 735 ,
1349 678 1540 742 quem
1588 658 1737 723 deae
1782 660 1957 743 ipsae
2002 660 2069 723 in
2116 679 2403 723 summas
2448 657 2601 724 coeli
2651 656 2875 743 plagas

511 762 927 841 „sustulerint
941 811 958 840 ,
1029 762 1142 827 ubi
1209 783 1282 827 ea
1351 766 1666 849 aspexerit
1726 763 2122 849 audieritque
2184 764 2412 849 quibus
2475 762 2690 829 relatis
2732 765 2877 828 vita

511 870 885 947 „hominum
928 867 1242 933 illustrari
1287 872 1697 955 exornarique
1738 869 2018 956 posset”.

599 975 794 1040 Mitto
866 976 1026 1040 hanc
1094 980 1316 1061 poetae
1393 975 1826 1041 definitionem
1843 1025 1859 1054 ,
1942 997 2018 1041 ex
2096 997 2221 1061 qua
2294 978 2351 1042 si
2410 974 2486 1040 ad
2562 977 2877 1040 amussim

510 1084 954 1147 examinantur
1013 1080 1340 1146 Heliconis
1384 1081 1653 1160 incolae,
1706 1086 1901 1147 timeo
1948 1104 2024 1147 ne
2072 1081 2267 1147 multi
2310 1082 2454 1147 inde
2500 1080 2877 1147 deturbandi

509 1190 637 1252 sint
656 1236 672 1265 ,
742 1190 854 1272 qui
920 1186 1263 1252 honestum
1330 1189 1423 1252 ibi
1489 1187 1704 1253 locum
1772 1188 1977 1254 adhuc
2037 1194 2509 1273 occupaverant.
2579 1187 2702 1254 Sed
2763 1208 2879 1253 cur

508 1294 948 1360 Hartmannus
985 1296 1332 1380 rogatio-nis
1363 1294 1539 1359 illius
1563 1334 1649 1344 -
1676 1294 1829 1380 quid
1869 1296 1943 1361 de
1984 1302 2117 1360 arte
2154 1315 2270 1360 sua
2306 1301 2555 1360 censeat
2576 1300 2764 1380 poeta
2788 1330 2877 1345 --

507 1422 884 1486 responsum
943 1403 1176 1486 petivit
1237 1421 1316 1466 ex
1376 1399 1771 1487 lepidissima
1831 1401 2303 1467 narratiuncula
2349 1400 2425 1466 de
2471 1400 2679 1466 milite
2727 1407 2880 1482 (non

509 1509 898 1593 Pompeiano
961 1506 1094 1586 sed)
1155 1506 1529 1572 Luculliano
1551 1556 1567 1586 ,
1635 1529 1797 1593 quae
1842 1511 2079 1573 inserta
2126 1516 2223 1573 est
2265 1510 2334 1572 in
2380 1506 2645 1593 epistola
2690 1505 2879 1593 plena

510 1612 912 1679 dulcissimae
958 1615 1199 1678 ironiae
1245 1621 1310 1678 et
1350 1613 1496 1679 data
1535 1620 1820 1679 extremo
1859 1617 2029 1680 vitae
2068 1619 2351 1700 tempore
2393 1619 2613 1700 poetae
2631 1663 2648 1692 ,
2689 1635 2838 1679 cum
2860 1662 2877 1692 ‚

509 1729 586 1785 ut
627 1723 934 1805 queritur,
975 1718 1316 1804 sing-ula
1356 1719 1446 1785 de
1488 1720 1727 1785 nobis
1768 1723 1962 1785 anni
1999 1720 2512 1805 praedantur
2549 1726 2879 1797 euntes,

512 1830 902 1912 eripuere
963 1828 1192 1889 iocos
1253 1846 1640 1891 venerem
1700 1829 2100 1892 convivia
2161 1825 2478 1904 ludum,
2526 1826 2885 1891 tendunt

512 1955 546 1999 e
564 1956 606 1996 x
623 1938 652 1998 t
668 1954 705 1997 o
727 1953 759 1995 r
776 1954 816 2017 q
831 1953 876 1996 u
894 1952 928 1997 e
945 1953 977 1995 r
993 1952 1026 1995 e
1091 1954 1132 2017 p
1149 1951 1184 1995 o
1201 1952 1236 1996 e
1251 1954 1321 1997 m
1335 1952 1372 1995 a
1387 1938 1416 1995 t
1432 1953 1488 1997 a.
1560 1932 1877 2019 Equidem
1945 1935 2155 2018 potius
2218 1953 2293 1997 ex
2357 1934 2668 2019 poematis
2729 1930 2882 1999 flore

518 2040 743 2104 aetatis
805 2042 873 2102 et
928 2040 995 2101 in
1045 2040 1328 2122 poeticae
1374 2037 1695 2103 facultatis
1739 2041 1962 2125 vigore
2007 2040 2373 2123 compositis
2419 2038 2572 2103 haec
2616 2040 2882 2103 citarem

515 2143 700 2212 effata
748 2142 824 2207 de
871 2148 1006 2208 arte
1053 2142 1344 2209 Horatii:

602 2249 634 2314 I
685 2249 719 2314 1
784 2249 909 2314 Me
957 2249 1390 2314 doctarum
1431 2250 1787 2316 hederae
1836 2253 2207 2337 praemia
2251 2251 2665 2315 frontium

785 2355 914 2419 dis
958 2357 1316 2419 miscent
1361 2359 1730 2440 superis,
1782 2377 1901 2421 me
1949 2356 2181 2443 gel-id
2202 2378 2329 2421 um
2374 2380 2414 2420 n
2437 2376 2659 2420 emus

783 2460 1521 2547 Nympharumque
1567 2462 1805 2528 leves
1851 2484 2030 2528 cum
2078 2461 2415 2549 Satyris
2463 2462 2693 2527 chori

785 2572 1241 2632 secernunt
1290 2566 1623 2652 populo.

514 2673 594 2739 ad
662 2694 855 2759 quem
921 2672 1137 2738 locum
1207 2670 1426 2737 allusit
1487 2676 1625 2759 ipse
1684 2676 1752 2738 in
1815 2673 1935 2759 Ep.
1999 2673 2063 2737 H
2130 2674 2189 2739 2.
2225 2670 2307 2740 77
2371 2676 2885 2759 scriptorum

516 2781 817 2847 chorus
865 2781 1130 2843 omnis
1177 2786 1398 2844 amat
1443 2800 1729 2845 nemus
1775 2786 1856 2846 et
1904 2780 2135 2867 fugit
2180 2780 2435 2845 urbis.
2484 2778 2581 2848 Of.
2629 2779 2885 2846 Tacitus

514 2890 583 2952 in
628 2885 900 2971 Dialogo
947 2906 999 2950 c.
1054 2884 1114 2950 9.

606 2991 639 3057 I
687 2991 772 3057 32
823 2992 902 3056 ad
949 2992 1268 3056 barbiton:

785 3096 838 3162 Ο
887 3097 1135 3163 decus
1181 3096 1497 3162 Phoebi
1544 3103 1625 3163 et
1673 3098 2033 3184 dapibus
2080 3101 2454 3184 supremi

785 3208 1030 3290 grata
1075 3202 1420 3268 testudo
1469 3201 1733 3282 Iovis,
1782 3225 1818 3269 0
1863 3203 2247 3270 laborum

788 3308 1032 3373 dulce
1077 3306 1486 3374 lenimen!

563 3416 625 3481 Π
661 3415 748 3481 20
788 3414 914 3481 Me
963 3411 1323 3481 Colchus
1528 3421 1609 3480 et
1654 3414 1923 3481 Dacus
1971 3422 2051 3481 et
2097 3414 2394 3481 ultimi

788 3525 1135 3585 noscent
1181 3517 1520 3599 Geloni;
1569 3542 1689 3586 me
1736 3524 2066 3607 peritus

790 3628 1063 3692 discet
1107 3625 1299 3691 Iber
1345 3626 1890 3713 Rhodanique
1936 3634 2197 3713 potor.

788 3734 1091 3799 Absint
1133 3734 1369 3797 inani
1414 3733 1709 3799 funere
1757 3736 2053 3799 neniae
2102 3756 2155 3799 e.
2182 3755 2241 3819 q.
2268 3756 2318 3798 s.

518 3861 678 3927 quae
764 3839 1131 3904 Ennianum
1212 3860 1467 3904 carmen
1549 3838 1897 3925 sepulcrale
1966 3842 2034 3904 in
2103 3842 2483 3905 memoriam
2555 3846 2884 3919 revocant,

518 3968 632 4012 nec
704 3945 1000 4011 differunt
1071 3966 1108 4009 a
1177 3948 1488 4011 sententia
1573 3948 1891 4011 notissimi
1974 3948 2267 4011 carminis
2352 3949 2420 4011 in
2508 3946 2630 4013 fine
2715 3951 2889 4013 tertii

517 4052 674 4117 libri

789 4156 1054 4244 Exegi
1099 4162 1728 4223 monumentum
1776 4179 1958 4224 aere
2003 4162 2465 4245 perennius
2510 4181 2564 4225 e.
2592 4182 2650 4245 q.
2678 4182 2727 4226 s.

520 4264 740 4349 Neque
804 4263 1153 4328 omittenda
1213 4263 1332 4328 oda
1392 4261 1478 4326 IV
1527 4262 1566 4328 3
1588 4312 1605 4341 ‚
1670 4266 1737 4328 in
1786 4285 1911 4350 qua
1956 4267 2357 4331 suavissimis
2401 4266 2688 4331 versibus
2733 4268 2884 4331 artis

521 4390 670 4435 suae
715 4371 1163 4435 conscientiam
1207 4368 1671 4456 Musarumque
1718 4378 1965 4437 certum
2006 4374 2432 4457 patrocinium
2480 4376 2788 4437 testatur:
