3192 5009
1250 250 1604 298 nomnium.
2487 229 2615 296 149

346 416 743 482 Athenienses
799 414 916 481 illa
974 415 1193 480 littera
1254 413 1592 502 aliquando
1654 437 1802 481 usos
1865 437 1999 482 esse
2061 438 2210 482 cum
2259 421 2444 482 antea
2490 437 2618 481 non

270 526 549 609 potuisset
612 523 1037 588 demonstrari
1064 519 1137 604 1),
1202 522 1464 587 tandem
1526 529 1777 608 reperta
1845 529 1942 589 est
2008 526 2078 588 in
2150 525 2616 610 epigrammate

266 629 479 696 saeculi
534 628 670 707 VIi,
738 629 907 714 quod
954 649 1117 694 anno
1170 627 1343 693 1890
1392 629 1773 715 evulgatum
1823 635 2044 710 (Δελτ.
2094 632 2384 711 ἀρχαιολ.
2442 626 2615 694 1890

264 759 315 822 p.
364 733 507 816 103)
552 735 810 800 affertur
856 736 1026 821 apud
1068 753 1199 800 VAN
1244 735 1670 800 HERWRRDBN
1716 736 1922 800 studia
1967 736 2182 799 critica
2219 736 2288 798 in
2326 736 2617 818 epiqraan-

264 850 401 906 mata
468 844 689 906 Graeca
754 861 817 927 p.
873 840 1023 919 130,
1087 848 1627 907 commemoratur
1689 841 1860 928 apud
1913 841 2437 906 Kanna-Busa
2483 863 2616 904 am-

250 949 538 1034 sikrliche
584 948 954 1012 Grammatik
998 945 1061 1012 1³
1099 948 1396 1013 Vorwort
1440 970 1502 1032 p.
1544 967 1636 1012 xv
1659 970 1751 1033 sq.
1800 953 1863 1012 et
1903 970 1966 1033 p.
2013 946 2164 1012 638.
2213 947 2486 1034 Legitur
2521 948 2615 1011 ibi

264 1062 561 1120 ΛΠΤΛΡ
588 1053 667 1134 ⁸),
738 1055 807 1118 id
870 1060 967 1120 est
1028 1054 1266 1134 αὐτὰρ,
1332 1074 1798 1139 supervacanea
1859 1056 2066 1140 igitur
2125 1059 2223 1119 est
2283 1054 2502 1120 littera
2550 1077 2611 1132 r,

262 1160 409 1226 unde
462 1161 727 1226 efficitur
775 1159 1178 1246 quadratario
1225 1166 1456 1225 notum
1503 1161 1765 1245 quidem
1810 1161 2008 1225 fuisse
2053 1163 2318 1246 signum
2362 1159 2472 1225 sed
2519 1180 2616 1225 so-

262 1287 401 1330 num
452 1269 515 1330 in
572 1287 681 1332 ore
728 1269 865 1330 eius
914 1269 1159 1331 civium
1205 1272 1361 1331 tunc
1406 1269 1714 1351 temporis
1760 1287 1885 1330 non
1933 1265 2211 1351 amplius
2259 1269 2518 1331 vixisse.

338 1371 499 1438 Idem
558 1372 737 1438 valet
798 1372 874 1436 de
934 1374 1348 1459 inscriptione
1412 1371 1619 1437 Naxia
1638 1421 1655 1450 ‚
1719 1371 1934 1437 Ionica
1980 1375 2208 1459 igitur,
2259 1394 2417 1458 quae
2466 1379 2612 1438 ante

266 1479 373 1543 duo
412 1477 649 1544 saccula
694 1481 978 1543 innotuit
1024 1475 1217 1557 (GIG.
1267 1477 1372 1556 10,
1418 1476 1591 1544 IGA.
1642 1477 1794 1554 409,
1843 1477 2097 1542 ΚΔΙΒΒΙ.
2143 1478 2360 1560 Epiqr.
2415 1476 2610 1556 1097,

266 1582 455 1650 Cim
496 1582 761 1648 Doleat?
812 1582 965 1661 518,
1013 1584 1401 1649 chmmn·
1448 1584 1770 1666 Alphabet‘
1820 1606 1882 1669 p.
1934 1582 2043 1662 86,
2094 1581 2336 1650 CHRIS'r
2369 1585 2609 1666 proley.

268 1691 425 1755 Iliad.
468 1715 530 1778 p.
575 1689 729 1768 153,
776 1689 938 1756 FIOK
987 1691 1194 1774 Odyss'.
1244 1712 1305 1774 p.
1348 1689 1409 1767 9,
1456 1689 1758 1756 ΒΟΒΒΒΤΒ
1795 1691 2154 1774 Epiqraphy
2191 1711 2253 1776 p.
2284 1689 2390 1768 67,
2424 1694 2609 1770 etc.):

270 1803 1993 1864 ΟΑΠΤΟΛῙΘΟΕΜῙΑΝΔΡΙΛΣΚΛΙΤΟΣΦΕΛΛΣ.
2035 1796 2221 1861 Hanc
2258 1798 2612 1882 inscriptio—

267 1925 420 1980 nem,
462 1902 605 1969 Deli
653 1910 975 1988 repertam
1017 1905 1085 1967 in
1124 1904 1263 1968 basi
1297 1924 1658 1968 marmorea
1693 1908 1944 1968 statuae
1985 1903 2301 1988 Apollinis
2327 1925 2364 1970 a
2386 1903 2446 1968 N
2449 1906 2610 1969 axiis
2715 1971 2718 1974 ,

268 2007 547 2074 dedicatae
608 2008 769 2088 (vid.
810 2009 990 2074 Plut.
1037 2008 1177 2075 Nic.
1230 2008 1318 2090 3),
1382 2008 1711 2074 Bentleius
1767 2012 2018 2095 primus
2063 2015 2230 2074 recte
2278 2018 2375 2074 est
2417 2012 2607 2076 inter-

265 2119 511 2198 pretatus
568 2119 677 2180 τοῦ
741 2116 931 2179 αὐτοῦ
994 2117 1283 2195 (ταύτοῦ)
1346 2116 1510 2180 λίθου
1570 2113 1699 2190 εἴμ’
1763 2114 2007 2194 ἀνδριὰς
2060 2115 2164 2178 καὶ
2215 2114 2284 2179 τὸ
2333 2114 2606 2193 σφέλας.

268 2221 311 2282 Α
346 2223 509 2284 cuius
554 2223 870 2286 sententia
915 2226 1135 2306 postea
1179 2223 1306 2286 viri
1346 2219 1517 2285 docti
1558 2219 1918 2306 complures
1956 2221 2414 2298 discesserunt,
2457 2221 2606 2284 θαεῦ

269 2325 485 2408 (Roehl)
529 2327 638 2393 vel
676 2329 926 2392 θαευτοῦ
971 2331 1041 2407 (i.
1067 2347 1121 2392 e.
1166 2329 1390 2401 θαητοῦ
1412 2375 1429 2405 ,
1471 2329 1866 2405 θαυμαστοῦ,
1910 2326 2128 2414 Bergk
2152 2325 2606 2408 Wilamowitz)

268 2434 599 2498 conicientes
617 2482 634 2510 ,
702 2435 1006 2518 quoniam
1066 2431 1248 2498 nulla
1306 2432 1525 2498 littera
1583 2432 1980 2499 intercidisse
2028 2431 2387 2508 dicebatur3
2437 2437 2606 2516 post-

266 2558 423 2621 quam
482 2543 697 2605 tamen
758 2561 839 2604 ex
899 2541 1267 2627 apographo
1328 2539 1669 2625 Purgoldii
1685 2589 1702 2618 ‚
1770 2541 1881 2625 qui
1934 2538 2214 2624 lapidem
2260 2539 2464 2604 denuo
2512 2542 2605 2604 in-

264 2651 508 2728 spectum
545 2651 835 2712 accurate
872 2649 1373 2731 repraesentavit
1388 2694 1407 2723 ,
1449 2647 1747 2732 apparuit
1785 2666 1823 2711 a
1860 2646 2067 2710 fronte
2099 2645 2342 2730 aliquid
2366 2644 2600 2724 deesse,

263 2749 611 2818 redeundum
680 2759 779 2818 est
844 2752 923 2817 ad
983 2751 1235 2816 Bentlei
1296 2751 1789 2836 explicationem
1807 2800 1824 2830 ‚
1892 2772 2054 2838 quae
2116 2755 2376 2838 egregie
2433 2773 2602 2817 nunc

262 2857 623 2924 confirmatur
670 2859 887 2924 Attico
930 2857 1047 2924 illo
1092 2858 1304 2945 lapide
1319 2907 1335 2936 ,
1385 2861 1455 2922 in
1500 2880 1627 2944 quo
1675 2859 1902 2937 ἀνυτὰρ
1948 2858 2210 2945 legitur.

326 2961 509 3028 Suum
571 2964 792 3030 locum
851 2965 1096 3030 obtinet
1158 2965 1490 3051 digamma
1546 2967 1617 3028 in
1677 2965 1967 3030 abcdario
2028 2966 2300 3051 Amorgi
2346 2970 2597 3051 reperto

260 3066 415 3137 (IGA.
462 3070 675 3153 390⁶),
740 3077 805 3137 et
852 3076 950 3136 ter
997 3077 1094 3136 est
1138 3076 1523 3157 usurpatum
1568 3074 1637 3136 in
1684 3071 2062 3158 fragmentis
2107 3073 2600 3156 inscriptionum

262 3172 489 3241 duarum
507 3227 522 3255 ‚
586 3199 749 3264 quae
817 3175 1154 3264 Olympiae
1215 3177 1468 3243 effossae
1531 3177 1828 3263 Rhegino
1891 3178 2175 3254 homini,
2225 3198 2304 3242 ex
2351 3174 2599 3243 Chalci-

261 3278 401 3346 densi
452 3287 653 3371 igitur
714 3283 959 3349 colonia
1020 3284 1287 3349 oriundo
1303 3333 1320 3360 ‚
1370 3284 1720 3349 admodum
1769 3283 2179 3371 probabiliter
2226 3284 2598 3348 tribuuntur

262 3384 417 3462 (IGA.
479 3389 609 3456 532
658 3411 751 3475 sq.
772 3440 788 3468 ,
858 3389 1159 3455 ROBRRTS
1226 3390 1586 3474 Epiqraphy
1656 3413 1718 3476 p.
1770 3389 1903 3455 203
1952 3395 2093 3475 sq.).
2165 3387 2438 3476 Legitur
2501 3389 2596 3454 ibi

259 3498 1027 3562 EOIKEONENTErEEI
1091 3492 1344 3576 (ναυτέων
1409 3495 1467 3558 ἐν
1536 3499 1776 3575 Τεγέη)
1834 3495 1970 3572 bie,
2035 3502 2100 3560 et
2150 3503 2591 3560 ΗΟΣΣΛΕΟΙ

308 3794 353 3856 1)
382 3796 533 3844 Attica
564 3795 816 3860 iuml-iptio
850 3811 975 3845 anno
1014 3795 1143 3844 1880
1170 3795 1377 3852 detecta,
1409 3810 1529 3858 qnae
1555 3797 1738 3843 ceteras
1754 3809 1918 3843 omnes
1934 3793 2222 3857 antiquitate
2240 3791 2381 3858 longe
2396 3798 2592 3858 superat

259 3889 375 3938 neque
418 3882 517 3941 post
562 3878 737 3926 vnum
784 3876 1027 3928 naculum
1070 3876 1309 3942 insculpta
1356 3892 1453 3925 esse
1498 3876 1691 3926 videtur
1739 3877 1940 3938 (Romu,
1979 3877 2124 3938 Imaq.
2161 3891 2206 3940 p.
2247 3875 2326 3934 68,
2361 3869 2590 3926 Rosam

258 3957 479 4023 biqrapky
511 3976 553 4025 p.
592 3959 697 4021 74),
732 3959 920 4009 nullum
956 3957 1098 4008 habet
1126 3958 1407 4010 vocabulum
1438 3959 1489 4008 in
1519 3975 1614 4023 qno
1631 3958 1870 4024 expectari
1889 3961 2078 4024 poterat
2098 3959 2350 4022 digamma.
2387 3958 2590 4008 Litteris

260 4041 497 4098 ponamin
546 4042 877 4090 sinistrorsum
928 4040 1085 4090 ductis
1140 4039 1206 4089 ibi
1261 4040 1440 4104 legitur
1490 4037 1543 4097 ὃς
1590 4043 1670 4088 νῦν
1720 4033 1981 4102 ὀρχηστῶν
2031 4037 2229 4088 πάντων
2266 4036 2590 4090 &ruach-ara

260 4118 398 4183 *δίζω
422 4119 433 4184 Ι
458 4125 544 4171 τοῦ
576 4139 639 4171 το
659 4161 669 4172 .
691 4160 702 4170 .
726 4159 736 4171 .
757 4159 771 4180 ,
807 4122 991 4186 reliqna
1026 4122 1195 4188 dispici
1232 4138 1325 4172 non
1362 4125 1571 4187 possunt.

311 4201 355 4262 2)
380 4203 489 4252 'Pota
519 4204 765 4270 inscriptio
800 4205 915 4254 haec
948 4209 1045 4254 cet:
1085 4241 1095 4252 .
1118 4242 1127 4253 .
1150 4241 1160 4253 .
1182 4241 1191 4252 .
1212 4222 1236 4253 ε
1270 4210 1414 4267 <praec
1454 4201 1629 4260 παιδος
1659 4202 1668 4270 Ι
1698 4202 1954 4252 nav-eoum
1989 4206 2003 4267 ξ
2041 4213 2193 4252 καλον
2229 4201 2326 4253 aaa
2357 4205 2364 4268 Ι
2394 4221 2586 4266 urum-ap

280 4283 290 4340 ξ
316 4281 515 4346 ommno:
549 4288 561 4350 ξ
599 4303 791 4350 :muca
820 4287 829 4352 Ι
858 4303 932 4336 το.
971 4289 1105 4352 Quae
1138 4287 1334 4336 fortasse
1368 4286 1437 4335 ita
1470 4290 1582 4336 sunt
1621 4285 1910 4351 supplenda:
1953 4282 2116 4353 [σῆμα
2146 4302 2317 4336 nomen
2336 4286 2585 4351 proprium

274 4361 337 4424 1411
363 4365 494 4426 &Aac
524 4366 693 4428 παιδὸς
728 4368 991 4425 κατέθηκεν
1021 4368 1031 4434 Ι
1059 4369 1210 4417 καλὸν
1252 4365 1384 4425 ἰδεῖν,
1419 4365 1581 4430 αὐτὰρ
1618 4365 1859 4429 Φαίδιμος
1895 4365 2184 4430 sindona-o.
