3192 5009
589 231 721 298 328
1673 247 1892 296 PLArO.

584 416 688 480 καὶ
761 415 1190 494 πρεσβυτέροις
1264 415 1686 493 γιγνομένοις,
1762 435 2156 501 supervacua
2223 435 2595 501 praegresso
2669 414 2810 490 πρὸς
2875 417 2959 478 τὰ

582 521 800 586 παιδία
853 524 1034 586 εὐθὺ
1053 547 1080 593 ς
1102 571 1117 598 ,
1167 523 1321 607 quin
1370 520 1672 585 similiter
1716 524 1936 607 spuria
1985 523 2114 585 sint
2151 519 2370 586 nullus
2410 519 2654 586 dubito.
2699 520 2960 584 Frustra

582 649 657 692 ea
726 627 1004 693 defendit
1077 627 1439 692 Stallbaum
1504 627 1643 692 loco
1703 626 1918 691 hiulco
1980 625 2278 713 Sympos.
2344 649 2406 711 p.
2457 625 2590 691 203
2631 627 2708 704 A,
2769 649 2962 712 quem

580 740 749 798 recte
818 733 1056 798 Schanz
1119 755 1153 797 6
1212 731 1283 797 F.
1333 735 1411 797 A.
1464 732 1678 796 Wolfii
1743 735 2104 798 coniectura
2165 735 2257 797 sic
2305 732 2680 819 suppletum
2723 733 2956 798 edidit:

580 839 683 903 διὰ
745 841 960 904 τούτου
1024 839 1202 903 πᾶσα
1268 841 1435 902 ἐστιν
1499 843 1531 913 ἧ
1595 840 1809 914 ὁμιλία
1859 837 1964 902 καὶ
2018 839 2051 912 ἦ
2101 837 2421 911 διάλεκτος
2474 841 2624 910 θεοῖς
2671 839 2814 918 πρὸς
2865 843 2961 904 ἀν-

582 942 837 1024 θρώπους
879 945 1033 1023 (καὶ
1076 945 1221 1025 πρὸς
1264 945 1428 1016 θεοὺς
1468 945 1864 1025 ἀνθρώποις),
1908 945 2012 1009 καὶ
2056 944 2412 1025 ἐγρηγορόσι
2453 946 2558 1010 καὶ
2587 945 2955 1010 καθεύδουσι.

671 1050 745 1114 Ρ.
797 1048 930 1115 393
954 1050 1026 1114 Β.
1078 1051 1161 1114 τὰ
1214 1050 1277 1115 δὲ
1326 1052 1498 1128 μετὰ
1548 1055 1759 1115 ταῦτα
1807 1049 2008 1130 ὥσπερ
2057 1052 2244 1124 αὐτὸς
2295 1052 2372 1116 ὢν
2421 1052 2450 1116 ὄ
2501 1050 2734 1131 Χρύσης
2785 1052 2956 1128 λέγει

578 1155 740 1236 (scil.
814 1157 843 1220 ὃ
916 1157 1196 1238 ποιητὴς)
1268 1158 1369 1221 καὶ
1444 1161 1734 1237 πειρᾶται
1809 1159 1977 1235 ἡμᾶς
2053 1153 2142 1222 ὅτι
2209 1156 2500 1233 μάλιστα
2564 1165 2810 1232 ποιῆσαι
2873 1159 2956 1234 μὴ

574 1260 847 1342 Ὅμηρον
910 1261 1103 1326 δοκεῖν
1163 1258 1314 1326 εἶναι
1363 1265 1465 1327 τὸν
1512 1263 1786 1339 λέγοντα
1840 1264 2016 1327 ἄλλα
2064 1264 2167 1327 τὸν
2214 1263 2439 1345 ἱερέα
2489 1263 2952 1343 πρεσβύτην

576 1369 744 1431 ὄντα.
794 1367 973 1432 Nihil
1020 1389 1280 1453 prorsus
1328 1375 1425 1434 est
1470 1372 1539 1433 in
1586 1367 1871 1456 Chrysae
1920 1369 2253 1434 Homerici
2290 1373 2573 1434 oratione
2618 1368 2786 1456 quod
2826 1370 2954 1433 seni

577 1475 995 1558 potissimum
1062 1477 1396 1558 proprium
1467 1476 1587 1552 sit,
1665 1476 1774 1540 sed
1843 1497 2004 1561 quae
2069 1475 2224 1540 dicit
2292 1478 2510 1540 omnia
2572 1474 2954 1540 sacerdotem

577 1578 874 1665 produnt.
924 1577 1147 1643 Omnis
1194 1601 1346 1645 vero
1394 1583 1718 1646 evanescit
1760 1580 1889 1646 loci
1935 1580 2274 1646 difficultas
2293 1630 2310 1659 ,
2361 1583 2418 1645 si
2463 1601 2718 1646 mecum
2767 1586 2956 1644 trans-

578 1688 865 1770 posueris
910 1686 1084 1750 ἀλλὰ
1133 1686 1232 1748 τὸν
1283 1686 1796 1766 πρεσβύτην,
1849 1687 2074 1766 ἱερέα
2121 1686 2287 1762 ὄντα.

668 1793 743 1856 Ρ.
794 1790 1009 1856 4001)
1057 1797 1217 1856 extr.
1283 1793 1567 1870 Εὐλογία
1619 1792 1740 1873 ἄρα
1791 1793 1895 1856 καὶ
1945 1793 2326 1872 εὐαρμοστία
2373 1792 2479 1857 καὶ
2530 1789 2950 1872 εὐσχημοσύνη

581 1899 685 1963 καὶ
737 1900 1028 1979 εὐρυθμία
1080 1900 1411 1982 εὐηθείᾳ
1457 1901 1809 1982 ακολουθεῖ,
1861 1901 1979 1978 οὐχ
2027 1891 2095 1974 ἣν
2141 1898 2350 1964 ἄνοιαν
2397 1895 2585 1964 οὖσαν
2632 1895 2952 1977 ὑποκοριζό-

576 2028 743 2082 μενοι
809 2009 1123 2082 καλοῦμεν
1180 2007 1299 2088 [ὦς
1346 2007 1766 2088 εὐηθειαν],
1819 2007 1995 2070 ἄλλα
2042 2007 2152 2079 την
2198 2008 2275 2078 ὥς
2327 2005 2567 2079 ἀληθῶς
2617 2000 2684 2070 εὖ
2732 2029 2803 2068 τε
2853 2001 2948 2065 καὶ

578 2117 779 2184 καλῶς
829 2111 898 2174 τὸ
948 2107 1080 2185 ἦθος
1127 2113 1712 2188 κατεσκευασμένην
1759 2111 2045 2178 διάνοιαν.
2095 2111 2400 2178 Deleatur
2442 2115 2950 2198 interpretamen-

575 2227 717 2282 tum
740 2267 756 2296 ‚
824 2239 950 2302 quo
1010 2218 1365 2304 impeditur
1425 2217 1552 2283 loci
1615 2221 2010 2305 compositiO.
2074 2217 2283 2303 Supra
2330 2223 2550 2284 autem
2595 2239 2794 2303 quam
2835 2215 2948 2279 dici

575 2331 788 2409 potest
828 2324 1178 2388 absurdum
1218 2331 1314 2389 est
1354 2324 1648 2388 additum
1687 2327 1786 2396 ὦς.
1836 2322 2139 2390 Ceterum
2177 2322 2365 2388 Plato
2406 2324 2678 2389 scribere
2715 2325 2948 2409 poterat

575 2435 892 2510 καλοῦμεν
942 2427 1251 2510 <offa-wc),
1302 2432 1512 2510 ἄλλοί,
1561 2431 1670 2500 sed
1719 2452 1918 2515 aeque
1965 2437 2134 2496 recte
2179 2427 2366 2502 οὕτως
2414 2432 2629 2516 potuit
2679 2429 2903 2496 omitti.

664 2539 739 2602 P.
789 2537 918 2602 401
946 2537 1024 2602 D.
1073 2537 1128 2600 E
1176 2537 1333 2623 fuga
1372 2538 1735 2602 retrahatur
1771 2539 2122 2603 necessaria
2160 2536 2379 2602 littera
2417 2536 2784 2602 scribendo:
2814 2531 2945 2612 ‘Ap'

574 2640 693 2723 οὐν,
746 2639 811 2719 ἦν
858 2641 913 2706 δ’
964 2642 1122 2722 ἐγώ,
1174 2640 1215 2706 ὦ
1264 2645 1586 2722 Γλαύκων,
1636 2643 1863 2708 τούτων
1910 2639 2092 2708 ἕνεκα
2142 2641 2480 2724 κυριωτάτη
2532 2643 2672 2720 (ἡ)
2723 2642 2780 2706 ἐν
2815 2663 2944 2720 μου·

574 2761 714 2834 σικῇ
762 2751 958 2830 τροφὴ
1004 2750 1128 2813 κτὲ.
1153 2771 1170 2828 ;

663 2859 739 2922 P.
790 2854 919 2920 401
947 2855 1021 2919 Ε.
1097 2854 1201 2919 καὶ
1252 2852 1342 2920 ὅτι
1396 2851 1476 2919 αὖ
1523 2862 1640 2922 τῶν
1687 2853 2236 2936 παραλειπομένων
2284 2854 2418 2919 καὶ
2470 2856 2558 2932 μη
2609 2860 2813 2926 καλῶς
2857 2850 2941 2924 δη·

572 2962 1053 3044 μιουργηθέντων
1116 2962 1149 3036 ἢ
1214 2964 1302 3038 μη
1367 2968 1572 3033 καλῶς
1641 2963 1885 3042 Φύντων
1933 2960 2189 3039 ὀξύτατ’
2238 2959 2315 3025 ἂν
2362 2959 2710 3027 αἰσθάνοιτο
2757 2960 2784 3024 ὅ
2831 2958 2946 3021 έκεῒ

574 3070 834 3151 τραφεὶς
878 3071 953 3140 ὦς
999 3067 1150 3146 ἔδει,
1192 3066 1296 3131 καὶ
1338 3068 1509 3148 ὀρθῶς
1551 3067 1620 3142 δη
1664 3067 2078 3147 δυσχεραίνων
2120 3067 2205 3131 τα
2245 3067 2360 3144 μὲν
2385 3067 2560 3133 καλὲ
2586 3067 2827 3133 ε’παινοῒ
2845 3097 2937 3136 --,

573 3177 659 3242 τοὶ
724 3175 775 3240 δ’
824 3173 1066 3256 αἰσχρὰ
1130 3172 1319 3252 ψέγοι
1386 3173 1513 3237 κτὲ.
1580 3171 1846 3259 Corrige
1908 3179 1972 3238 et
2032 3174 2393 3261 distingue:
2445 3213 2532 3223 —
2579 3186 2938 3254 παραλειπο-

573 3282 787 3363 μένων,
851 3281 884 3356 ἢ
936 3281 1024 3356 μὴ
1077 3284 1277 3352 καλῶς
1331 3278 1882 3358 δημιουργηθέντων
1932 3279 1966 3353 ἢ
2015 3279 2104 3357 μη
2153 3285 2355 3350 καλῶς
2403 3277 2671 3358 Φύντων,
2719 3277 2842 3342 κτὲ.
2883 3277 2940 3336 et

573 3390 663 3451 sic
700 3383 1039 3471 intelleges
1058 3433 1073 3462 ,
1123 3388 1235 3470 qui
1279 3384 1417 3449 fieri
1462 3387 1746 3470 potuerit
1788 3389 1864 3448 ut
1911 3383 2098 3449 Plato
2144 3387 2562 3471 participium
2607 3379 2936 3470 praesentis

574 3513 722 3557 cum
768 3491 1015 3556 duobus
1062 3492 1285 3554 aoristi
1331 3492 1685 3576 participiis
1735 3490 2080 3576 copularet.

664 3597 737 3661 P.
789 3596 921 3660 402
948 3595 1020 3659 Β.
1072 3595 1176 3658 καὶ
1224 3594 1354 3660 οὔτ’
1403 3596 1465 3659 έν
1504 3597 1738 3676 σμικρῷ
1779 3595 1906 3660 οὔτ’
1947 3598 2007 3660 έν
2049 3596 2318 3678 μεγάλῳ
2356 3595 2736 3676 ἠτιμάζομεν
2761 3586 2932 3664 αὐτά,

570 3707 659 3776 ὥς
727 3703 806 3768 οὐ
873 3701 1033 3766 δέοι
1097 3701 1676 3767 aimoino-om.
1752 3702 2038 3783 Quatuor
2082 3702 2316 3768 ultima
2361 3703 2555 3768 verba
2602 3700 2935 3768 reddantur

569 3810 925 3894 interpreti.
975 3803 1071 3872 Cf.
1120 3828 1270 3872 mox
1318 3808 1438 3872 sub
1486 3805 1536 3873 C
1587 3808 1692 3871 καὶ
1731 3811 1895 3884 μήτε
1935 3810 1996 3872 έν
2036 3815 2308 3888 σμικροῖς
2351 3808 2503 3884 μήτ’
2543 3809 2606 3872 έν
2641 3801 2928 3884 μεγάλοις

570 3912 997 3993 ἀτιμάζωμεν,
1048 3933 1209 3996 quae
1255 3912 1447 3977 verba
1493 3918 1662 3977 recte
1711 3918 1926 3978 carent
1971 3912 2379 3998 glossemate.

661 4019 735 4082 P.
786 4016 917 4082 403
944 4017 1015 4081 B.
1078 4013 1235 4088 ὅπως
1286 4016 1593 4092 μηδέποτε
1643 4017 1802 4092 δόξει
1849 4017 2330 4098 μακρότερα
2377 4017 2681 4084 τούτων
2725 4005 2928 4092 ξυγγί-

570 4124 845 4201 γνεσθαι.
892 4120 978 4186 Η.
1027 4121 1071 4186 1.
1119 4124 1251 4188 iam
1298 4126 1541 4188 correxi
1586 4123 1833 4188 Mnem.
1883 4123 2044 4188 XIX
2091 4145 2154 4210 p.
2204 4122 2362 4189 221.

661 4227 733 4290 P.
784 4225 913 4292 405
942 4224 1011 4292 C.
1076 4225 1292 4301 ποὶσας
1357 4228 1419 4294 δὲ
1468 4227 1759 4307 διεξόδους
1810 4229 2125 4308 διεξελθὼν
2170 4231 2653 4311 ἀποστραφῆναι
2701 4215 2924 4303 λυγιζό-

564 4357 776 4413 μενος,
841 4329 994 4395 &cm
1060 4335 1147 4408 μη
1215 4342 1683 4414 παρασχεῖν
1748 4335 1935 4410 δίκην.
1999 4333 2372 4400 Formulam
2421 4335 2714 4417 παρέχειν
2759 4328 2915 4393 δίκας
