3192 5009
914 283 998 330 nn
1042 281 1664 330 msusmwnomus
1710 281 2011 330 nonme.
2524 261 2654 328 421

278 449 668 514 tribunos
733 446 1104 514 celerum
1166 469 1302 515 esse
1365 447 1767 514 confirmatos
1819 448 1897 512 ab
1945 447 2332 534 auguribus,
2381 446 2662 512 ἐπικεκυ-

278 554 495 634 paucam
544 555 659 620 ὑπὸ
706 562 824 620 τῶν
874 553 1289 633 ἐξηγουμένων
1337 557 1421 619 τὰ
1471 559 1606 620 θεῖαι
1653 555 1754 620 διὰ
1811 561 2114 630 μαντικῆς
2145 551 2217 635 ¹).
2260 551 2662 640 Virgines

280 659 335 726 V
352 683 386 727 e
404 683 434 726 s
450 669 480 726 t
496 661 572 726 al
588 683 623 727 e
640 683 670 726 s
736 683 889 728 vero
907 711 923 740 ,
975 661 1490 748 quandoquidem
1537 661 1884 726 sacerdotio
1924 659 2228 725 abeuntes
2276 679 2402 724 non
2449 657 2663 724 solum

278 769 647 834 dicebantur
716 771 1102 855 exaugurari
1119 818 1135 846 ,
1206 768 1316 834 sed
1386 771 1581 834 etiam
1651 771 1856 853 capite
1926 767 2262 832 damnatae
2332 787 2458 830 non
2518 770 2664 831 ante

274 881 651 941 necarentur
712 895 908 960 quam
970 880 1405 961 exauguratae
1469 880 1680 940 essent
1698 922 1714 950 ,
1766 878 1841 938 ut
1893 874 2002 950 „in
2049 893 2123 937 ea
2171 874 2454 943 oratione
2504 892 2664 957 quae

277 980 355 1046 de
400 981 726 1062 muribus
769 981 1183 1046 inscribitur'’
1234 983 1488 1066 scripsit
1535 978 1696 1047 Cato
1715 1029 1733 1058 ,
1782 984 1950 1045 certe
2000 981 2198 1044 etiam
2243 982 2666 1065 inauguratae

278 1093 429 1151 sunt
454 1084 507 1167 ⁹)
519 1107 537 1165 ;
611 1086 656 1151 S
673 1086 831 1152 alii
910 1093 1130 1152 autem
1206 1086 1325 1152 sub
1386 1086 1880 1171 imperatoribus
1942 1086 2314 1151 dicebantur
2373 1088 2668 1151 ineuntes

277 1195 656 1279 inaugurari
718 1199 784 1258 et
846 1192 1150 1258 abeuntes
1200 1194 1587 1280 exaugurari
1616 1190 1687 1272 3),
1737 1211 1896 1278 quae
1945 1194 2363 1258 caerimoniae
2411 1193 2669 1257 etiamsi

280 1305 425 1364 tum
486 1300 784 1366 fortassee
844 1321 971 1364 non
1033 1299 1269 1366 fiebant
1329 1321 1441 1384 per
1485 1320 1802 1386 augurem
1821 1349 1837 1377 ,
1889 1305 2106 1364 tamen
2151 1301 2261 1364 vix
2311 1301 2669 1384 potuissent

276 1407 381 1472 his
426 1406 791 1470 nominibus
839 1406 1163 1492 designari
1180 1454 1197 1483 ,
1246 1408 1373 1470 nisi
1422 1407 1780 1491 antiquitus
1827 1406 1905 1470 ab
1947 1407 2102 1492 ipsis
2141 1405 2496 1492 auguribus
2535 1425 2672 1490 per-

279 1519 455 1577 actae
516 1513 803 1578 fuissent.
878 1511 1003 1577 Sed
1064 1515 1399 1598 scriptores
1459 1514 1620 1576 iuris
1683 1515 1907 1598 periti,
1973 1532 2123 1577 cum
2181 1511 2257 1576 de
2303 1510 2670 1576 flaminibus

281 1617 555 1684 dialibus
596 1625 661 1684 et
702 1617 777 1684 de
817 1611 1203 1704 vii-iginibus
1242 1617 1597 1684 vestalibus
1645 1621 2039 1684 mentionem
2079 1618 2362 1684 facerent
2381 1667 2397 1695 ,
2445 1619 2672 1703 repeti-

176 1777 183 1784 .
279 1730 514 1791 verunt
548 1727 812 1789 initium
854 1725 1185 1790 sacerdotii
1223 1727 1293 1789 in
1330 1725 1694 1811 virginibus
1733 1725 1813 1791 ab
1853 1745 1927 1790 eo
1970 1730 2258 1810 tempore
2297 1747 2446 1790 cum
2496 1744 2672 1809 cape-

278 1838 521 1908 rentur,
585 1833 653 1894 in
699 1829 1067 1895 flaminibus
1113 1852 1265 1897 vero
1312 1831 1389 1896 ab
1436 1853 1509 1896 eo
1558 1835 1846 1916 tempore
1893 1831 2158 1897 demum
2205 1852 2357 1896 cum
2401 1834 2673 1917 inaugu-

280 1923 574 2002 rarentur
599 1937 672 2018 ⁴).
755 1935 909 2001 Inde
980 1937 1240 2002 fuerunt
1310 1940 1423 2023 qui
1491 1937 1908 2015 deducerent,
1981 1940 2268 2024 virgines
2338 1937 2458 2002 non
2537 1957 2672 2001 esse

280 2047 701 2130 inauguratas
728 2045 798 2124 ⁵).
865 2043 1109 2108 Verum
1168 2046 1505 2128 scriptores
1568 2043 1670 2108 illi
1729 2046 2000 2108 minime
2066 2049 2306 2131 negant
2322 2092 2340 2121 ,
2389 2045 2674 2129 virgines

282 2148 557 2216 vestales
618 2171 753 2215 esse
818 2151 1235 2235 inauguratae
1255 2199 1271 2228 ,
1314 2171 1439 2215 non
1488 2152 1702 2236 magis
1747 2171 1946 2236 quam
1989 2155 2228 2237 negant
2279 2154 2392 2215 aut
2439 2169 2673 2234 negare

283 2263 667 2342 potuerunt,
706 2255 995 2330 flamines
1033 2276 1168 2322 esse
1208 2263 1427 2343 captos
1445 2305 1462 2334 ,
1490 2257 1660 2342 quod
1685 2258 1932 2322 factum
1954 2277 2090 2322 esse
2115 2263 2284 2321 certo
2311 2258 2552 2321 scimus
2577 2255 2670 2334 ⁶);

286 2369 551 2449 apparet
594 2365 821 2449 igitur,
870 2362 1221 2429 sacerdotes
1239 2414 1255 2444 ‚
1309 2367 1420 2449 qui
1468 2369 1866 2450 caperentur,
1917 2363 2340 2428 nihilominus
2389 2364 2672 2448 potuisse

284 2472 679 2557 inaugurari.
730 2470 825 2536 De
874 2467 989 2536 Gai
1035 2471 1245 2535 verbis
1290 2470 1455 2536 infra
1501 2472 1563 2555 (ξ
1589 2470 1658 2552 4)
1708 2470 2086 2557 diligentius
2133 2490 2344 2555 agam.

1013 2640 1049 2723 ξ,
1094 2638 1135 2704 2
1198 2657 1283 2704 nn
1331 2655 1608 2704 comms
1655 2655 1940 2705 omns.

382 2787 661 2856 Comitia
720 2788 924 2854 calata
986 2790 1248 2854 fuerunt
1308 2793 1550 2876 partim
1611 2793 1854 2855 curiata
1869 2839 1885 2868 ‚
1934 2793 2173 2875 partim
2221 2793 2570 2856 centuriata
2597 2792 2671 2869 ⁷).

270 2894 735 2976 ⁴Memorantur
792 2897 861 2959 in
920 2896 1525 2982 inaugurationibus
1548 2897 1625 2978 ⁸),
1691 2900 1758 2962 in
1821 2899 2223 2962 testamentis
2271 2896 2574 2961 faciendis
2599 2901 2671 2977 ⁹),

288 3005 357 3067 in
419 3022 746 3067 sacrorum
811 3000 1341 3067 detestationibus
1375 3006 1470 3082 ¹⁰).
1542 3001 1870 3067 Sententia
1932 3023 2092 3088 quae
2152 3001 2340 3066 hodie
2388 3005 2670 3067 maxime

287 3107 556 3195 vulgata
624 3112 753 3184 est,
818 3129 1013 3192 quam
1077 3108 1359 3174 defendit
1418 3107 1519 3172 W.
1569 3110 1647 3173 A.
1699 3108 1938 3175 Becker
2001 3113 2066 3174 et
2128 3129 2332 3194 nuper
2377 3109 2672 3193 probavit

290 3214 653 3280 Mommsen
672 3263 688 3290 ,
748 3212 907 3278 'haec
968 3219 1099 3292 est,
1164 3214 1367 3280 calata
1414 3215 1609 3280 fuisse
1654 3235 1728 3280 ea
1775 3217 2038 3279 comitia
2083 3234 2244 3299 quae
2292 3213 2676 3279 haberentur

291 3341 329 3385 a
372 3319 679 3384 Pontifice
726 3319 1016 3385 Maximo
1046 3319 1146 3400 u).
1209 3319 1433 3406 Itaque
1485 3323 1600 3406 qui
1644 3320 1808 3386 hanc
1853 3323 2235 3386 sententiam
2281 3326 2533 3399 tenent,
2585 3342 2675 3386 se-

364 3520 418 3582 1)
454 3518 649 3583 Dionys.
682 3519 831 3571 222.
868 3546 934 3556 —
968 3519 1025 3583 2)
1060 3519 1183 3568 Gen.
1223 3517 1268 3570 7.
1290 3518 1333 3569 7.
1355 3519 1411 3578 43
1451 3517 1575 3567 Fest.
1611 3532 1718 3581 pag.
1754 3517 1868 3568 241.
1905 3543 1972 3554 —
2008 3517 2061 3581 3)
2099 3518 2220 3566 Fut.
2257 3517 2352 3567 8111.
2391 3517 2677 3582 Marquardt

297 3601 327 3649 3
362 3617 408 3665 p.
444 3599 544 3649 429
580 3601 687 3650 adu.
727 3602 777 3660 13
819 3600 1026 3666 Capitol.
1065 3601 1164 3650 vit.
1204 3602 1276 3652 M.
1312 3601 1489 3649 Anton.
1508 3601 1555 3648 4.
1576 3601 1625 3648 4.
1657 3625 1726 3636 --
1760 3602 1816 3662 4)
1853 3599 1954 3649 cni.
1979 3601 2022 3648 1.
2044 3600 2168 3650 130:
2211 3609 2486 3664 ‚praeterea
2504 3605 2677 3649 exeunt

294 3682 433 3732 liberi
469 3682 623 3732 virilis
659 3698 797 3733 sexus
830 3684 889 3732 de
923 3683 1140 3749 parentis
1172 3686 1435 3748 potestate,
1472 3682 1512 3731 si
1546 3682 1763 3731 flamines
1797 3682 1944 3731 diales
1977 3683 2339 3746 inaugurentur,
2378 3687 2426 3731 et
2460 3682 2677 3731 feminini

294 3779 455 3825 sexus,
508 3765 549 3814 si
601 3765 807 3830 virgine·
864 3763 1063 3816 vestales
1114 3764 1412 3831 cupiantur''.
1448 3764 1648 3831 Ulpinn,
1684 3765 1761 3814 lo.
1785 3767 1828 3814 ὅ.
1883 3791 1948 3802 --
2001 3765 2056 3828 5)
2093 3765 2364 3813 Mommsen
2404 3766 2434 3812 3
2468 3780 2572 3828 pag.
2611 3767 2676 3812 34

294 3848 403 3897 adu.
440 3849 485 3905 3,
523 3848 685 3911 Marq.
721 3850 750 3897 3
785 3863 835 3912 p.
868 3849 966 3896 338
1002 3848 1177 3896 adn.2.
1211 3875 1278 3884 —
1313 3847 1367 3906 6)
1402 3846 1524 3896 Gen.
1565 3847 1800 3896 1.12.15
1839 3849 1887 3895 et
1926 3847 2008 3903 163
2053 3845 2153 3894 Liv.
2177 3845 2322 3897 27.8.
2359 3873 2425 3883 —
2460 3845 2515 3912 7)
2551 3846 2676 3895 Gell.

299 3930 375 3980 15.
394 3929 541 3981 27.2.
593 3957 661 3967 —
712 3931 769 3993 8)
804 3930 927 3979 Gon.
966 3929 1037 3978 1.1.
1072 3930 1159 3991 51.
1194 3957 1262 3967 —
1312 3931 1369 3994 9)
1405 3928 1505 3977 eni.
1542 3929 1730 3986 2.101;
1783 3927 1974 3994 Ulpian.
2015 3929 2170 3986 10.2;
2207 3927 2332 3977 eeu.
2367 3927 2438 3976 1.1.
2481 3930 2566 3990 58.
2612 3956 2678 3965 —

297 4011 380 4071 10)
422 4011 545 4060 (3011.
585 4011 636 4060 11.
674 4013 763 4071 53.
820 4039 887 4048 —
940 4011 1024 4071 11)
1072 4011 1259 4061 Becker
1294 4010 1561 4060 Handbuch
1599 4011 1647 4060 2.
1671 4012 1695 4059 1
1737 4027 1844 4075 pag.
1880 4011 2002 4060 36⁵:
2059 4009 2324 4059 ‚zunichst
2368 4010 2432 4059 ist
2476 4009 2679 4059 dai-iiber

296 4093 407 4143 kein
442 4094 657 4152 zweifel,
696 4094 802 4142 dm
834 4093 901 4143 aie
922 4109 1015 4158 pro
1048 4094 1241 4158 colleyio
1270 4094 1547 4160 pontifi-un
1581 4093 1804 4157 gehalten
1838 4093 2057 4151 vui-den,
2093 4094 2138 4141 d.
2160 4093 2206 4142 h.
2242 4093 2348 4141 dm
2392 4092 2469 4141 die
2516 4092 2678 4141 Ponti·
2759 4109 2762 4112 ’

298 4177 407 4225 flcea
449 4176 579 4225 krust
625 4175 761 4224 ihrer
806 4175 987 4224 warde
1024 4177 1121 4225 und
1154 4175 1284 4224 ihm
1317 4175 1487 4225 Ambts
1518 4174 1593 4224 die
1633 4174 2000 4239 Versammlung
2031 4174 2238 4224 berielen
2275 4176 2370 4223 und
2405 4174 2476 4223 als
2511 4174 2681 4223 versit·

296 4259 439 4308 tende
489 4257 744 4308 abhiclten.
792 4257 921 4307 Eheu
973 4258 1121 4307 daher
1174 4258 1361 4307 heissen
1413 4259 1481 4307 aie
1529 4259 1653 4308 auch
1698 4260 1892 4317 calata,
1939 4257 2100 4307 indum
2144 4260 2329 4316 calare,
2376 4272 2512 4306 wenu
2545 4258 2678 4308 nicht

296 4339 737 4404 oigenthumlieher,
768 4339 887 4390 doch
919 4339 1280 4389 alterthiimlich
1311 4339 1668 4389 beibehaltener
1697 4339 1945 4388 Auedruck
1974 4340 2060 4388 der
2088 4339 2450 4404 priesterlichen
2471 4341 2680 4404 Sprache

300 4421 387 4482 iat,
422 4423 521 4471 und
554 4425 791 4472 calatom
824 4423 1167 4486 vonugsweiue
1203 4423 1280 4472 die
1312 4423 1487 4472 Diener
1512 4424 1595 4472 der
1623 4421 1880 4472 Pontifices
1909 4427 2122 4486 genennt
2139 4420 2376 4472 ποι-ἀεί’.
2409 4423 2679 4473 Mommsen

2322 4516 2386 4571 37
