3192 5009
1204 262 1618 311 somnomus.
2561 244 2601 311 9

267 453 398 497 nam
452 432 797 517 interponit
857 430 986 496 fere
1032 435 1222 515 poeta
1265 429 1611 516 dactylicos
1659 450 1882 495 versus
1902 479 1917 508 ,
1970 451 2172 515 quum
2217 452 2283 496 se
2330 433 2605 519 accingit

266 554 334 618 ad
372 574 607 619 novum
649 560 1142 618 monumentum
1188 552 1635 618 celebrandum
1654 601 1669 630 ,
1719 558 1784 617 et
1831 572 2049 618 revera
2093 554 2350 640 strophe
2395 528 2485 621 Z
2529 554 2606 621 de

261 665 382 731 loco
425 672 521 731 est
538 715 554 744 ‚
602 666 714 731 ubi
761 686 916 731 crux
962 668 1162 731 stetit.
1848 666 1851 669 ’

337 786 505 853 Inter
569 788 858 873 strophas
926 762 1016 855 Z
1074 791 1140 853 et
1203 762 1299 856 Θ
1370 787 1868 881 interponuntur·
1925 786 2132 852 denuo
2194 786 2319 852 duo
2382 808 2605 854 versus

261 898 571 986 dactylici:

770 995 906 1063 Ὠς
956 988 1134 1068 μέγα
1183 998 1304 1055 σεῖο
1354 986 1526 1059 κλέος
1575 984 1843 1068 Φαίδιμε
1890 986 2089 1068 πέτρα

778 1095 994 1175 ςαυρὸς
1046 1092 1160 1172 ὅπη
1210 1096 1489 1177 μερόπων
1531 1091 1748 1175 λύτρον
1798 1094 2063 1177 ἐπήχθη.

257 1216 456 1285 Obiter
501 1240 642 1284 rem
679 1218 1212 1285 considerantibus
1252 1220 1510 1305 strophe
1556 1197 1649 1288 H
1695 1216 1910 1282 deesse
1948 1217 2291 1296 videbitur,
2334 1218 2445 1284 sed
2482 1240 2608 1284 non

259 1339 342 1397 est
381 1334 472 1397 ita
522 1340 588 1397 et
632 1331 794 1396 nihil
837 1353 1095 1418 prorsus
1143 1330 1396 1397 excidit.
1445 1330 1627 1398 Solet
1671 1336 1861 1417 poeta
1877 1380 1893 1408 ‚
1941 1332 2042 1395 uti
2088 1329 2255 1408 dixi,
2321 1329 2610 1417 dactylos

259 1459 388 1503 suos
450 1436 819 1503 intercalare
839 1486 856 1515 ‚
907 1439 1019 1503 ubi
1066 1438 1145 1503 ad
1193 1459 1440 1503 novum
1485 1443 1780 1504 sanctum
1824 1434 2041 1501 locum
2086 1440 2413 1523 pervenit:
2460 1439 2612 1502 hinc

259 1566 338 1608 vs.
387 1542 470 1610 67
521 1549 622 1609 est
665 1542 825 1609 illud
865 1553 1053 1624 χαῖρε
1094 1545 1248 1609 Σιών
1289 1550 1355 1611 et
1393 1544 1476 1610 81
1518 1544 1909 1623 Προβατικῆς
1949 1542 2135 1619 <irinc
2177 1542 2357 1608 ἔνδοθι
2391 1543 2610 1623 βαίνω,

257 1650 354 1715 sed
393 1651 494 1716 bis
543 1656 746 1715 metro
792 1656 1048 1715 coactus
1094 1651 1242 1716 fecit
1287 1651 1455 1736 quod
1501 1650 1711 1716 solum
1758 1648 2079 1734 reliquum
2127 1652 2186 1715 ei
2232 1655 2384 1715 erat.
2452 1650 2615 1730 Quia

259 1756 688 1822 Anacreontici
745 1777 968 1821 versus
1029 1778 1153 1823 non
1211 1762 1478 1843 possunt
1539 1759 1816 1843 incipere
1879 1776 1916 1820 a
1977 1755 2171 1843 longa
2218 1755 2461 1843 syllaba
2480 1806 2497 1835 ,
2543 1760 2613 1822 in

259 1870 533 1928 extremo
579 1864 858 1927 carmine
903 1863 1396 1929 Anacreonticae
1443 1862 1735 1950 strophes
1778 1860 1917 1927 loco
1962 1862 2116 1927 haec
2162 1863 2385 1928 habet:

787 1960 930 2051 ΨΩ
979 1984 1184 2061 γλυκὺ
1231 1992 1467 2053 πλεῖς-α
1514 1984 1725 2058 orbam,-
1772 1983 1983 2065 ἔξοχον
2032 1980 2191 2064 οὖρος
2215 2034 2231 2063 ,
2360 2040 2363 2045 .

257 2105 312 2161 et
349 2103 570 2163 nostro
615 2093 750 2161 loco
801 2102 1058 2181 propter
1103 2116 1362 2161 causam
1407 2097 1709 2162 eandem:

802 2192 938 2284 *H
982 2217 1163 2296 μέγα
1211 2224 1335 2281 σεῖο
1384 2218 1559 2291 κλέος
1606 2218 1873 2298 Φαίδιμε
1920 2218 2139 2297 πέτρα.

255 2328 440 2415 Saepe
507 2324 548 2401 ἦ
607 2334 672 2393 et
706 2330 808 2399 -ὦς
872 2332 940 2396 in
1004 2328 1342 2396 Codicibus
1389 2330 1866 2396 confunduntur
1882 2380 1899 2410 ,
1948 2330 2059 2397 sed
2105 2350 2421 2415 nusquam
2466 2349 2618 2394 vera

252 2433 428 2501 lectio
475 2456 633 2501 cum
677 2438 918 2502 maiore
964 2436 1283 2501 evidentia
1325 2439 1546 2522 reponi
1593 2442 1825 2525 potest.

331 2540 509 2623 Quae
559 2545 849 2629 sequitur
896 2542 1158 2629 strophe
1194 2545 1448 2631 integra
1487 2548 1777 2630 superest
1794 2592 1810 2621 ‚
1852 2543 1963 2609 sed
2001 2542 2253 2609 difficile
2291 2548 2389 2609 est
2412 2540 2617 2607 dicere

255 2661 322 2728 de
363 2664 626 2751 strophe
672 2642 751 2745 Ῑ,
799 2684 961 2751 quae
1006 2665 1074 2729 in
1119 2661 1346 2730 Codice
1391 2667 1482 2730 sic
1528 2664 1807 2751 legitur:

859 2764 1026 2855 “Im
1072 2782 1422 2863 παμμέδων
1469 2785 1703 2868 ‘textina
1862 2868 1867 2874 ¹

970 2894 1430 2978 κεχαραγμένον
1478 2901 1765 2977 νοκφῆος

974 3000 1152 3070 εἰκόνι
1200 3002 1399 3080 σέβας
1450 3004 1741 3084 προσοίσω

974 3109 1218 3190 γόνατα
1269 3109 1558 3190 δραμοιμι
1608 3110 1901 3190 κάμψας.

255 3216 600 3306 Matr-ange
647 3224 866 3284 antem
912 3216 1112 3284 edidit
1159 3218 1284 3282 sic:

885 3320 983 3390 ἵνα
1031 3322 1374 3401 παμμέδων
1421 3324 1708 3402 ταχύνας

979 3430 1426 3511 κεχαραγμένη
1473 3437 1759 3509 γραΦῆος

981 3536 1179 3615 σέβας
1230 3534 1408 3601 εἰκόνι
1457 3534 1751 3615 προσοίσω

981 3642 1222 3721 γόνατα
1271 3642 1560 3721 δραμοιμι
1612 3640 1892 3720 κάμψαι.

257 3749 499 3816 Eadem
544 3749 855 3835 leguntur
899 3749 1071 3836 apud
1118 3748 1477 3816 Christium
1492 3797 1508 3826 ‚
1558 3752 2008 3834 praeterquam
2054 3745 2221 3832 quod
2266 3746 2371 3810 hic
2417 3744 2633 3811 admo-

257 3856 412 3921 dum
485 3855 757 3921 absurde
825 3858 1078 3942 scripsit
1134 3856 1379 3933 γόνατα
1441 3854 1736 3933 δραμοιμι
1799 3852 2179 3931 κάμψας,
2245 3855 2426 3937 quasi
2489 3854 2632 3938 quis

257 3968 470 4047 posset
533 3963 778 4042 τρέχειν
839 3963 1109 4045 καμψας
1157 3962 1243 4026 τὰ
1293 3959 1558 4039 γόνατα.
1620 3960 1892 4045 Reliqua
1937 3964 2155 4025 autem
2200 3959 2453 4045 probari
2497 3980 2636 4045 pos-

257 4074 404 4133 sunt
423 4116 440 4147 ,
516 4073 781 4153 excepto
849 4066 961 4133 ino
1025 4066 1311 4146 ταχύνας
1332 4115 1347 4144 ,
1415 4088 1538 4152 quo
1601 4087 1858 4152 prorsus
1918 4064 2082 4129 nihil
2138 4063 2487 4151 proficitur.
2558 4062 2633 4128 In

260 4174 490 4255 τεχύνῃ
561 4172 722 4239 latet
791 4174 1075 4257 τέχνῃ,
1142 4179 1218 4238 ut
1276 4173 1442 4237 mihi
1484 4171 1742 4237 videtur
1758 4192 1775 4249 ;
1826 4177 1971 4236 tum
2016 4171 2203 4237 video
2248 4174 2318 4234 in
2363 4170 2635 4235 aliarum

260 4282 671 4367 stropharum
728 4282 929 4345 initiis
977 4281 1251 4345 abusum
1297 4278 1614 4365 quendam
1661 4279 2119 4343 coniunctionis
2169 4276 2233 4342 δέ
2281 4282 2345 4341 et
2391 4297 2637 4342 memor

259 4408 352 4451 vs.
401 4386 446 4451 4
493 4384 572 4451 ἵν’
625 4368 952 4463 drame&
1001 4385 1222 4451 ἐσέλθω
1243 4434 1260 4463 ,
1310 4383 1559 4452 Codicis
1608 4387 1992 4472 scripturam
2038 4386 2128 4449 sic
2174 4382 2570 4447 refinxerim:
