3192 5009
580 209 711 280 1¹72
1534 233 1982 282 ARISTOTELES.

1030 397 1489 477 συμμαρτυροίη
1538 400 1725 462 ταῦτ’
1775 397 1851 463 ἂν
1901 399 1959 463 ἕν
2009 397 2142 481 δίκῃ
2191 397 2407 479 χρόνου
2483 439 2492 446 ·

1027 503 1231 584 μήτηρ
1277 505 1553 582 μεγίστη
1603 503 1903 582 δαιμόνων
1947 506 2320 584 Ὀλυμπίων

1027 608 1293 694 ἄριστα,
1342 618 1430 685 Γῆ
1477 613 1787 688 μέλαινα,
1842 618 1962 676 eto·

572 716 745 783 Novi
804 721 955 780 sunt
1015 736 1239 781 versus
1286 719 1536 802 primus
1583 724 1649 784 et
1697 717 2012 784 secundus
2033 767 2048 795 ,
2098 717 2344 803 reliqua
2391 717 2565 804 apud
2611 717 2972 782 Aristidem

573 829 638 888 et
684 822 1111 888 Plutarchum
1154 823 1482 910 leguntur.
1533 826 1815 889 Aunotat
1863 825 2101 890 editor:
2153 825 2305 902 „the
2352 825 2530 890 word
2578 823 2965 902 ἄξονῆλατον

570 933 627 995 is
682 952 719 995 a
780 935 1038 1016 strange
1085 931 1285 1008 one”;
1333 930 1607 996 libenter
1653 932 1976 1008 assentior,
2042 929 2153 996 sed
2213 929 2710 1016 haudquaquam
2773 929 2968 994 credo

572 1035 715 1101 coll.
778 1035 1007 1100 Aesoh.
1072 1034 1297 1123 Suppl.
1354 1035 1477 1102 181
1545 1037 1700 1101 ferri
1764 1043 1978 1102 tamen
2038 1057 2222 1122 posse
2283 1036 2362 1100 ad
2407 1035 2814 1101 indicandum
2889 1056 2973 1114 „a

573 1147 820 1208 torture
868 1142 1024 1208 such
1072 1163 1139 1207 as
1190 1144 1331 1207 that
1380 1143 1455 1208 of
1488 1141 1738 1208 Ixion'’.
1789 1142 1933 1208 Nisi
1978 1141 2166 1207 fallor
2213 1141 2408 1208 Solon
2458 1141 2753 1208 dederat:

669 1247 789 1323 ἐγὼ
839 1246 901 1311 ὃὲ
950 1253 1066 1313 τῶν
1113 1249 1228 1326 μὲν
1275 1244 1494 1314 οὕνεκα
1542 1249 2048 1337 ’ξανήγαγον
2097 1251 2166 1328 (i.
2194 1270 2247 1314 e.
2298 1254 2375 1312 ut
2421 1269 2539 1326 nos
2585 1248 2969 1324 scribimuS,

2305 1351 2498 1419 οὕνεκ’
2545 1353 2975 1434 ἐξανῆγαγον)

669 1459 879 1542 δῆμον,
930 1461 1254 1525 τοιούτων
1300 1461 1437 1539 πρὶν
1486 1463 1724 1541 τυχὼν
1771 1459 2172 1538 ἐπαυσάμην,
2219 1465 2340 1526 eto.

587 1566 775 1628 Testis
833 1566 982 1628 mihi
1044 1573 1163 1630 esto
1223 1566 1360 1650 ipsa
1407 1591 1581 1652 quam
1628 1567 1882 1631 liberavi
1936 1568 2122 1631 Terra
2139 1615 2156 1643 ,
2207 1589 2296 1629 me
2343 1589 2415 1629 ea·
2460 1566 2621 1630 hisce
2665 1565 2972 1630 aerumnis

578 1671 878 1735 civitatem
938 1671 1193 1736 eremi-we
1208 1721 1225 1749 ,
1289 1675 1472 1737 donee
1531 1671 1760 1736 invitus
1823 1673 1894 1735 ab
1958 1671 2238 1736 instituto
2285 1694 2406 1736 meo
2455 1673 2685 1736 destiti.
2761 1671 2972 1752 Quam

577 1777 740 1842 lenis
809 1783 875 1842 et
942 1777 1123 1842 nulla
1191 1778 1320 1844 fere
1390 1781 1476 1843 sit
1538 1781 1842 1845 correctio
1909 1785 2790 1846 ΟΤΝΕΚΛΞΑΝΗΓΛΓΟΝ
2850 1799 2966 1864 pro

581 1891 1477 1951 οτΝΕκΛΞοΝΗΛΑΤοΝ
1528 1887 1742 1971 quivis
1791 1885 1988 1950 videt.

668 2097 821 2186 Cap.
876 2097 980 2164 13.
1044 2099 1398 2185 Postquam
1464 2098 1659 2166 Solon
1721 2101 1946 2165 urbem
1992 2099 2257 2185 reliquit
2303 2121 2418 2185 per
2467 2099 2968 2185 quadriennium

576 2205 745 2270 nihil
784 2204 1171 2272 tumultuati
1208 2211 1359 2271 sunt
1397 2207 1816 2272 Athenienses
1835 2255 1851 2284 ,
1893 2206 2005 2271 sed
2045 2209 2269 2291 quinto
2310 2227 2473 2272 anuo
2500 2206 2735 2271 archon
2760 2205 2970 2271 faetus

576 2334 703 2377 non
765 2316 863 2378 est
925 2312 1024 2377 διὰ
1091 2313 1199 2388 τὴν
1262 2315 1561 2395 στ[οὶσ]ιν,
1630 2311 1734 2376 καὶ
1796 2310 1991 2376 πάλιν
2039 2309 2160 2376 ἔτει
2211 2310 2482 2391 πέμπτῳ
2528 2313 2568 2352 ⁸¹
2616 2315 2725 2385 τὴν
2775 2313 2970 2382 αὐτὴν

580 2419 791 2482 αἰτίαν
840 2419 1115 2498 ἀρχαίαν
1158 2419 1197 2458 *
1245 2418 1557 2494 ἐποΙησαν.
1587 2456 1673 2466 -
1699 2417 1878 2498 „The
1916 2417 2060 2483 MS.
2104 2418 2368 2505 reading
2413 2421 2471 2483 is
2507 2423 2803 2504 corrupt,
2845 2417 2969 2483 and

578 2526 689 2590 the
738 2524 1032 2611 simplest
1082 2525 1205 2590 and
1250 2532 1421 2590 most
1467 2525 1766 2610 probable
1811 2527 2163 2590 correction
2211 2546 2416 2590 seems
2461 2531 2528 2590 to
2576 2526 2656 2590 be
2701 2531 2770 2590 to
2818 2524 2967 2590 read

580 2630 679 2696 διὰ
728 2630 838 2704 τὴν
886 2632 1078 2706 αὐτὴν
1130 2632 1339 2696 αἰτίαν
1386 2633 1585 2710 ἆρχῆν
1635 2633 1740 2695 οὐκ
1789 2631 2145 2704 ἐποίησαν”.
2212 2629 2316 2696 Sic
2365 2631 2589 2696 editor.
2637 2631 2968 2719 Praeposi-

578 2742 820 2804 tionem
880 2738 978 2804 δια
1044 2745 1270 2826 gratus
1333 2738 1409 2803 ab
1479 2759 1552 2804 eo
1621 2741 1860 2823 accipio
1920 2737 2030 2804 vel
2088 2739 2302 2823 potius
2347 2759 2426 2802 ex
2471 2736 2704 2825 fragm.
2753 2735 2964 2803 Berol.

576 2843 841 2930 suppleo
863 2893 879 2922 ,
946 2845 1056 2910 sed
1116 2847 1183 2908 in
1238 2829 1426 2910 exitu
1488 2847 1837 2910 sententiae
1903 2843 2274 2932 corrigendo
2323 2865 2476 2909 eum
2524 2865 2650 2910 non
2697 2863 2963 2929 sequor:

574 2950 923 3037 legendum
968 2958 1065 3016 est
1112 2949 1241 3015 διὰ
1289 2953 1397 3023 τὴν
1446 2953 1641 3024 αὐτὴν
1689 2951 1901 3015 αἰτίαν
1950 2950 2368 3032 ἀναρχίαν
2421 2950 2733 3023 ἐποίησαν.

667 3056 1189 3145 Haplographiae
1247 3059 1501 3143 insigne
1561 3058 1682 3121 hoo
1747 3063 1844 3121 est
1905 3055 2280 3143 exemplum
2298 3104 2314 3135 ,
2369 3056 2587 3142 qualia
2633 3055 2968 3142 complura

577 3163 784 3229 editor
828 3163 1175 3249 prudenter
1221 3163 1622 3240 emendavit,
1666 3184 1765 3228 ex.
1808 3185 1906 3250 gr.
1953 3164 2037 3227 τὰ
2079 3165 2190 3238 μὲν
2231 3163 2542 3242 χρήματα
2581 3166 2768 3242 (τὰ)
2797 3185 2966 3240 προσ-

575 3268 748 3332 ιόντα
807 3290 859 3333 ο.
912 3268 1019 3346 29,
1094 3269 1178 3338 εἰς
1244 3268 1513 3333 ἐνιαυτὸν
1580 3267 2017 3345 (βουλεύειν).
2083 3267 2403 3346 βουλεύειν
2465 3268 2529 3332 δὲ
2589 3291 2641 3333 ο.
2694 3266 2803 3345 30,
2869 3265 2966 3348 ἄρ·

577 3397 795 3454 χοντος
866 3369 1027 3451 (ὃς)
1092 3370 1228 3452 ἦρξε
1299 3395 1351 3438 o.
1403 3373 1511 3438 33.
1576 3373 1778 3461 Fugit
1843 3395 1995 3439 eum
2061 3373 2272 3439 simile
2336 3375 2576 3438 vitium
2621 3375 2691 3437 in
2735 3394 2790 3438 o.
2843 3371 2964 3438 31:

578 3483 688 3550 τὴν
731 3479 791 3542 δὲ
827 3477 1058 3554 βουλὴν
1098 3478 1347 3543 ἐπειδὰν
1390 3481 1762 3557 καταστήσῃ
1803 3483 2148 3566 ποιήσασαν
2178 3477 2458 3554 ἐξέτασιν
2481 3475 2692 3548 ὅπλοις
2719 3477 2964 3542 ἑλέσθαι

556 3584 728 3650 -δέκα
771 3582 995 3663 ἄνδρας
1035 3590 1177 3663 eto„
1222 3586 1336 3650 ubi
1372 3585 1756 3672 legendum:
1797 3585 1907 3657 τὴν
1946 3586 2008 3649 δὲ
2049 3583 2299 3663 βουλὴν,
2328 3585 2579 3650 ἐπειδὰν
2603 3595 2963 3664 καταστῇ,

578 3693 928 3766 ποιήσασαν
990 3689 1271 3768 ἐξέτασιν
1322 3692 1481 3769 (ἐν)
1532 3687 1741 3762 ὅπλοις
1793 3697 1942 3770 eto.;
1992 3698 2062 3754 ut
2093 3691 2360 3774 primum
2404 3690 2722 3755 institam
2748 3689 2966 3777 suevit

574 3804 815 3862 senatus
860 3797 1017 3861 cives
1064 3804 1322 3862 armatos
1362 3803 1694 3862 convocato.
1735 3796 1933 3862 Aliud
1974 3781 2164 3883 idque
2201 3799 2356 3862 satis
2385 3796 2736 3862 ridiculum
2770 3796 2964 3862 habes

574 3907 645 3968 in
705 3904 829 3969 fine
892 3906 1119 3989 capitis
1182 3903 1291 3982 49,
1357 3905 1469 3968 ubi
1532 3903 1609 3968 de
1671 3909 1896 3968 senatu
1959 3903 2195 3968 dicitur
2255 3911 2518 3968 συνοικεῖ
2557 3903 2619 3967 δὲ
2669 3903 2773 3966 καὶ
2821 3910 2959 3972 ταῖς

578 4007 809 4083 ἄλλαις
858 4011 1091 4090 ἀρχαῖς
1142 4008 1225 4074 τὰ
1275 4017 1580 4075 πλεῖστατ
1631 4008 1978 4096 legendum
2025 4031 2158 4074 esse
2199 4010 2579 4092 συν[δι]οικεῒ
2609 4029 2798 4074 nemo
2837 4031 2964 4073 non

574 4115 753 4180 videt
766 4164 781 4192 ,
832 4115 1093 4179 omn-ibus
1137 4115 1585 4198 magri-stratibus
1634 4115 1883 4179 comino
1932 4117 2121 4179 adest.

655 4222 1161 4309 Dittographiae
1232 4222 1526 4308 exempla
1593 4221 1906 4306 quaedam
1975 4227 2204 4288 notatu
2272 4244 2398 4289 non
2474 4223 2692 4288 minus
2768 4222 2964 4309 digna

581 4329 843 4417 praebet
879 4328 1061 4406 liber,
1102 4350 1381 4414 quorum
1418 4327 1725 4393 nonnulla
1763 4329 2072 4395 indicavit
2097 4329 2320 4408 editor,
2345 4352 2400 4396 e.
2425 4353 2492 4418 g.
2523 4329 2963 4409 πενθημίμερον
