3192 5009
577 203 611 266 6
630 203 659 264 l
1602 222 1956 270 nominos.

602 389 845 451 mutari
896 407 1079 473 posse
1128 385 1429 454 videntur
1482 389 1551 451 in
1602 387 1773 468 ἐθέλῃ
1825 387 2148 464 νειπόντος,
2203 387 2334 453 εἴδω
2381 387 2521 454 τίνοι
2572 387 2804 469 νέργα,
2860 381 2997 461 ἦλθε

603 495 770 571 nesi,
825 487 997 564 ἦλθον
1045 495 1350 572 ἕνεικοστῷ
1380 489 1453 574 ¹).
1504 491 1630 558 Sed
1668 494 2000 580 prudentis
2046 498 2254 560 critici
2301 518 2427 562 non
2471 502 2570 561 est
2591 545 2608 574 ,
2660 496 2998 582 digamma

603 604 681 664 ut
740 601 1119 664 reviviscere
1184 602 1417 685 possit,
1480 599 1782 686 iugulare
1842 600 2160 687 syllabam
2205 604 2521 680 vicinam,
2573 623 2627 667 θ.
2654 624 2722 689 g.
2779 601 3001 666 εἰδόσιν

605 704 767 782 ὔμμι
804 704 968 796 rep&
1010 716 1067 770 Ψ
1100 702 1251 783 787,
1305 705 1480 769 ἀλλὰ
1529 705 1695 793 περιέ-ῳ
1747 731 1796 781 μ
1830 705 1979 783 156,
2022 709 2370 786 Φωνήσασα
2406 709 2591 798 νέπεέ
2637 718 2689 772 Ο
2721 707 2813 772 35
2859 713 2998 783 etc„

605 810 794 889 δάκρυ
836 812 1074 890 χέουσα
1110 811 1294 898 rin-ega
1338 821 1387 875 X
1415 809 1523 889 81,
1565 816 1887 874 τοσσαῦται
1926 811 2108 900 πέτρα
2149 824 2191 877 Β
2222 811 2373 890 328,
2403 819 2500 877 νοῦ
2524 814 2708 894 νέργα
2741 822 2814 877 Ω
2847 811 2997 888 354,

604 916 745 982 οὔτε
791 917 950 982 rin-sc
1002 926 1051 981 E
1082 913 1249 995 8793
1300 917 1571 1002 vulgata
1615 915 1774 994 ὔμμ’
1817 918 1993 998 ἐρέω,
2037 919 2186 982 ἀλλ’
2230 919 2402 997 ἐρέω,
2449 917 2780 997 <heudone-⁹
2821 918 2996 994 ἔπεα,

600 1022 812 1104 χέουσ’
874 1021 1066 1100 ἔπεα,
1131 1025 1428 1088 τοσσαῦτ’
1488 1021 1669 1102 ἔτεα,
1736 1021 1864 1088 νόου
1913 1024 2106 1103 ἔργα,
2158 1024 2288 1089 οὔτ’
2341 1024 2481 1090 ἔπεϊ
2529 1032 2643 1091 aut
2685 1025 3000 1092 servanda

598 1137 749 1195 sunt
798 1135 911 1194 aut
956 1129 1084 1194 alia
1132 1132 1377 1194 ratione
1429 1129 1706 1195 sananda
1733 1127 1804 1212 ²).
2373 1117 2384 1120 ’

691 1235 837 1302 Non
893 1236 970 1300 ab
1030 1257 1158 1302 uno
1219 1243 1438 1301 autem
1497 1239 1636 1301 viro
1699 1257 1902 1322 neque
1949 1259 2080 1303 una
2128 1244 2334 1304 aetate
2381 1243 2652 1305 insertas
2701 1261 2845 1305 esse
2893 1261 3000 1305 vo-

600 1343 775 1410 culas
838 1363 1333 1428 supervacaneas
1351 1393 1369 1420 ,
1424 1344 1659 1428 quibus
1712 1343 2044 1431 digamma
2083 1349 2322 1431 passim
2361 1346 2814 1412 oblitteratum
2863 1352 2961 1411 est
2984 1393 3000 1422 ,

566 1445 803 1536 'neque
864 1452 1233 1535 importuno
1296 1451 1511 1534 studio
1578 1449 1749 1516 male
1811 1451 2182 1517 sedulorum
2228 1454 2568 1518 hominum
2615 1453 2840 1518 deberi
2891 1450 2998 1516 sed

600 1577 751 1622 casu
818 1557 1146 1640 irrepsisse
1208 1555 1542 1642 plerasque
1562 1604 1578 1633 ,
1641 1556 1708 1620 id
1779 1577 1816 1621 a
1877 1558 2058 1622 nobis
2133 1559 2556 1625 demonstrari
2633 1580 2799 1645 opus
2875 1578 2994 1622 non

600 1670 697 1728 est
726 1660 810 1742 3);
875 1661 984 1726 sed
1029 1664 1299 1727 minime
1348 1671 1495 1726 sunt
1541 1662 1942 1750 neglegenda
1988 1663 2225 1730 indicia
2274 1685 2434 1750 quae
2484 1664 2712 1730 docent
2761 1665 2996 1738 libros,

602 1790 727 1855 quo
766 1773 917 1831 sunt
952 1770 1341 1853 antiquiores
1358 1817 1375 1845 ,
1418 1789 1492 1833 eo
1532 1771 1822 1854 puriores
1862 1790 1997 1835 esse
2039 1770 2117 1834 ab
2157 1770 2475 1836 eiusmodi
2515 1770 2996 1844 additamentis,

606 1879 671 1940 et
715 1872 1037 1938 nonnullis
1084 1881 1252 1939 certe
1285 1873 1441 1939 locis
1483 1877 1760 1962 vestigia
1800 1875 2117 1962 digammi
2157 1898 2295 1943 sero
2335 1876 2686 1942 admodum
2727 1897 2765 1941 e
2809 1881 2993 1941 textu

600 1981 835 2046 tradito
900 1983 1249 2046 evanuisse.
1315 1979 1419 2046 Sic
1484 1989 1554 2044 Ω
1583 1979 1716 2046 320
1771 2003 1937 2046 unus
1985 2003 2268 2070 papyrus
2315 1983 2754 2048 Bankesianus
2803 1982 2993 2046 habet

598 2088 667 2153 id
727 2087 894 2174 quod
955 2086 1215 2152 dederat
1258 2093 1448 2173 poeta
1468 2136 1483 2164 ‚
1534 2089 1638 2152 διὰ
1687 2086 1906 2159 ἄστεος
1926 2137 1943 2166 ,
1994 2091 2063 2153 in
2110 2090 2428 2155 codicibus
2477 2111 2630 2155 vero
2680 2095 2796 2154 aut
2851 2087 2992 2164 ὑπὲρ

600 2191 819 2265 ἄστεος
868 2198 965 2258 est
1011 2201 1124 2258 aut
1166 2201 1259 2242 —'
1293 2215 1483 2260 versu
1530 2192 1926 2260 claudicante
1977 2233 2052 2243 —-
2095 2197 2171 2260 δι’
2221 2196 2462 2267 ἄστεος.
2511 2205 2561 2260 Φ
2592 2194 2724 2260 399
2769 2214 2992 2260 veram

599 2299 943 2365 lectionem
979 2293 1137 2362 ὅσσοι
1178 2297 1395 2376 ἔοργας
1439 2301 1699 2385 praebet
1739 2303 1921 2365 testis
1959 2305 2448 2386 antiquissimus
2467 2351 2483 2380 ,
2525 2303 2992 2382 Ambrosianus

598 2408 845 2492 pictus:
892 2408 961 2468 in
1008 2408 1384 2471 recentiores
1425 2407 1670 2472 codices
1705 2410 1972 2494 irrepsit
2008 2429 2395 2494 pronomen:
2440 2404 2598 2472 ὅσσα,
2639 2407 2714 2486 μ’
2744 2406 2988 2485 ἔοργας.

600 2512 701 2576 Ex
760 2510 1024 2577 Hesiodi
1088 2511 1408 2577 codicibus
1464 2513 1639 2578 idem
1688 2513 1903 2578 docuit
1948 2513 2171 2579 FLAGH
2219 2516 2472 2579 ἄίιεσιεπ
2516 2515 2993 2578 Hesiod-Hand-

598 2617 901 2703 schmften
924 2639 985 2702 p.
1020 2614 1121 2694 17,
1156 2617 1226 2682 l:
1276 2621 1345 2682 in
1384 2620 1595 2684 codice
1642 2617 1927 2706 Operum
1967 2627 2030 2685 et
2069 2619 2340 2686 Dierum
2381 2624 2494 2707 qui
2517 2629 2756 2686 ceteros
2781 2625 2990 2684 aetate

601 2729 893 2810 superat,
941 2723 1231 2790 Mediceo
1282 2723 1390 2802 31,
1419 2724 1503 2790 39
1547 2725 1786 2791 saeculi
1827 2727 1922 2790 XI
1964 2727 2069 2793 vel
2107 2728 2256 2805 XII,
2298 2729 2506 2794 multo
2546 2731 2753 2793 rarius
2791 2747 2988 2814 quam

598 2831 665 2894 in
726 2831 1183 2895 recentioribus
1231 2832 1620 2918 apographis
1666 2831 1899 2898 vocula
1947 2833 2006 2896 τ’
2056 2837 2295 2898 inserta
2340 2841 2437 2900 est
2481 2841 2628 2931 ante
2677 2833 2988 2900 vocabula

598 2957 759 3022 quae
805 2939 874 3001 in
919 2937 1147 3023 lingua
1194 2939 1371 3023 epica
1418 2958 1455 3002 a
1501 2936 1720 3003 littera
1768 2960 1897 3005 vau
1943 2943 2281 3026 incipiunt.

636 3133 717 3202 ¹l)
762 3133 1019 3183 ‘'ontraria
1062 3137 1133 3182 cst
1176 3133 1351 3183 Generi
1398 3133 1559 3198 opinio
1617 3134 1739 3198 (vid.
1787 3129 1888 3185 eius
1937 3137 2144 3186 recensio
2190 3136 2358 3187 Iliadis
2393 3141 2582 3188 nostrae
2616 3137 2666 3188 iu
2701 3139 2838 3188 Ber-1.
2887 3138 2992 3188 Wo-

598 3213 894 3280 chemehrist
945 3217 1011 3264 80
1058 3216 1180 3264 Nov.
1236 3215 1407 3277 1889„
1463 3216 1521 3280 dc
1573 3232 1626 3264 re
1670 3217 1840 3280 igitur,
1887 3233 2006 3281 quae
2053 3233 2147 3268 non
2191 3219 2385 3268 omnino
2432 3225 2562 3268 certe
2595 3225 2691 3278 est,
2728 3235 2863 3269 snam
2897 3219 2986 3268 sibi

598 3294 797 3359 quisque
824 3301 980 3345 servet
1009 3297 1319 3355 sentcntiem;
1350 3299 1429 3346 sed
1466 3297 1611 3346 n'imis
1643 3314 1862 3348 severum
1895 3300 1998 3365 agit
2028 3317 2295 3361 censorem,
2333 3319 2440 3352 cum
2475 3319 2529 3350 ex
2566 3301 2840 3352 huiusmodi
2874 3302 2988 3351 locis

596 3377 667 3426 ita
718 3378 960 3429 concludit
1013 3379 1144 3429 -einc
1194 3379 1425 3429 kritische
1476 3381 1735 3440 Methodc,
1787 3382 1862 3430 die
1906 3383 2027 3431 auch
2075 3398 2168 3433 nur
2211 3383 2262 3432 in
2297 3385 2374 3432 ein
2410 3399 2524 3449 psar
2565 3385 2781 3433 Dntzend
2817 3384 2984 3432 Fauen

602 3476 741 3509 ..zum
785 3461 1155 3526 Widerspruche
1208 3461 1298 3512 mit
1346 3462 1448 3511 sich
1490 3462 1638 3511 selbst
1681 3463 1846 3523 sehr-t,
1891 3464 2020 3514 kann
2066 3465 2202 3514 nicht
2249 3465 2426 3530 richtig
2461 3463 2608 3516 sein”.
2645 3493 2712 3503 —
2752 3465 2986 3515 Videatur

598 3541 848 3592 annotatio
883 3558 1093 3608 sequens.

666 3624 724 3690 2)
775 3626 845 3674 De
897 3623 1142 3674 versiculis
1188 3621 1338 3685 δάκρυ
1384 3622 1567 3687 χέουσ’
1617 3632 1666 3676 et
1713 3623 1970 3689 φωνήσασ’
2015 3625 2144 3678 ’ἔπεα
2187 3627 2461 3689 πτερόεντα
2494 3625 2750 3690 προσηύδα
2784 3630 2984 3680 fortasse

597 3707 897 3756 contenderit
938 3706 1202 3771 quispiam,
1239 3707 1477 3771 digamma
1512 3725 1609 3757 non
1646 3710 1752 3757 ideo
1788 3725 1886 3758 esse
1919 3709 2151 3760 violatum
2168 3748 2181 3770 ,
2217 3712 2347 3774 quod
2383 3720 2544 3777 postea
2582 3712 2758 3761 mutati
2792 3715 2878 3760 sut
2913 3713 2986 3760 in·

599 3789 715 3838 serti
760 3789 856 3837 sint
909 3787 959 3836 hi
994 3787 1286 3847 hexametri,
1323 3789 1403 3837 sed
1438 3790 1565 3852 quod
1602 3805 1658 3838 ex
1693 3790 1822 3854 poesi
1857 3789 2211 3854 antiquissima,
2248 3808 2369 3856 quse
2404 3793 2513 3843 aliis
2552 3792 2735 3858 legibus
2772 3791 2985 3842 metricis

596 3868 835 3926 utebatur,
869 3868 1133 3934 supersint;
1170 3869 1313 3919 fuisse
1348 3871 1475 3920 enim
1511 3871 1778 3935 antiquitus

864 3951 957 3999 καί
983 3967 1067 4012 μιν
1100 3947 1251 4012 δάκρυ
1286 3949 1487 4013 χέουσα
1510 3960 1530 4009 ΙΙ
1557 3950 1714 4001 νείκεα
1751 3955 2024 4014 πτερόεντα
2059 3954 2312 4017 προσηύδα
2357 3953 2642 4022 (ποτηύδα).

860 4033 954 4080 καί
980 4049 1064 4094 μιν
1150 4030 1425 4094 φωνήσασα
1516 4041 1536 4092 n
1562 4033 1716 4083 tiu-sa
1753 4038 2025 4098 πτερόεντα
2059 4035 2311 4099 προσηύδα
2347 4040 2370 4102 (
2482 4067 2503 4086 0
2609 4043 2649 4098 ).

598 4113 708 4163 Nisi
754 4114 985 4173 fallimur,
1036 4115 1151 4164 hacc
1197 4119 1269 4164 est
1315 4117 1480 4181 opinio
1532 4117 1781 4178 Usmzm,
1829 4119 1909 4184 qui
1947 4119 2057 4169 licet
2093 4122 2150 4169 de
2184 4121 2259 4169 his
2297 4121 2411 4169 locis
2443 4135 2538 4170 non
2575 4120 2640 4168 sit
2675 4121 2889 4182 loeutus,
2927 4124 2982 4172 de

597 4197 707 4246 eliis
737 4197 1034 4246 simillimam
1068 4198 1185 4246 tulit
1217 4199 1506 4248 sententiam
1540 4200 1931 4262 auqriocbiscker
1973 4203 2177 4252 Versbau
2212 4219 2257 4268 p.
2297 4203 2361 4251 20
2395 4208 2483 4252 etc.

667 4281 717 4341 3)
752 4277 1023 4328 Prudenter
1048 4278 1297 4330 observate
1324 4279 1415 4329 hac
1447 4280 1504 4328 de
1534 4295 1585 4328 re
1614 4281 1845 4343 quaedam
1873 4282 2016 4333 habes
2033 4285 2158 4350 apud
2181 4285 2372 4334 Moneo
2393 4285 2530 4336 Eous.
2554 4286 2806 4336 Granum»-
2822 4289 2846 4348 ς
2865 4287 2978 4335 88⁹.
