3192 5009
1342 340 1563 392 Puro.
2516 324 2646 393 159

268 516 399 577 tem
458 514 824 598 importune
885 514 1031 596 post
1092 510 1407 589 οἰχόμενον
1462 509 1695 574 additis
1760 510 2119 576 vocabulis:
2194 518 2472 588 γενναῖον
2536 514 2640 575 καὶ

267 619 526 699 καθαρὸν
576 619 679 682 καὶ
728 616 921 688 ἀειδῆ.
994 614 1224 681 Servat
1270 636 1344 681 ea
1389 636 1671 703 papyrus
1719 621 1784 681 et
1831 618 2073 682 vitium
2120 619 2303 682 auxit
2347 620 2646 703 praemit-

266 724 457 790 tendo
503 724 771 790 articulo
821 748 934 801 roy
986 722 1162 803 (τόν).

355 830 689 917 Sequitur:
754 830 927 912 παρὰ
975 828 1077 894 τὸν
1125 830 1361 907 ἀγαθὸν
1410 831 1512 893 καὶ
1561 827 1852 908 Φρανιμὸν
1902 831 2049 908 θεόν,
2099 825 2159 894 οἵ
2201 829 2278 894 ἂν
2325 830 2451 900 θεὸς
2501 830 2644 916 θέλῃ

264 937 494 1002 αὐτίκα
543 938 646 1002 κα)
697 948 773 1016 τῇ
824 938 941 1017 ἐμῇ
990 943 1173 1018 ψυχῇ
1223 938 1399 1002 ἰτέον.
1448 936 1890 1003 Pulcherrima
1935 938 2090 1003 haec
2136 942 2287 1002 sunt
2333 944 2396 1004 et
2437 938 2516 1003 ad
2554 941 2646 1003 in-

261 1042 692 1131 telligendum
754 1042 1076 1109 facillima.
1140 1044 1285 1109 Non
1342 1050 1559 1109 tamen
1616 1042 1939 1109 intellexit
1997 1047 2228 1131 papyri
2285 1046 2487 1110 scriba
2534 1048 2641 1131 qui

262 1157 329 1214 et
389 1152 695 1229 φρονιμόν,
760 1172 884 1236 quo
938 1153 1206 1215 minime
1251 1152 1355 1215 hic
1401 1171 1612 1216 carere
1659 1171 2000 1236 possumus
2019 1200 2036 1229 ,
2086 1154 2375 1216 omiserit
2421 1158 2486 1217 et
2529 1172 2643 1238 pro

261 1251 322 1320 οἵ
377 1259 697 1342 scripserit
759 1266 879 1322 ῙΔῙ
944 1278 979 1321 e
1044 1258 1273 1343 quibus
1332 1256 1537 1321 literis
1600 1256 1764 1321 nihil
1831 1256 2044 1321 elicias
2093 1257 2264 1342 quod
2310 1257 2459 1323 huic
2503 1258 2644 1323 loco

262 1368 491 1449 aptum
536 1365 640 1429 sit.

354 1468 441 1535 80
465 1470 539 1535 E.
583 1470 820 1551 (ψυχὴ)
862 1470 1033 1549 ὀρθῶς
1075 1474 1509 1550 Φιλοσοφοῦσα
1552 1470 1657 1534 καὶ
1699 1473 1780 1549 τῷ
1819 1468 1942 1535 ὄντι
1983 1469 2266 1536 τεθνάναι
2292 1477 2643 1547 μελετῶσα.

259 1575 337 1641 111
396 1580 521 1641 isto
586 1576 759 1655 ὀρθῶς
823 1582 1191 1657 Φιλοσοφεῖν
1256 1576 1386 1640 ἐστὶ
1450 1576 1732 1641 τεθνάναι
1790 1580 2068 1653 μελετᾶν
2118 1582 2331 1642 totum
2376 1577 2643 1643 huiusce

256 1682 386 1747 loci
442 1686 609 1748 inest
669 1689 1145 1770 argumentum.
1214 1682 1317 1749 Sic
1382 1685 1555 1748 enim
1624 1682 1910 1748 Socrates
1959 1686 2404 1749 ratiocinatur:
2452 1706 2644 1750 verus

256 1789 677 1876 philosophus
724 1793 839 1855 uni
884 1792 977 1856 rei
1016 1790 1124 1855 dat
1165 1811 1422 1875 operam
1463 1796 1539 1854 ut
1575 1792 1829 1855 animus
1869 1792 2114 1876 corpori
2156 1811 2350 1876 quam
2372 1794 2641 1858 minime

259 1899 532 1974 serviat,
580 1902 657 1960 ut
701 1899 770 1961 in
818 1896 951 1961 dies
998 1900 1210 1983 magis
1258 1897 1335 1961 ab
1382 1896 1495 1961 illo
1542 1895 1654 1960 fiat
1700 1895 1898 1961 liber:
1947 1899 2164 1982 itaque
2212 1900 2266 1962 si
2313 1918 2488 1962 mors
2548 1903 2645 1962 est

260 2004 463 2067 animi
524 2022 561 2067 a
626 2024 882 2089 corpore
944 2006 1253 2089 separatio
1274 2052 1291 2081 ,
1338 2022 1528 2067 verus
1574 2001 1991 2089 philosophus
2039 2007 2208 2069 recte
2257 2003 2384 2069 dici
2430 2008 2644 2089 potest

260 2129 378 2193 per
437 2113 641 2174 totam
702 2112 907 2174 vitam
968 2112 1135 2173 mori
1194 2108 1432 2174 discere
1496 2129 1567 2173 ac
1616 2108 1932 2174 meditari.
1982 2108 2313 2175 Praeclara
2358 2110 2640 2195 profecto
2737 2196 2744 2203 .

258 2216 609 2292 sententia,
682 2236 875 2300 quam
942 2215 1257 2301 praeclare
1328 2215 1538 2280 verbis
1610 2217 1692 2296 τῷ
1766 2214 1888 2279 ὄντι
1962 2216 2242 2279 τεθνάναι
2309 2222 2640 2291 μελετῶσα

260 2323 623 2386 enuntiavit
688 2320 896 2387 Plato.
966 2322 1061 2387 Ea
1131 2328 1349 2387 autem
1419 2321 1880 2387 vocabulorum
1942 2325 2026 2402 τῷ
2090 2320 2216 2387 ὄντι
2274 2324 2374 2389 vis
2420 2328 2518 2388 est
2565 2327 2642 2387 ut

254 2430 521 2514 egregie
589 2428 1007 2494 adhibeantur
1065 2430 1181 2493 ubi
1241 2428 1691 2507 ἄπροσδόκητόν
1762 2452 1821 2491 τι
1883 2429 2241 2515 proferatur
2256 2451 2272 2508 ;
2338 2450 2521 2515 saepe
2569 2450 2642 2494 ea

253 2533 435 2621 leg-as
485 2540 785 2621 sequente
832 2538 1146 2601 sententia
1191 2534 1404 2621 aliqua
1450 2534 1643 2622 paulo
1693 2538 1972 2601 acutiore
2013 2539 2077 2601 et
2115 2535 2468 2602 subtiliore.
2517 2534 2641 2601 Sed

256 2644 555 2727 quamvis
606 2642 761 2707 haec
807 2644 1022 2707 omnia
1069 2646 1197 2707 sint
1245 2645 1508 2730 egregia
1554 2649 1620 2707 et
1667 2644 1961 2729 quamvis
2009 2645 2342 2729 perspicua
2359 2691 2376 2720 ‚
2425 2648 2640 2708 tamen

255 2750 497 2813 vitium
535 2754 983 2813 contraxerunt
1000 2798 1016 2826 ,
1065 2750 1143 2814 ab
1190 2749 1505 2815 eiusmodi
1544 2749 1805 2814 homine
1845 2748 2104 2814 illatum
2143 2752 2254 2835 qui
2293 2770 2372 2813 ne
2397 2750 2638 2835 simpli-

254 2856 515 2920 cissima
559 2854 819 2940 quidem
865 2854 1290 2941 intelligeret3
1341 2862 1531 2941 atque
1579 2854 1745 2919 illud
1791 2857 2029 2920 vitium
2075 2854 2225 2920 licet
2272 2855 2638 2920 foedissima

253 2960 511 3025 macula
535 2964 847 3027 eximium
869 2961 1275 3051 hunc-locum
1298 2968 1678 3049 aspergeret,
1701 2966 1911 3026 tamen
1931 2998 2016 3009 -—
2036 2960 2328 3026 mirabile
2353 2961 2530 3027 dictu
2550 2998 2635 3011 —-

252 3088 457 3152 usque
496 3067 576 3131 ad
612 3073 896 3132 nostram
928 3072 1206 3134 aetatem
1224 3067 1439 3133 latuit.
1478 3068 1553 3131 In
1579 3073 1762 3133 textu
1787 3070 1960 3133 enim
1983 3070 2456 3153 Ροεὺμελετῶσα
2481 3067 2640 3155 legi·

252 3180 365 3239 tur
404 3174 776 3239 adverbium
816 3175 1047 3257 ῥᾳδίως,
1084 3174 1252 3260 quod
1274 3178 1520 3260 primus
1547 3174 2044 3261 expungendum
2069 3195 2203 3241 esse
2226 3174 2637 3262 Hirschigius

252 3285 501 3344 nostras
527 3280 709 3345 vidit.
749 3279 971 3365 Neque
996 3301 1383 3367 quemquam
1406 3288 1542 3347 tam
1564 3284 1951 3367 pertinacem
1975 3302 2108 3347 esse
2133 3285 2355 3369 opinor
2377 3285 2638 3368 quinon

252 3385 527 3451 libenter
563 3386 935 3472 Hirschigio
974 3391 1375 3453 assentiatur.
1425 3388 1547 3453 Illo
1592 3391 1766 3455 enim
1789 3388 2087 3454 adverbio
2113 3394 2178 3453 et
2199 3394 2334 3453 tota
2359 3387 2637 3454 Socratis

255 3492 712 3557 demonstratio
770 3496 1167 3579 ineptissime
1228 3495 1654 3579 perturbatur,
1721 3500 1785 3559 et
1828 3516 1940 3580 pro
1990 3493 2306 3579 praeclara
2348 3493 2462 3559 illa
2506 3515 2635 3560 me-

254 3596 563 3663 ditatione
600 3598 973 3685 philosopho
1014 3599 1303 3664 studium
1346 3599 1602 3685 aliquod
1641 3600 1946 3664 tribuitur
1985 3599 2152 3685 quod
2191 3602 2474 3665 cuiusvis
2499 3620 2633 3665 esse

251 3704 533 3769 hominis
576 3708 811 3791 possit;
864 3707 1105 3771 etenim
1148 3706 1363 3787 ῥᾳδίως
1413 3709 1812 3780 ἀποθνήσκειν
1852 3712 2095 3788 μελετᾷ
2138 3708 2334 3771 etiam
2371 3705 2482 3772 ifle
2522 3709 2634 3791 qui

254 3812 547 3876 diuturni
583 3812 795 3877 morbi
831 3811 1168 3876 formidine
1207 3818 1385 3877 actus
1420 3813 1543 3878 sibi
1566 3815 1708 3899 ipse
1727 3818 2004 3877 mortem
2027 3814 2404 3878 consciscere
2428 3812 2639 3878 decre-

251 3920 353 3982 vit
398 3924 589 4004 atque
636 3938 787 4003 ergo
834 3917 1139 3983 deliberat
1186 3917 1501 4003 quomodo
1546 3918 1614 3983 id
1661 3939 1810 3983 cum
1855 3921 2124 3982 minimo
2169 3918 2374 3983 facere
2414 3916 2628 3984 dolore

251 4028 477 4113 possit.
540 4023 877 4090 Probabile
924 4028 1141 4088 antem
1185 4029 1282 4089 est
1324 4025 1663 4090 hodiernos
1712 4027 1880 4090 viros
1929 4024 2144 4089 doctos
2189 4022 2630 4111 Hirschigiani

250 4134 500 4197 inventi
560 4134 828 4197 veritate
889 4130 1088 4196 semel
1151 4138 1477 4218 perspecta
1533 4131 1610 4196 de
1672 4130 2128 4196 monachorum
2195 4136 2451 4216 questos
2497 4152 2631 4197 esse

250 4238 361 4305 vel
422 4244 680 4324 stupore
745 4240 855 4323 qui
915 4237 1077 4302 nihil
1133 4237 1571 4325 intelligerent
1589 4287 1606 4315 ,
1667 4236 1773 4303 vel
1817 4236 2156 4303 insolentia
2173 4285 2190 4314 ‚
2239 4240 2350 4323 qui
2394 4240 2629 4324 ineptis

252 4348 391 4411 suis
450 4345 899 4410 additamentis
958 4365 1036 4409 ne
1096 4347 1639 4430 praestantissima
1699 4344 1962 4430 quidem
2008 4364 2408 4429 corrumpere
2457 4366 2630 4410 vere·

251 4456 495 4517 rentur.
563 4450 673 4517 Illi
738 4472 906 4516 nunc
967 4451 1213 4517 discant
1272 4454 1341 4515 in
1399 4450 1726 4516 monachis
1787 4449 1952 4515 1111111
2013 4450 2208 4515 fuisse
2255 4450 2480 4537 culpae
2498 4499 2515 4529 ‚
2563 4456 2628 4516 et
