3192 5009
1177 363 1262 412 nn
1307 361 1578 412 murus
1624 363 1925 414 nomme.
2608 345 2737 412 389

455 530 634 612 Quod
695 533 877 596 aiunt
937 532 1246 618 Hyginus
1293 536 1357 596 et
1402 529 1737 597 Dolabella
1754 581 1771 611 ,
1820 533 2342 598 constitutionem
2387 531 2741 600 Decumani

353 643 430 703 et
475 635 764 706 Cardinis
809 637 1004 702 fuisse
1052 637 1246 703 fixam
1293 639 1362 701 in
1411 636 1748 703 liminibus
1796 641 1862 704 et
1907 638 2267 720 inme-ssibus
2313 639 2703 726 templorum
2722 690 2738 719 ,

359 744 641 810 dubium
684 743 990 829 relinquit
1025 750 1249 809 utrum
1287 745 1355 808 in
1391 767 1607 808 summo
1642 744 1867 810 limine
1903 751 2233 831 portarum
2272 766 2351 810 an
2389 748 2456 811 in
2488 745 2705 812 infimo
2725 795 2743 826 ‚

351 853 433 915 in
479 849 612 916 5010
631 899 649 928 ,
697 850 767 914 id
813 853 1073 936 signum
1119 852 1404 936 positum
1449 851 1664 916 fuerit.
1716 850 1839 916 Sed
1884 873 2034 916 cum
2078 851 2290 917 multa
2335 852 2577 938 templa
2613 854 2743 919 fue-

353 961 496 1023 rint
541 960 676 1022 sine
723 957 1006 1023 aedificio
1023 1007 1038 1035 ,
1089 956 1248 1035 alia,
1293 965 1368 1022 ut
1413 957 1643 1023 Rostra
1662 1007 1677 1035 ,
1730 965 1982 1044 portam
2030 980 2157 1024 non
2197 959 2501 1025 haberent
2520 1008 2537 1038 ,
2580 958 2745 1024 nihil

356 1084 691 1150 superesse
742 1063 998 1129 videtur
1046 1084 1240 1150 quam
1287 1071 1363 1128 ut
1400 1069 1761 1129 statuamus
1780 1113 1796 1142 ,
1838 1067 2100 1152 signum
2140 1085 2512 1152 expressum
2548 1065 2745 1130 fiiisse

353 1174 435 1235 in
493 1169 655 1248 sole,
717 1173 783 1234 in
845 1172 986 1256 ipso
1049 1172 1210 1236 ostio
1256 1170 1502 1257 templi.
1567 1170 1740 1251 Quae
1786 1177 2109 1257 praeterea
2154 1170 2376 1236 dicunt
2420 1177 2741 1250 auctores,

357 1276 708 1343 ostendunt
752 1278 915 1342 hanc
963 1275 1217 1342 stellam
1263 1277 1653 1362 templorum
1700 1277 1895 1343 fiiisse
1950 1276 2351 1342 simillimam
2388 1275 2609 1344 stellae
2644 1276 2746 1342 illi

353 1383 531 1449 lituo
591 1383 792 1448 ferreo
851 1382 1071 1448 affixae
1131 1403 1290 1468 quae
1352 1383 1542 1449 hodie
1602 1389 1895 1450 servatur
1910 1432 1927 1462 ,
1975 1389 2039 1449 et
2085 1390 2347 1469 apparet
2390 1387 2745 1472 imaginem

356 1491 520 1555 artis
589 1487 916 1576 auguralis
980 1495 1308 1575 sumptam
1367 1511 1502 1556 0550
1565 1510 1645 1555 ex
1707 1491 1825 1557 hoc
1886 1495 2254 1556 ornamento
2331 1489 2743 1576 templorum.

357 1593 838 1660 Tantummodo
900 1593 1118 1660 licebit
1175 1596 1338 1661 hanc
1399 1594 1655 1661 stellam
1716 1595 2041 1682 aliquanto
2086 1599 2400 1663 maiorem
2442 1599 2742 1684 cogitare.

355 1700 522 1767 Fuit
593 1703 766 1766 enim
831 1721 1031 1789 parva
1093 1700 1366 1779 lamina,
1431 1723 1510 1767 ex
1571 1723 1713 1768 aere
1772 1703 1996 1781 ducta,
2064 1702 2335 1768 rotunda
2392 1705 2511 1785 (ita
2574 1707 2747 1770 enim

357 1808 634 1874 refertur
692 1810 761 1872 in
827 1806 1052 1894 figuris
1120 1805 1246 1874 127
1297 1812 1363 1874 et
1410 1807 1541 1874 229
1589 1809 1669 1874 ad
1715 1809 1907 1874 verba
1949 1806 2311 1875 Dolabellae
2356 1816 2421 1875 et
2466 1809 2747 1898 Hygini)

359 1921 482 1980 aut
537 1913 843 2001 quadrata
858 1963 874 1992 ,
937 1916 1006 1978 in
1068 1933 1194 1998 qua
1254 1921 1434 1980 erant
1494 1915 1618 1980 duo
1667 1914 1826 1980 sulci
1874 1921 1986 1980 aut
2034 1916 2277 1982 orbitae
2298 1964 2313 1992 ,
2362 1918 2431 1980 in
2479 1936 2582 1981 aes
2628 1919 2747 1981 im-

359 2040 615 2108 pressae
635 2070 652 2098 ,
705 2041 864 2106 quae
882 2069 900 2098 ‚
949 2019 1225 2106 figuram
1273 2020 1551 2086 decussis
1597 2021 1937 2086 referentes
1956 2068 1974 2099 ‚
2022 2041 2089 2086 se
2133 2023 2202 2085 in
2241 2019 2547 2087 umbilico
2586 2043 2747 2089 seca-

337 2129 521 2194 ‘bant
538 2175 555 2204 ,
621 2147 813 2212 quae,
879 2128 934 2191 si
995 2125 1235 2191 lamina
1282 2126 1590 2212 quadrata
1637 2133 1771 2192 erat
1788 2176 1803 2205 ‚
1852 2129 1922 2190 in
1968 2126 2240 2214 angulos
2285 2127 2579 2193 adversos
2626 2127 2748 2192 dis-

357 2232 719 2299 currebant.
772 2231 1109 2317 Adscripta
1157 2219 1336 2297 erant
1380 2235 1449 2296 in
1497 2252 1639 2298 aere
1684 2232 1992 2299 vocabula
2030 2233 2234 2297 antica
2274 2238 2341 2298 et
2365 2233 2608 2316 postica
2626 2284 2641 2312 ,
2682 2239 2746 2299 et

363 2343 464 2406 ita
524 2339 781 2425 quidem
843 2337 1033 2404 stella
1093 2338 1442 2427 figebatur,
1503 2347 1582 2405 ut
1628 2339 1794 2405 illud
1842 2345 2037 2406 staret
2082 2361 2119 2406 a
2166 2348 2345 2426 parte
2392 2361 2515 2426 qua
2564 2340 2748 2407 adve-

363 2445 630 2512 niebant
693 2448 752 2512 ei
814 2447 925 2532 qui
988 2445 1306 2531 templum
1370 2447 1520 2513 foris
1575 2447 1897 2512 intrabant
1912 2496 1928 2524 ,
1976 2447 2095 2512 hoc
2142 2467 2179 2512 a
2222 2452 2401 2532 parte
2448 2446 2710 2514 adversa
2726 2497 2743 2526 ‚

359 2556 582 2638 itaque
665 2549 881 2617 sulcus
953 2557 1352 2617 transversus
1420 2552 1733 2618 referebat
1801 2551 2138 2620 Cardinem
2206 2551 2427 2618 stellae
2442 2602 2457 2630 ,
2532 2552 2745 2618 sulcus

368 2680 626 2747 prorsus
672 2656 1118 2724 Decumanum
1145 2656 1214 2740 1).
1271 2656 1633 2724 Verisimile
1672 2667 1802 2738 est,
1844 2663 2040 2726 etiam
2078 2657 2319 2744 aliquid
2356 2659 2747 2745 adscriptum

369 2767 570 2832 fuisse
613 2767 681 2830 in
726 2763 968 2830 lamina
985 2814 1002 2844 ,
1054 2765 1226 2852 quod
1271 2765 1731 2832 demonstraret
1778 2788 1902 2852 quo
1948 2769 2294 2852 pertineret
2330 2769 2471 2853 ipsa
2486 2815 2504 2843 ‚
2544 2764 2749 2831 veluti

371 2875 442 2938 in
503 2870 764 2956 reliquis
825 2870 1087 2956 templis
1147 2893 1381 2936 nomen
1443 2874 1580 2936 eius
1643 2872 1874 2958 templi
1891 2921 1908 2950 ,
1970 2874 2039 2937 in
2100 2871 2382 2937 Aedibus
2440 2874 2635 2937 sacris
2682 2878 2748 2937 et

369 2975 633 3045 Sacellis
674 2998 906 3043 nomen
954 2976 1056 3042 dei
1101 2979 1209 3041 cui
1227 3027 1243 3054 ,
1293 2998 1441 3042 cum
1489 2977 1667 3043 locus
1710 2980 2206 3064 inauguraretur
2221 3027 2237 3056 ,
2279 2977 2573 3042 futurum
2612 2982 2747 3042 erat

369 3089 448 3149 ut
492 3089 994 3160 consecraretur-3
1046 3081 1114 3146 id
1161 3089 1235 3148 ut
1283 3082 1537 3149 credam
1581 3083 1856 3149 adducor
1902 3105 1974 3149 eo
2022 3084 2191 3169 quod
2237 3081 2455 3151 Cicero
2508 3105 2744 3150 memo-

368 3193 502 3256 riae
546 3189 844 3268 tradidit,
895 3197 1076 3255 extra
1122 3196 1378 3275 portam
1426 3187 1745 3257 Collinam
1792 3191 1987 3256 fuisse
2032 3211 2211 3256 aram
2256 3211 2451 3277 qnam
2494 3194 2561 3256 in
2605 3190 2746 3257 1000

369 3295 624 3384 publico
687 3316 822 3362 0550
883 3301 950 3361 et
1010 3295 1166 3361 olim
1228 3303 1658 3362 consecratam
1718 3318 1853 3362 esse
1896 3318 2023 3362 non
2067 3303 2251 3362 antea
2294 3299 2749 3382 comperissent

367 3403 643 3469 Romani
689 3422 881 3488 quam
927 3405 1188 3467 inventa
1227 3409 1392 3468 esset
1429 3403 1509 3468 ad
1548 3401 1730 3468 illam
1771 3423 1949 3467 aram
1987 3403 2213 3466 lamina
2230 3451 2247 3480 ‚
2288 3405 2357 3468 in
2395 3423 2521 3490 qua
2557 3407 2749 3489 scrip-

367 3517 516 3575 tum
575 3512 708 3574 erat
753 3508 1018 3572 Honoris
1037 3557 1054 3586 ‚
1103 3515 1247 3573 tum
1294 3507 1686 3574 intellexisse
1730 3509 2049 3574 Romanos
2068 3557 2085 3586 ,
2128 3507 2347 3574 locum
2392 3530 2544 3575 eum
2590 3513 2751 3574 anti-

368 3618 590 3702 quitus
652 3614 985 3701 publicum
1047 3621 1109 3680 et
1170 3614 1416 3681 Honori
1478 3637 1733 3680 sacrum
1794 3617 1930 3680 0550
1946 3665 1963 3692 ,
2030 3635 2259 3700 eosque
2307 3618 2627 3681 curavisse
2672 3623 2748 3681 ut

367 3721 676 3808 sepulcris
742 3741 900 3808 quae
957 3722 1047 3786 ibi
1096 3728 1277 3786 erant
1321 3723 1594 3787 exaratis
1643 3720 1825 3786 aedes
1871 3720 2116 3787 Honori
2160 3723 2227 3784 in
2273 3741 2347 3786 eo
2396 3720 2532 3786 loco
2580 3721 2749 3787 dedi-

362 3834 616 3897 caretur
642 3826 718 3910 ¹⁸).
761 3829 1076 3915 Apparet,
1119 3829 1277 3894 hanc
1317 3827 1608 3906 stellam,
1647 3831 1717 3893 in
1756 3827 1889 3893 solo
1922 3826 2313 3913 templorum
2335 3826 2550 3907 fixam,
2574 3829 2747 3894 idem

435 4077 492 4141 1)
539 4076 638 4126 ctr.
685 4075 809 4124 Fut.
855 4090 960 4139 pag.
997 4073 1129 4123 220:
1184 4071 1448 4136 ‚posticum
1499 4071 1677 4120 ostium
1726 4070 1903 4120 dicitur
1952 4069 2005 4119 in
2056 4069 2321 4134 posteriore
2370 4073 2507 4134 parte
2540 4068 2743 4120 aedium.

361 4161 594 4209 Ceterum
627 4156 814 4222 antiqui
843 4153 992 4205 'etiam
1027 4152 1236 4203 vicinum
1272 4153 1566 4203 habitantem
1602 4154 1659 4201 ad
1692 4151 2007 4218 posteriorem
2038 4155 2227 4216 partem
2261 4151 2448 4200 aedium
2484 4151 2551 4200 5ἰο
2584 4151 2746 4217 appel-

361 4237 604 4297 larunt”;'
637 4239 765 4288 Non.
815 4253 906 4302 pag
956 4234 1082 4286 2172
1124 4235 1310 4284 ‚Varro
1350 4273 1360 4285 .
1381 4273 1391 4281 .
1413 4257 1461 4284 .:
1496 4233 1711 4300 perrexit
1746 4233 1796 4282 in
1828 4233 2083 4282 interiores
2118 4237 2279 4298 partes
2312 4233 2479 4282 domna
2512 4234 2742 4297 poeticae,

361 4325 421 4372 nt
454 4320 524 4370 ait
559 4319 784 4378 Plautus,
820 4315 1202 4385 penitissimae”;
1254 4317 1394 4366 Varr.
1432 4316 1501 4365 l.l.
1542 4317 1695 4366 ⁶.42=
1738 4319 1875 4380 ‚pont
1911 4315 2073 4364 aedem
2108 4314 2303 4363 Saturni
2336 4315 2387 4363 in
2422 4315 2745 4365 aedificiorum

361 4402 548 4467 legibus
583 4402 786 4467 privatis
820 4401 1028 4467 parietes
1057 4400 1228 4464 postici
1261 4399 1386 4448 muri
1417 4402 1528 4447 nunt
1561 4395 1787 4462 ncripti'’;
1822 4397 1947 4461 quod
1975 4395 2256 4446 vocabulum
2282 4412 2377 4446 non
2407 4397 2467 4444 ad
2494 4397 2745 4461 antiquum

365 4486 600 4552 oppidum
617 4485 926 4545 Saturnium,
943 4484 1024 4534 aed
1044 4484 1103 4533 ad
1121 4484 1285 4532 aedem
1303 4483 1453 4548 ipsam
1471 4480 1667 4532 Saturni
1686 4485 1757 4530 eat
1775 4481 2090 4530 referendum.
2125 4507 2193 4518 —
2225 4481 2281 4546 2)
2302 4480 2396 4532 Cic.
2416 4481 2507 4546 leg.
2527 4481 2740 4533 2285&
