3192 5009
1157 319 1470 374 camum
1495 341 1578 352 —-
1607 319 1940 370 summ.
2597 293 2727 363 291

356 490 580 554 invitis
661 488 981 556 codicibus
1067 490 1364 556 omnibus
1451 495 1677 575 quater
1759 486 2128 576 corrigenda
2158 485 2227 566 ²).
2308 483 2735 550 Veronensem

357 593 628 680 denique
704 598 1180 681 provinciarum
1241 595 1631 662 laterculum
1695 597 1924 661 aetatis
1984 592 2367 659 Diocletiani
2434 589 2539 670 11,
2567 587 2606 654 5
2654 593 2735 655 et

355 699 642 766 Iudicem
701 705 991 767 omnium
1052 706 1527 790 provinciarum
1547 751 1564 780 ,
1629 723 1817 789 quam
1884 721 2047 766 anno
2112 697 2242 764 385
2302 699 2735 782 conscriptum

357 806 684 873 Polemius
729 807 973 874 Silvius
1019 831 1075 876 a.
1128 807 1258 874 449
1303 812 1373 874 in
1422 808 1808 895 opusculum
1852 828 2045 873 suum
2092 808 2327 892 recepit
2374 803 2437 882 4,
2467 802 2528 881 6,
2574 802 2736 868 olim

358 919 644 980 veterem
690 915 966 982 formam
1021 915 1325 980 Callaecia
1371 916 1735 982 exhibuisse
1782 920 1925 980 tuto
1972 913 2452 980 asseveraveris.

451 1018 541 1084 Ut
586 1022 721 1092 sine
766 1019 899 1088 ulla
937 1024 1247 1088 varietate
1284 1043 1488 1107 usque
1528 1022 1609 1088 ad
1647 1020 1899 1087 Saeculi
1940 1019 2149 1105 quinti
2185 1023 2433 1104 partem
2456 1019 2735 1103 priorem

357 1127 599 1193 formae
654 1129 918 1192 Callaeci
961 1135 1027 1195 et
1074 1129 1379 1193 Callaecia
1416 1131 1486 1193 in
1524 1150 1649 1193 usu
1690 1134 1840 1193 sunt
1858 1177 1874 1205 ,
1914 1130 2011 1192 ita
2049 1127 2127 1191 ab
2168 1147 2241 1192 eo
2276 1125 2425 1190 inde
2447 1129 2734 1209 tempore

358 1239 718 1299 constanter
761 1234 1127 1300 scribuntur
1174 1257 1286 1320 per
1330 1233 1619 1300 litteram
1659 1232 1739 1301 G.
1780 1234 2041 1299 Primus
2078 1235 2371 1298 omnium
2406 1234 2499 1296 ita
2532 1229 2736 1315 loqui-

355 1343 466 1404 tur
507 1335 836 1426 Hydatius
860 1338 935 1420 ³),
984 1340 1278 1407 Lemicae
1324 1343 1393 1405 in
1443 1340 1675 1427 oppido
1722 1337 2070 1406 Callaeciae
2118 1339 2237 1404 sub
2284 1337 2476 1403 finem
2523 1337 2735 1422 quarti

357 1443 596 1510 saeculi
656 1452 844 1511 natus
862 1496 879 1525 ,
928 1452 1002 1526 (†
1045 1468 1099 1511 c.
1152 1444 1330 1528 470),
1395 1449 1725 1532 episcopus
1786 1452 1862 1510 ut
1923 1445 2181 1511 videtur
2243 1443 2733 1529 Aquiflaviensis

358 1550 464 1631 (cf.
515 1572 566 1616 c.
619 1551 708 1632 4).
773 1551 835 1616 Is
895 1554 1103 1639 igitur
1160 1556 1230 1617 in
1294 1554 1587 1642 chronico
1608 1602 1625 1630 ,
1676 1574 1801 1637 quo
1848 1573 1947 1617 res
1993 1553 2370 1637 praesertim
2414 1549 2733 1634 Hispanas

359 1663 608 1722 enarrat
626 1705 642 1735 ,
707 1660 984 1743 patriam
1038 1680 1154 1724 suo
1203 1665 1489 1744 tempore
1535 1679 1572 1723 a
1617 1657 1845 1724 Suavis
1893 1655 2314 1743 Vandalisque
2360 1659 2735 1741 occupatam

361 1766 730 1849 saepissime
769 1771 1258 1844 commemorat,
1301 1785 1494 1851 quam
1512 1814 1529 1843 ‚
1569 1766 1626 1830 si
1661 1765 1816 1830 fides
1856 1763 2215 1842 Sirmondo,
2256 1782 2584 1848 nunquam
2605 1781 2732 1826 non

362 1868 708 1957 appellavit
755 1866 1167 1937 Gallaeciam.

446 1975 730 2042 Isidorus
795 1977 1194 2064 Hispalensis
1263 1985 1449 2058 (saec.
1496 1977 1749 2060 VIlVII)
1818 1979 1929 2064 qui
1998 1978 2299 2042 historias
2371 1972 2731 2041 Gothorum

359 2080 717 2148 Suevorem
762 2080 1191 2149 Vandalorum
1238 2105 1317 2150 ex
1363 2083 1652 2170 Hydatio
1700 2084 2055 2169 desumpsit
2072 2133 2089 2166 ,
2150 2082 2413 2148 eandem
2459 2081 2735 2146 formam

362 2190 602 2274 passim
662 2189 952 2274 praebet,
1017 2189 1126 2255 sed
1181 2193 1316 2255 iam
1362 2192 1700 2276 scriptores
1748 2187 1985 2256 saeculi
2030 2191 2197 2254 sexti
2240 2187 2537 2254 Iordanes
2554 2236 2571 2264 ,
2620 2184 2735 2252 Ve-

359 2297 617 2359 nantius
662 2293 1052 2361 Fortunatus
1070 2344 1086 2374 ‚
1136 2293 1492 2384 Gregorius
1536 2295 1921 2362 Turonensis
1966 2295 2269 2361 hodierno
2310 2314 2487 2360 more
2541 2292 2737 2357 Gala

361 2401 515 2464 ciam
559 2399 797 2467 dixisse
841 2403 1164 2479 videntur,
1211 2410 1286 2468 ut
1332 2406 1711 2490 posteriores
1759 2423 1996 2468 omnes.
2830 2461 2837 2469 .

449 2505 715 2573 Formae
759 2510 965 2594 igitur
1021 2508 1334 2573 Gallaecia
1379 2507 1715 2589 (Gallecia)
1762 2513 1827 2574 et
1871 2507 2161 2586 Gallicia,
2202 2528 2362 2594 quae
2399 2512 2545 2572 ante
2585 2503 2741 2572 Ger-

359 2632 699 2679 manorum
767 2617 836 2679 in
901 2614 1284 2702 Hispaniam
1353 2617 1745 2680 incursiones
1808 2636 1934 2680 non
1990 2616 2416 2700 reperiuntur,
2486 2613 2738 2698 proprie

359 2718 625 2784 Latinae
709 2719 1118 2806 appellandae
1189 2741 1313 2786 non
1381 2725 1531 2786 sunt
1597 2741 1831 2786 verum
1902 2720 2261 2798 Romanae;
2347 2723 2738 2804 possuntque

361 2828 713 2912 comparari
759 2846 909 2891 cum
955 2826 1480 2912 Portugallorum
1508 2824 1558 2908 ³)
1596 2827 1860 2908 yamella
1905 2848 2018 2912 pro
2064 2824 2313 2890 camella
2328 2874 2345 2904 ,
2386 2847 2577 2905 ,qavea
2624 2845 2737 2909 pro

361 2955 543 2996 cavea
581 2931 849 3019 aliisque
894 2933 1088 2998 huius
1129 2936 1380 3020 generis
1421 2932 1744 3000 vocabulis
1782 2935 2113 3019 perpaucis
2132 2981 2149 3010 ‚
2182 2952 2343 3018 quae
2382 2933 2743 3016 composuit

408 3195 492 3268 ’1)
534 3206 675 3256 Certe
723 3205 774 3256 in
821 3206 961 3256 Voss.
1005 3207 1062 3259 L.
1081 3207 1142 3271 Q.
1179 3206 1245 3256 82
1278 3209 1328 3256 et
1365 3206 1500 3256 Voss.
1535 3206 1590 3257 1..
1612 3207 1675 3271 Q.
1710 3207 1826 3266 101,
1862 3221 1959 3256 non
1994 3206 2204 3256 eiusdem
2237 3204 2447 3256 familiae
2480 3203 2748 3265 codicibus,

367 3289 612 3338 Gallaecos
655 3292 746 3338 cet.
791 3287 887 3353 legi
933 3287 1272 3338 humanissime
1315 3303 1392 3338 me
1434 3289 1596 3338 docuit
1633 3287 1687 3340 S.
1726 3289 1783 3338 Gr.
1819 3290 1877 3338 de
1916 3289 2057 3338 Vries
2089 3287 2143 3338 in
2175 3287 2462 3338 bibliotheca
2496 3287 2748 3352 Lugdune-

360 3369 544 3420 Batavs
577 3369 814 3421 librorum
847 3370 1286 3436 manuscriptorum
1318 3375 1643 3421 conservator.
1678 3371 1814 3422 Idem
1848 3372 2135 3422 Puteaueus.

427 3453 484 3517 2)
529 3451 796 3517 Hydntinm
839 3451 1140 3502 scribendum
1172 3467 1298 3511 esse.
1332 3468 1430 3502 non
1467 3453 1677 3503 idatium
1712 3457 1763 3502 et
1795 3453 1949 3503 multo
1982 3453 2141 3502 minus
2177 3450 2424 3512 nnciam,
2460 3455 2657 3518 apparet
2690 3467 2748 3502 ex

361 3535 520 3600 Papae
561 3535 735 3584 Leonis
781 3534 950 3599 Magni
963 3573 978 3594 ,
1025 3534 1235 3599 aequalis
1278 3535 1406 3594 eius,
1454 3534 1660 3600 epistola
1704 3536 1763 3584 ad
1798 3535 2051 3586 'turibium
2086 3535 2359 3601 episcopum
2392 3534 2747 3585 Asturieensem

359 3617 462 3682 (ep.
498 3617 606 3681 91),
639 3615 720 3666 ubi
755 3617 997 3681 Hydstius
1029 3617 1182 3676 audit,
1213 3619 1357 3681 atque
1390 3632 1446 3666 ex
1479 3615 1719 3682 sigiberto
1752 3618 1811 3667 de
1845 3617 1977 3667 Viris
2012 3616 2289 3667 Illustribus
2321 3631 2364 3666 c.
2401 3618 2481 3676 18,
2517 3617 2602 3682 qui
2636 3632 2744 3667 eum

363 3699 589 3748 matium
624 3698 854 3748 nominat.
909 3699 1077 3763 Neque
1112 3697 1201 3747 hoc
1232 3697 1360 3762 fugit
1401 3698 1615 3764 primum
1660 3699 1869 3762 Hydatii
1916 3699 2151 3749 editorem
2197 3698 2533 3758 sirmondum,
2575 3698 2659 3764 qui
2692 3713 2748 3748 ea

357 3781 634 3831 testimonia
678 3779 872 3840 attulit,
918 3795 1206 3844 quamquam
1247 3779 1424 3829 codicis
1454 3780 1528 3830 sui
1567 3781 1823 3832 lectionem
1856 3781 2079 3831 vitiosam
2113 3781 2354 3846 (Idatius)
2389 3779 2522 3846 sequi
2558 3780 2745 3830 maluit.

361 3863 500 3912 Unde
551 3863 740 3912 Idscius
791 3872 954 3928 postea
997 3863 1154 3912 dietus
1187 3862 1252 3911 sit
1285 3877 1382 3912 nou
1417 3878 1657 3928 assequor.
1699 3864 1828 3913 Mihi
1862 3864 2068 3929 Hydstii
2101 3879 2275 3914 nomen
2310 3880 2337 3912 a
2370 3861 2593 3930 baptismi
2627 3879 2751 3928 sque

358 3945 632 3994 derivatum
648 3945 853 3996 videtur.
891 3945 1086 4009 Siquos·
1105 3944 1243 3994 estin
1263 3944 1410 3994 titulo
1429 3945 1796 3996 Hadrumetano
1816 3947 1872 3997 O.
1893 3948 1934 3996 1.
1957 3946 2011 3996 L.
2044 3949 2091 4006 8.
2116 3947 2177 3998 ol
2198 3945 2437 3996 dedicatoe
2468 3943 2525 3995 T.
2551 3947 2749 4008 FRaoio)

371 4027 562 4077 Ussbn‘o
591 4024 820 4076 Antistio
856 4023 1122 4076 Saturnino
1155 4027 1512 4077 Fortunatiano
1543 4027 1856 4093 durissimo)
1890 4029 2053 4093 ostro).

428 4109 483 4170 8)
519 4106 834 4158 Gallicini-um
867 4108 1032 4172 lingua
1064 4124 1174 4157 cum
1203 4108 1594 4172 Portus-uorum
1624 4114 1755 4159 arcte
1784 4110 2023 4168 cohaeret,
2058 4109 2116 4160 ab
2151 4110 2477 4176 Hispanorum
2504 4110 2751 4174 aliquanto

361 4190 522 4240 distat.
562 4191 790 4241 Getarum
823 4190 872 4239 in
905 4189 1246 4240 vocabulorum
1281 4190 1424 4240 initio
1457 4191 1606 4241 etiam
1642 4193 1765 4257 apud
1803 4192 2045 4258 Hispanos
2082 4195 2131 4242 st
2164 4192 2316 4241 Italos
2342 4195 2391 4241 et
2418 4192 2751 4258 Frsneogallos

361 4271 626 4331 interdum,
679 4287 791 4321 raro
841 4275 1030 4330 tamen,
1077 4272 1359 4322 latinorum
1404 4289 1431 4322 e
1475 4273 1524 4322 iu
1559 4289 1590 4337 g
1632 4272 1777 4332 abiit,
1817 4274 1867 4323 in
1906 4273 2077 4324 mediis
2115 4289 2227 4323 vero
2262 4273 2501 4324 vocabulis
2534 4279 2582 4323 et
2616 4291 2751 4341 prae-

361 4355 532 4404 sertim
583 4354 636 4403 in
688 4369 855 4404 eorum
905 4354 1036 4404 exitu
1088 4354 1216 4420 apud
1273 4355 1517 4420 Hispanos
1551 4360 1601 4404 st
1634 4355 1939 4420 Portugsllos
1968 4355 2253 4422 saepissime.
2290 4355 2364 4406 cf.
2403 4357 2539 4414 Dies,
2584 4355 2753 4406 Gram-

367 4435 520 4487 asas‘rs
551 4436 634 4487 dos
671 4438 865 4502 lanquoe
896 4435 1138 4487 Βοαακω
1173 4436 1350 4496 kase.
