3192 5009
540 232 669 302 132
1538 250 1886 305 somna.

536 421 1001 497 ἀνθισταμένης.
1064 422 1221 493 αὕτη
1271 421 1334 485 δέ
1382 422 1510 484 ἐστι
1557 420 1662 485 διὰ
1711 420 1776 485 τί
1822 419 2360 502 ἐντροπαλίζεται;
2413 420 2472 485 ἕν
2519 429 2595 500 τῇ
2641 419 2764 501 Χίφ
2801 419 2922 483 καὶ

536 527 777 610 Κυπρία
825 524 1087 602 ἀναξίως
1137 527 1349 590 πολλοὶ
1389 526 1774 603 λισσομένης.
1825 536 2217 604 Πτολεμαῖος
2261 524 2870 608 ἐντροπαλιζομένην.

626 632 799 713 Quae
844 633 905 697 N
906 633 1133 699 icolius
1174 636 1267 698 ita
1312 633 1666 699 ordinavit:

625 738 1198 823 ἐντροπαλιζομένη]
1243 740 1490 816 βέλτιον
1540 738 2238 821 ,,ὲντροπαλιζομένην”.

623 847 726 912 διὰ
773 850 835 911 τί
880 846 1381 927 ἐντροπαλίζεται
1402 867 1419 923 ;
1470 846 1539 924 ἐξ
1587 847 1972 927 ὑποστροφῆς
2023 846 2434 923 ἀνθισταμένη
2463 842 2537 925 ¹).
2589 846 2918 917 αΞτιατικῆ

534 954 598 1019 δέ
645 957 829 1017 ἐστιν.

626 1059 685 1123 ἔν
745 1069 821 1139 τῇ
885 1060 1007 1141 Χία
1069 1058 1169 1123 καὶ
1220 1062 1461 1142 Κυπρία
1512 1058 1809 1135 ἀναξίως·
1877 1060 2128 1136 »πολλοὶ
2180 1057 2616 1133 λισσομένης”.
2681 1067 2918 1122 Πτολε·

534 1173 753 1240 μαῖος·
805 1164 1501 1245 ,,ε’ντροπαλιζομένης”.

623 1270 843 1335 Minus
902 1270 1167 1337 feliciter
1220 1276 1438 1337 tamen
1454 1320 1469 1349 ,
1518 1273 1642 1335 nisi
1688 1270 1892 1347 fallor,
1943 1274 2045 1335 vir
2089 1274 2365 1337 eximius
2411 1271 2532 1335 hoc
2579 1269 2718 1336 loco
2769 1290 2914 1334 ver-

532 1384 709 1443 satus
746 1385 860 1443 est.
909 1376 1075 1442 Nam
1114 1398 1317 1462 neque
1356 1380 1509 1442 satis
1548 1381 1686 1441 erat
1723 1397 1946 1441 causae
1991 1398 2105 1441 cur
2147 1398 2260 1463 pro
2303 1379 2460 1448 αὐτή
2487 1377 2912 1441 substitueret

535 1485 847 1555 αἰτιατική
909 1505 984 1548 ex
1034 1483 1225 1548 schol.
1276 1486 1367 1560 A,
1419 1503 1622 1567 neque
1667 1503 1782 1547 suo
1829 1485 1969 1548 iure
2017 1483 2383 1549 Ptolemaeo
2433 1482 2628 1547 aliam
2678 1482 2914 1547 tribuit

532 1592 871 1657 lectionem
933 1610 1125 1675 quam
1172 1610 1332 1674 quae
1379 1594 1476 1654 est
1521 1592 1588 1653 in
1635 1590 1844 1655 codice
1862 1637 1880 1667 ‚
1931 1611 2132 1675 neque
2178 1588 2525 1655 mutandus
2573 1596 2710 1655 erat
2755 1587 2911 1654 ordo

534 1699 877 1764 verborum
895 1745 911 1774 ,
959 1716 1161 1781 neque
1208 1696 1478 1781 denique
1525 1696 1601 1760 de
1650 1693 1808 1762 Chio
1856 1692 2221 1782 Cyprioque
2258 1695 2438 1761 libris
2477 1694 2647 1781 quod
2688 1694 2914 1759 scribit

535 1812 783 1870 certum
829 1803 1007 1868 duco.
1056 1800 1354 1888 Suspicor
1396 1802 1589 1867 verba
1637 1802 1898 1876 ἀναξίως
1939 1802 2152 1867 πολλὰ
2192 1802 2553 1878 λισσομένης
2597 1810 2732 1867 arte
2773 1822 2912 1867 esse

535 1910 856 1997 iungenda
874 1958 889 1985 ,
954 1908 1363 1994 paraphrasin
1420 1910 1593 1973 enim
1641 1911 1959 1974 continere
2003 1908 2294 1974 lectionis
2339 1912 2406 1973 in
2451 1912 2727 1974 vetustis
2771 1907 2910 1972 illis

536 2014 1002 2101 exemplaribus
1061 2016 1359 2079 inventae
1425 2014 2031 2093 ἐντροπαλιζομένηΣ
2052 2063 2069 2092 ,
2133 2015 2304 2101 quod
2364 2015 2633 2080 verbum
2711 2012 2912 2100 expli-

536 2131 747 2190 cantes
808 2120 916 2185 alii
979 2121 1313 2186 sumebant
1372 2121 1697 2205 sappbicem
1742 2120 2026 2207 puellam
2069 2120 2422 2187 identidem
2468 2122 2549 2187 ad
2593 2120 2908 2187 Iunonem

540 2252 607 2296 se
646 2230 1032 2295 convertisse
1055 2276 1070 2303 ,
1112 2226 1222 2291 alii
1259 2234 1327 2291 ιιι
1365 2250 1491 2290 eam
1522 2227 1835 2309 repelleret
1857 2227 2380 2308 (ἀνθισταμένην).
2421 2226 2661 2293 Totum
2685 2233 2906 2293 autem

532 2336 747 2402 locum
793 2336 885 2399 ita
930 2332 1446 2398 constituendum
1491 2354 1626 2397 esse
1670 2339 1864 2417 puto:

625 2438 1201 2521 ἐντροπαλιζομένη]
1266 2438 1517 2515 βέλτιον
1580 2438 2246 2521 ,,ἒντροποιλιζομε’νην”
2277 2439 2350 2521 ⁹),
2401 2438 2468 2515 ἐξ
2519 2442 2905 2521 ὑποστροφῆς

534 2547 998 2621 ἀνθισταμένην.
1050 2547 1208 2614 αὕτη
1258 2544 1313 2607 δ’
1361 2543 1513 2623 ε<ἵ>
1562 2546 1728 2621 ἐστι,
1778 2545 1879 2608 διὰ
1927 2547 1992 2608 τί
2039 2544 2578 2625 ἕντροπαλίζεται;
2611 2544 2662 2627 3)
2711 2583 2800 2596 -
2845 2548 2908 2610 ἐν

535 2664 610 2733 τῇ
664 2654 784 2734 Χία
834 2652 935 2714 καὶ
991 2652 1227 2731 Κυπρία
1284 2651 2078 2732 <,,ἐντροπαλιζομένης”>,
2129 2650 2391 2726 ἀναξίως
2446 2657 2654 2717 πολλὰ
2709 2667 2908 2716 λισσο-

533 2758 739 2836 μένηε.
792 2766 1177 2830 Πτολεμαῖος
1230 2757 1914 2837 ,,ἐντροπαλιζομένην”.

621 2864 721 2929 Ita
766 2863 1193 2950 supplendum
1241 2882 1375 2926 esse
1419 2862 1633 2927 locum
1677 2870 1752 2927 ut
1791 2866 2090 2949 suspicer,
2130 2866 2506 2949 praesertim
2541 2887 2646 2931 me
2687 2872 2906 2931 movet

531 2969 907 3036 adverbium
971 2968 1255 3041 ἀναξίως.
1320 2968 1688 3033 Lectionem
1734 2972 1940 3061 igitur
1988 2972 2201 3034 πολλὰ
2248 2971 2608 3047 λισσομένοις
2659 2970 2904 3037 nullam

529 3076 726 3141 fuisse
752 3082 925 3160 puto.
959 3074 1101 3140 Non
1126 3076 1497 3162 negaverim
1522 3096 1688 3153 sane,
1713 3075 1962 3141 litteras
1985 3078 2898 3159 [εντ]ΡοΠΑΛΙΖΟΜΕΝΗΣ

530 3184 816 3269 potuisse
860 3182 1031 3245 abire
1077 3184 1145 3245 in
1192 3190 1995 3260 ΠΟΛΑΛΙΣΟΜΕΝΗΣ,
2041 3204 2244 3268 neque
2289 3186 2495 3270 igitur
2533 3192 2668 3250 tam
2711 3183 2898 3270 long-e

532 3310 727 3375 quam
788 3290 995 3373 primo
1056 3288 1353 3372 adspectu
1414 3288 1708 3354 videatur
1768 3309 1806 3353 a
1853 3294 2034 3354 textu
2080 3298 2330 3375 recepto
2378 3291 2694 3357 discedere
2739 3292 2900 3356 hanc

529 3395 905 3469 lectionem,
970 3413 1186 3458 revera
1232 3401 1452 3458 autem
1498 3399 1674 3459 extat
1721 3392 1928 3460 πολλὰ
1978 3409 2223 3470 λισσομ.
2273 3396 2416 3461 aliis
2463 3397 2619 3463 locis
2665 3396 2898 3462 Home-

528 3504 677 3567 ricis
726 3510 773 3564 Ε
803 3498 932 3564 358
981 3507 1031 3562 Φ
1058 3497 1189 3563 368
1244 3510 1289 3563 Χ
1323 3498 1437 3575 91;
1504 3505 1791 3565 attamen
1851 3501 2228 3587 glossemati
2274 3524 2468 3588 quam
2515 3502 2773 3569 lectioni
2819 3506 2896 3569 si-

530 3607 757 3673 milius
802 3604 1057 3670 videtur
1100 3603 1263 3669 illud
1311 3607 1520 3670 πολλοὶ
1565 3606 1950 3682 λισσομένης.

602 3878 659 3946 1)
697 3878 989 3945 'typothetae
1019 3895 1182 3928 errore
1215 3896 1433 3929 excusum
1468 3884 1537 3930 eat
1570 3879 1969 3943 ἀνθιστανομένη.

602 3964 657 4026 2)
698 3962 829 4010 Ilaec
861 3962 1013 4026 igitur
1044 3962 1309 4011 Aristarchi
1342 3966 1446 4011 erat
1474 3962 1640 4023 lectio,
1674 3968 1726 4014 ut
1759 3965 1850 4013 iam
1881 3972 2020 4014 antea
2049 3981 2102 4014 cx
2133 3966 2306 4015 codicis
2335 3968 2374 4015 A
2403 3966 2896 4018 scholiointcrlincari

532 4046 783 4095 effecerant
816 4044 909 4093 viri
945 4044 1095 4101 doeth
1134 4044 1228 4093 vid.
1264 4044 1487 4094 Ludwich
1524 4046 1672 4095 Arist.
1710 4048 1736 4096 1
1772 4064 1812 4111 p.
1854 4046 1968 4099 471.

604 4128 657 4188 8)
707 4126 745 4173 1.
766 4142 805 4173 c.
852 4126 926 4174 tin
970 4126 1071 4188 ipsa
1112 4132 1185 4175 eet
1232 4126 1349 4175 Iuno
1384 4143 1503 4190 qaae
1539 4124 1985 4192 ἦντροπαλίζιται,
2026 4146 2112 4179 cur
2143 4146 2192 4180 n
2221 4136 2488 4181 convertere
2521 4132 2638 4181 huc
2667 4133 2892 4182 dieitur?

536 4210 721 4273 Nempe
764 4208 1108 4257 nominativum
1154 4204 1632 4273 ἐντροπαλιζομένη,
1667 4226 1806 4274 quem
1843 4212 2128 4261 Gencvensia
2161 4228 2268 4263 cum
2304 4215 2409 4276 Syr.
2446 4213 2645 4278 aliisque
2680 4215 2894 4279 praebet.

534 4294 583 4340 at
614 4290 729 4339 olim
766 4290 897 4338 sucre
931 4290 1013 4353 qui
1048 4289 1370 4354 praeferrent,
1402 4292 1541 4339 credo
1578 4292 1704 4355 quod
1740 4292 1827 4341 hoc
1855 4293 2161 4360 participium
2190 4295 2361 4345 ceteris
2387 4295 2503 4345 locia
2530 4299 2588 4357 (Ζ
2603 4296 2703 4346 496
2731 4302 2784 4345 Λ
2803 4296 2892 4349 647

537 4372 711 4439 Ρ109)
742 4373 949 4422 subiecto
982 4371 1251 4439 appositum
1286 4388 1383 4422 canc
1423 4373 1653 4423 viderent.
