3192 5009
521 254 604 321 18
1531 270 1871 322 noum-s.

511 437 919 504 lerabiles
955 439 1250 505 haberi
1288 439 1584 506 solent.
1626 439 1915 519 Quorum
1950 440 2295 503 verborum
2318 436 2895 525 amplifieationem

511 547 835 609 continent
892 547 988 630 ἐς
1035 544 1324 621 39-43,
1383 548 1454 610 in
1511 546 1747 631 quibus
1806 548 2072 629 antiqua
2126 549 2449 610 virtutum
2493 566 2729 633 genera
2774 545 2901 613 Ga-

509 648 842 714 millorum
899 650 1337 717 Fabriciorum
1381 649 1727 719 Curiorum
1772 672 1928 715 non
1974 649 2283 729 solum,
2330 654 2563 738 inquit,
2610 656 2695 717 in
2740 674 2899 718 mo-

509 757 745 820 ribus
789 760 1144 834 nostris,
1195 757 1338 822 sed
1393 760 1538 822 vix
1604 760 1765 821 iam
1826 760 1910 821 in
1968 756 2227 822 libris
2286 760 2893 836 inveniuntu13

508 882 582 927 ac
625 884 842 947 porro:
904 862 1127 928 illud
1189 885 1440 928 unum
1497 862 1920 929 directum
1962 865 2135 927 iter
2180 862 2277 927 ad
2318 862 2649 929 laudem
2700 884 2897 929 cum

505 967 796 1034 labore
855 972 996 1055 qui
1049 970 1619 1055 probaverunt
1678 967 1950 1049 (Stoici),
2014 989 2274 1053 prope
2334 968 2507 1034 soli
2562 972 2729 1034 iam
2799 972 2897 1034 in

507 1072 829 1139 scholis
873 1082 1060 1140 sunt
1103 1073 1416 1140 relicti.
1459 1073 1639 1139 Haec
1674 1082 1895 1139 autem
1930 1094 2097 1151 non,
2136 1081 2213 1138 ut
2234 1072 2895 1142 multainCiceronis

508 1182 899 1246 orationibus
913 1231 932 1259 ‚
993 1181 1076 1247 ad
1131 1188 1390 1267 tempus
1447 1184 1603 1245 sunt
1646 1180 1915 1245 conficta
1932 1229 1950 1258 ,
1996 1179 2107 1246 sed
2150 1180 2433 1246 referunt
2476 1202 2897 1247 communem

505 1285 906 1351 eruditorum
971 1290 1339 1373 opinionem
1355 1335 1374 1363 ,
1443 1286 1765 1352 diversam
1822 1306 1971 1350 sane
2032 1306 2073 1350 a
2132 1285 2505 1352 scholastiee
2562 1287 2851 1353 doctrina
2868 1336 2893 1365 ‚

506 1412 702 1477 quam
738 1392 1116 1477 profitentur
1149 1392 1302 1457 libri
1339 1391 1705 1477 philosophi
1720 1442 1739 1471 ‚
1771 1412 1811 1457 a
1844 1394 2017 1457 vitae
2055 1414 2183 1457 usu
2212 1398 2355 1457 tum
2378 1414 2637 1479 prorsus
2658 1392 2891 1459 aliena.

597 1496 857 1583 Spirant
923 1508 1140 1565 autem
1205 1498 1468 1563 Horatii
1531 1519 1755 1563 versus
1773 1546 1791 1575 ,
1858 1500 2183 1583 imprimis
2240 1500 2291 1563 ii
2354 1502 2467 1584 qui
2526 1506 2897 1585 sequuntur

506 1625 792 1689 quosque
859 1626 1054 1690 supra
1111 1626 1236 1669 non
1295 1603 1522 1669 rettuli
1539 1651 1558 1681 ‚
1622 1606 2083 1691 gravissimum
2132 1602 2517 1669 feminarum
2560 1612 2895 1691 contemp-

507 1716 652 1775 tum
669 1759 686 1787 ,
755 1714 824 1775 in
885 1732 1012 1797 quo
1073 1714 1320 1777 socium
1379 1711 1609 1777 habuit
1667 1730 1797 1774 non
1854 1709 2045 1775 modo
2109 1706 2442 1776 Catullum
2460 1759 2479 1787 ,
2526 1710 2637 1775 sed
2683 1713 2891 1775 etiam

507 1820 742 1882 amoris
803 1821 1158 1883 antistitem
1217 1818 1624 1903 Propertium
1646 1864 1665 1895 ,
1712 1819 1896 1882 cuius
1938 1814 2197 1904 legatur
2242 1814 2453 1902 elegia
2494 1815 2559 1881 II
2604 1816 2647 1882 6
2694 1816 2891 1898 (Luc.

505 1922 764 2005 Muell.)
807 1924 954 1990 inde
999 1926 1078 1990 ab
1121 1926 1226 1990 his
1271 1944 1416 1989 vss:

597 2029 934 2117 Templa
977 2031 1458 2117 pudicitiae
1505 2029 1706 2115 quid
1752 2050 1957 2113 opus
2002 2030 2415 2094 statuisse
2460 2027 2822 2115 puellis,

595 2135 680 2202 Si
723 2140 1006 2203 cuivis
1048 2144 1360 2223 nuptae
1404 2133 1834 2221 quidlibet
1878 2154 2059 2199 esse
2103 2132 2356 2199 licet?

503 2243 589 2307 Et
635 2242 842 2331 elegia
889 2242 982 2307 111
1033 2241 1138 2319 19,
1187 2247 1380 2327 atque
1427 2240 1535 2315 30,
1583 2239 1697 2303 ubi
1742 2239 1932 2303 haee:

595 2348 708 2413 'I'u
754 2352 991 2436 prius
1039 2354 1118 2413 et
1162 2346 1489 2413 fluetus
1532 2345 1863 2430 poteris
1910 2345 2232 2409 siccare
2279 2348 2652 2412 marinos

593 2455 942 2541 altaque
987 2451 1335 2519 mortali
1378 2451 1761 2535 deripere
1806 2456 2037 2515 astra
2080 2472 2357 2530 manu,

595 2582 832 2646 quam
878 2560 1184 2637 faeere,
1231 2564 1324 2622 ut
1369 2561 1709 2621 nostrae
1755 2554 2031 2619 nolint
2070 2576 2411 2640 peecare
2448 2557 2833 2643 puellae,

503 2665 674 2755 quod
719 2672 936 2730 tamen
982 2670 1242 2730 excusat
1287 2664 1414 2727 sie:

593 2771 740 2837 Die
783 2769 1027 2846 mihi,
1076 2770 1262 2854 quis
1306 2767 1592 2853 potuit
1634 2763 1953 2829 lectum
1997 2786 2341 2833 servare
2386 2769 2831 2855 pudicum,

593 2896 799 2961 quae
849 2874 996 2939 dea
1040 2894 1220 2939 eum
1265 2870 1444 2937 solo
1491 2872 1781 2934 vivere
1827 2868 2003 2934 sola
2050 2868 2241 2937 deo?

501 2983 586 3047 Et
647 2984 718 3045 in
777 2979 864 3043 IV
915 2978 1019 3055 13,
1081 2978 1196 3041 ubi
1257 2979 1454 3042 etiam
1495 2980 1825 3040 matronae
1870 2976 2316 3062 nymphaeque
2379 2980 2648 3065 pudieae
2694 2984 2887 3047 casti.

499 3094 740 3176 gantur
783 3087 922 3149 auri
967 3084 1134 3148 fame
1179 3080 1344 3145 nihil
1389 3086 1693 3165 neg-antes
1738 3101 1833 3145 vs.
1884 3078 1923 3144 9
1949 3101 2107 3165 sqq„
2154 3088 2219 3147 et
2268 3080 2355 3147 23
2380 3104 2511 3169 sq.:

591 3191 748 3256 Hic
792 3209 1056 3276 genus
1099 3185 1462 3251 infidum
1509 3192 2004 3269 nuptarum,
2050 3186 2183 3251 hic
2230 3187 2469 3253 nulla
2513 3190 2811 3275 puella

591 3297 755 3361 N'ec
801 3293 976 3359 fida
1019 3291 1384 3367 Euadne,
1435 3310 1581 3354 nec
1629 3291 1766 3373 pia
1809 3289 2257 3375 Penelope,

502 3404 736 3491 quibus
801 3403 872 3465 in
937 3398 1228 3483 sequenti
1287 3393 1493 3481 elegia
1553 3395 1895 3478 opponitur
1954 3393 2412 3478 Spartanarum
2456 3404 2763 3467 severitas
2810 3408 2883 3468 et

501 3510 758 3576 castitas
785 3510 854 3587 ¹).
909 3504 1197 3588 Denique
1241 3500 1342 3565 El.
1389 3497 1477 3563 IV
1529 3497 1613 3562 18
1660 3498 1737 3563 de
1784 3498 2133 3564 insatiabili
2179 3501 2563 3571 feminarum
2606 3506 2879 3574 libidine

501 3626 566 3684 et
605 3621 902 3701 proterva
939 3608 1326 3695 petulantia,
1366 3605 1480 3669 ubi
1519 3602 1719 3668 semel
1764 3610 2073 3689 ruperunt
2120 3612 2590 3697 contempti
2636 3612 2879 3680 frena

499 3744 604 3810 pu
624 3720 866 3785 doris.
917 3714 1040 3779 His
1075 3712 1350 3777 aliorum
1388 3711 1780 3785 testimonia,
1822 3704 2140 3774 Oioeronis
2190 3711 2266 3776 de
2306 3710 2529 3780 Clodia
2566 3717 2879 3802 quadran.

501 3832 691 3905 teria,
741 3822 990 3899 Ovidii,
1035 3816 1355 3883 Martialis
1375 3864 1392 3893 ,
1441 3813 1763 3879 Iuvenalis
1782 3861 1801 3891 ,
1847 3821 1923 3878 ut
1966 3814 2195 3881 addam
2239 3840 2365 3883 non
2408 3842 2660 3889 neeesse
2705 3831 2825 3890 est.

589 3934 688 3999 Ab
750 3924 1120 3995 huiusmodi
1177 3924 1382 4009 igitur
1441 3917 1835 3983 mulierculis
1896 3919 2207 3999 solacium
2254 3928 2555 4012 petebant
2600 3930 2875 3998 caelibes

572 4128 2873 4209 1)Cnmhiselegibeompsreflontiitstlllsststqmoruminelterovirginm

500 4228 702 4275 etmtr
679 4240 854 4273 rrnona
825 4235 1042 4271 ιιιτωοο
1043 4222 1182 4283 upton
1216 4210 1705 4341 moretopentrinxit.
1739 4210 1975 4261 inaltero
2008 4213 2499 4271 babor-mmmm
2470 4238 2634 4284 e.rnm
2669 4226 2877 4291 Scyth·-

501 4324 633 4366 rmn,
667 4304 1022 4372 simplieitatem
1052 4296 1374 4387 oppowittu
1491 4291 2877 4370 *Mldm-EU‘10Md811112i5ndsprevisunt

507 4390 816 4441 elementa
862 4390 921 4434 et
959 4389 1210 4432 tenerae
1243 4374 1432 4425 nimis
1465 4388 1550 4421 me
1562 4376 1665 4421 net
1733 4376 2053 4438 superiori
2036 4376 2141 4428 ibn
2152 4380 2270 4429 sto
2282 4318 2580 4437 ιιιιιιιιᾱιο
2614 4390 2875 4445 studiis.
