3192 5009
1034 1088 1039 1093 .
1228 1010 1868 1103 DISPUTATIO

1041 1150 1181 1241 DE
1236 1148 1698 1249 ALIQUOT
1753 1148 2053 1239 LOCIS

486 1286 1231 1379 EPISTULARUM
1292 1284 1846 1376 CICEROMS
1910 1286 2051 1375 AD
2108 1284 2616 1377 ATTIGUM.

1421 1490 1670 1533 scmpsx'r

1194 1643 1254 1713 J..
1317 1640 1389 1709 C.
1452 1641 1533 1710 G.
1596 1641 1906 1719 ΒΟΟΤ.

1378 1917 1710 1953 —-00<>--

453 2157 804 2241 Postquam
848 2158 994 2218 ante
1038 2152 1155 2215 hos
1202 2170 1311 2215 sex
1350 2170 1545 2215 annos
1584 2150 1784 2216 altera
1820 2172 1966 2218 mea
2005 2153 2200 2219 editio
2241 2154 2471 2218 harum
2512 2158 2740 2240 episto-

359 2263 575 2329 larum
617 2259 854 2347 prodiit
871 2308 888 2335 ‚
936 2256 1131 2323 multi
1179 2260 1305 2323 viri
1344 2257 1516 2321 docti
1552 2277 1656 2322 eas
1695 2259 2028 2324 emendare
2069 2264 2134 2323 et
2171 2259 2547 2326 eruditionis
2589 2282 2739 2327 suae

364 2370 561 2455 copiis
607 2366 933 2433 illustrare
980 2366 1271 2451 aggressi
1316 2370 1485 2428 sunt.
1533 2361 1683 2428 Vidi
1731 2371 1796 2430 et
1842 2371 2084 2430 attente
2129 2363 2262 2451 legi
2280 2415 2297 2444 ,
2347 2387 2506 2451 quae
2547 2364 2618 2433 C.
2660 2370 2736 2432 A.

362 2474 773 2542 Lehmannus
823 2474 892 2536 in
938 2475 1117 2557 parte
1162 2472 1371 2555 prima
1417 2467 1877 2548 Quaestionum
1924 2469 2368 2536 Tullianarum
2385 2521 2403 2550 ‚
2454 2493 2613 2558 quae
2660 2473 2737 2538 R.

360 2579 441 2646 Y.
468 2578 798 2667 Tyrrellus
836 2580 905 2641 in
942 2576 1275 2641 volumine
1312 2575 1585 2641 secundo
1627 2582 1694 2641 et
1729 2578 1922 2641 tertio
1960 2596 2113 2642 suae
2135 2577 2430 2643 editionis
2450 2583 2740 2645 omnium

365 2684 785 2773 epistolarum
829 2681 1267 2769 protulerunt,
1333 2702 1619 2767 quaeque
1664 2682 1742 2745 A.
1793 2680 1943 2747 Otto
1989 2686 2058 2747 111
2103 2683 2318 2750 Musei
2364 2684 2739 2773 philologici

365 2793 657 2859 Rhenani
710 2788 881 2867 XLI,
932 2788 971 2853 3
1018 2790 1305 2875 scripsit,
1353 2787 1687 2873 multaque
1732 2790 1800 2853 in
1845 2792 1926 2853 iis
1972 2792 2222 2868 inveni,
2274 2792 2504 2876 quibus
2552 2791 2738 2878 plane

362 2900 692 2965 assentior.
768 2896 931 2983 Legi
999 2897 1197 2960 etiam
1214 2943 1231 2972 ,
1292 2894 1403 2959 sed
1464 2916 1589 2959 non
1650 2893 1841 2959 laudo
1857 2943 1874 2973 ,
1942 2916 2102 2980 quae
2165 2895 2265 2961 W.
2314 2897 2628 2963 Marshall
2671 2902 2739 2963 in

358 3005 525 3071 libro
543 3054 560 3083 ‚
629 3006 742 3090 qui
809 3000 1181 3067 inscribitur
1251 2997 1485 3066 Cruces
1557 3000 1682 3065 and
1752 3003 2090 3066 criticisms
2162 3003 2461 3084 (Londini
2538 3004 2740 3086 1886)

361 3136 426 3200 p.
476 3106 765 3187 29—4'7,
830 3114 895 3173 et
958 3128 1119 3193 quae
1178 3106 1255 3171 E.
1305 3105 1646 3193 Spanoghe
1691 3110 1761 3171 in
1805 3107 2378 3175 Emendationibus
2424 3110 2738 3179 Tullianis

363 3218 465 3300 (L.
514 3217 586 3282 B.
641 3212 841 3295 1890)
889 3239 951 3301 p.
1004 3212 1273 3279 48—54
1320 3216 1742 3279 coniecerunt.

455 3323 669 3403 Quum
734 3320 839 3386 vel
901 3340 1046 3385 mea
1092 3326 1313 3405 sponte
1359 3319 1466 3385 vel
1512 3319 1786 3386 aliorum
1835 3323 2086 3407 scriptis
2133 3325 2444 3389 excitatus
2492 3329 2743 3412 saepius

363 3430 446 3498 ad
506 3449 718 3495 meam
766 3428 1110 3493 editionem
1155 3426 1429 3492 redirem
1446 3476 1463 3505 ‚
1512 3429 1729 3493 inveni
1778 3448 1938 3512 quae
1985 3430 2054 3492 in
2097 3450 2240 3494 111811
2286 3437 2743 3499 commentario

364 3536 475 3603 vel
517 3537 864 3600 immutata
918 3532 1014 3598 vel
1056 3535 1267 3619 magis
1305 3538 1525 3598 ornata
1563 3553 1881 3619 cuperem.
1933 3532 2150 3599 Liceat
2187 3556 2355 3601 nunc
2394 3540 2560 3603 mihi
2597 3560 2746 3604 non-

363 3642 549 3711 nulla
594 3662 818 3708 eorum
862 3661 1153 3726 promere
1196 3645 1262 3705 et
1306 3639 1760 3727 Mnemosyncs
1795 3640 2140 3707 lectoribus
2165 3640 2402 3709 offerre.
2451 3643 2744 3711 Fortasse

364 3748 610 3835 aliquid
655 3748 974 3813 conferent
1021 3746 1100 3811 ad
1146 3747 1261 3812 has
1310 3747 1611 3833 epistolas
1659 3745 1894 3812 melius
1941 3746 2426 3835 intellegendas.

452 3969 504 4034 Ι.
557 3967 660 4045 13,
692 3968 751 4032 1.
800 3966 1047 4030 Accedit
1093 3988 1155 4030 eo
1175 4014 1191 4043 ‚
1241 3968 1399 4051 quod
1444 3966 1592 4029 mihi
1640 3989 1758 4031 non
1803 3966 1844 4007 *¹
1867 3966 1926 4045 ¹⁸¹,
1972 3974 2041 4030 ut
2086 3968 2330 4055 quisque
2377 3969 2445 4033 in
2490 3971 2746 4053 Epirum

362 4074 785 4159 prqficiscitur.
850 4073 1174 4138 Lacunam
1234 4072 1403 4138 male
1466 4070 1728 4158 impleri
1774 4074 1984 4138 verbis
2033 4081 2119 4137 eet
2161 4081 2362 4137 notum
2409 4082 2633 4142 monui
2677 4081 2746 4142 in

366 4201 510 4247 mea
548 4181 823 4246 editione
843 4229 859 4257 ,
910 4186 975 4245 et
1020 4182 1259 4244 conieci
1300 4179 1606 4244 excidisse
1653 4178 1834 4241 bonus
1881 4187 1967 4243 est
2013 4200 2082 4243 o:
2132 4178 2316 4244 utilis
2364 4186 2479 4245 est.
2528 4180 2633 4248 Sic
2669 4184 2745 4251 de

367 4285 542 4352 Orat.
590 4284 704 4350 ΠΙ.
762 4284 886 4349 139
953 4282 1185 4351 Critias
1234 4290 1299 4349 et
1345 4283 1704 4350 Alcibiades
1750 4284 1974 4347 civibus
2021 4288 2138 4364 (sic
2185 4287 2587 4353 scribendum
2634 4312 2746 4376 pro

368 4392 710 4457 civitataeibue
723 4420 751 4467 ;
800 4413 951 4456 nam
995 4390 1096 4457 illi
1145 4391 1431 4457 eiusdem
1481 4400 1660 4456 erant
1707 4392 2013 4471 civitatis)
2057 4391 2184 4455 suis
2223 4414 2341 4455 non
2380 4393 2517 4457 boni
2550 4395 2746 4465 fuisse

369 4498 687 4564 dicuntur.
736 4497 920 4564 Idem
965 4519 1194 4564 nomen
1240 4496 1545 4563 excidisse
1592 4496 1850 4563 videtur
1894 4501 1963 4561 111
2007 4496 2300 4562 Frontini
2345 4498 2620 4589 Strateg.
2662 4504 2744 4569 Π.

2428 4622 2459 4667 8
