<?xml version="1.0" encoding="UTF-8"?>
<!DOCTYPE html PUBLIC "-//W3C//DTD XHTML 1.0 Transitional//EN"
    "http://www.w3.org/TR/xhtml1/DTD/xhtml1-transitional.dtd">
<html xmlns="http://www.w3.org/1999/xhtml" xml:lang="en" lang="en">
 <head>
  <title>
</title>
<meta http-equiv="Content-Type" content="text/html;charset=utf-8" />
  <meta name='ocr-system' content='tesseract 3.04.00' />
  <meta name='ocr-capabilities' content='ocr_page ocr_carea ocr_par ocr_line ocrx_word'/>
</head>
<body>
  <div class='ocr_page' id='page_1' title='image "./mnemosyne07servgoog_0760.png"; bbox 0 0 3192 5009; ppageno 0'>
   <div class='ocr_carea' id='block_1_1' title="bbox 533 325 1975 396">
    <p class='ocr_par' dir='ltr' id='par_1_1' title="bbox 533 325 1975 396">
     <span class='ocr_line' id='line_1_1' title="bbox 533 325 1975 396; baseline 0.001 -2"><span class='ocrx_word' id='word_1_1' title='bbox 533 325 666 394; x_wconf 85' lang='lat'><strong>280</strong></span> <span class='ocrx_word' id='word_1_2' title='bbox 1476 346 1975 396; x_wconf 68' lang='lat' dir='ltr'><strong>namnum.</strong></span> 
     </span>
    </p>
   </div>
   <div class='ocr_carea' id='block_1_2' title="bbox 526 511 2913 1022">
    <p class='ocr_par' dir='ltr' id='par_1_2' title="bbox 529 511 2905 600">
     <span class='ocr_line' id='line_1_2' title="bbox 529 511 2905 600; baseline -0.001 -24"><span class='ocrx_word' id='word_1_3' title='bbox 529 512 822 576; x_wconf 75' lang='lat' dir='ltr'><em>tenebitur</em></span> <span class='ocrx_word' id='word_1_4' title='bbox 882 512 1002 576; x_wconf 84' lang='lat' dir='ltr'><strong>iam</strong></span> <span class='ocrx_word' id='word_1_5' title='bbox 1065 516 1619 590; x_wconf 82' lang='lat' dir='ltr'><strong>(inconstantiae)</strong></span> <span class='ocrx_word' id='word_1_6' title='bbox 1650 514 1994 600; x_wconf 81' lang='lat' dir='ltr'><strong>frenandis</strong></span> <span class='ocrx_word' id='word_1_7' title='bbox 2042 515 2523 597; x_wconf 77' lang='lat' dir='ltr'><strong>[continentiae]</strong></span> <span class='ocrx_word' id='word_1_8' title='bbox 2571 511 2905 594; x_wconf 70' lang='lat' dir='ltr'><strong>coniuqiis,</strong></span> 
     </span>
    </p>

    <p class='ocr_par' dir='ltr' id='par_1_3' title="bbox 526 617 2913 1022">
     <span class='ocr_line' id='line_1_3' title="bbox 529 617 2909 706; baseline 0 -24"><span class='ocrx_word' id='word_1_9' title='bbox 529 617 670 684; x_wconf 78' lang='lat' dir='ltr'><strong>vel:</strong></span> <span class='ocrx_word' id='word_1_10' title='bbox 729 625 787 682; x_wconf 86' lang='lat' dir='ltr'><strong>et</strong></span> <span class='ocrx_word' id='word_1_11' title='bbox 849 619 1142 682; x_wconf 75' lang='lat' dir='ltr'><strong>tenebitur</strong></span> <span class='ocrx_word' id='word_1_12' title='bbox 1201 619 1324 682; x_wconf 82' lang='lat' dir='ltr'><strong>iam</strong></span> <span class='ocrx_word' id='word_1_13' title='bbox 1372 622 1931 695; x_wconf 71' lang='lat' dir='ltr'><strong>(inconstantiae)</strong></span> <span class='ocrx_word' id='word_1_14' title='bbox 1962 621 2307 706; x_wconf 75' lang='lat' dir='ltr'><strong>frenandis</strong></span> <span class='ocrx_word' id='word_1_15' title='bbox 2352 619 2726 684; x_wconf 78' lang='lat' dir='ltr'><strong>continentiA</strong></span> <span class='ocrx_word' id='word_1_16' title='bbox 2770 641 2909 682; x_wconf 70' lang='lat' dir='ltr'><strong>con·</strong></span> 
     </span>
     <span class='ocr_line' id='line_1_4' title="bbox 528 724 2913 813; baseline 0 -25"><span class='ocrx_word' id='word_1_17' title='bbox 528 724 733 806; x_wconf 72' lang='lat' dir='ltr'><strong>iuqiis.</strong></span> <span class='ocrx_word' id='word_1_18' title='bbox 781 724 905 804; x_wconf 81' lang='lat' dir='ltr'><strong>Qui</strong></span> <span class='ocrx_word' id='word_1_19' title='bbox 951 724 1430 791; x_wconf 81' lang='lat' dir='ltr'><strong>fornicationem</strong></span> <span class='ocrx_word' id='word_1_20' title='bbox 1475 725 1771 813; x_wconf 80' lang='lat' dir='ltr'><strong>indulget</strong></span> <span class='ocrx_word' id='word_1_21' title='bbox 1816 726 1924 792; x_wconf 86' lang='lat' dir='ltr'><strong>sed</strong></span> <span class='ocrx_word' id='word_1_22' title='bbox 1969 726 2272 792; x_wconf 85' lang='lat' dir='ltr'><strong>fratribus</strong></span> <span class='ocrx_word' id='word_1_23' title='bbox 2318 731 2539 792; x_wconf 81' lang='lat' dir='ltr'><strong>auctor</strong></span> <span class='ocrx_word' id='word_1_24' title='bbox 2584 733 2712 791; x_wconf 82' lang='lat' dir='ltr'><strong>est:</strong></span> <span class='ocrx_word' id='word_1_25' title='bbox 2748 725 2913 789; x_wconf 76' lang='lat' dir='ltr'><strong>solu-</strong></span> 
     </span>
     <span class='ocr_line' id='line_1_5' title="bbox 528 831 2913 919; baseline 0.001 -25"><span class='ocrx_word' id='word_1_26' title='bbox 528 838 624 894; x_wconf 85' lang='lat' dir='ltr'><strong>tus</strong></span> <span class='ocrx_word' id='word_1_27' title='bbox 669 854 730 894; x_wconf 91' lang='lat' dir='ltr'><strong>es</strong></span> <span class='ocrx_word' id='word_1_28' title='bbox 775 832 848 894; x_wconf 91' lang='lat' dir='ltr'><strong>ab</strong></span> <span class='ocrx_word' id='word_1_29' title='bbox 891 853 1107 908; x_wconf 63' lang='lat' dir='ltr'><strong>uxore,</strong></span> <span class='ocrx_word' id='word_1_30' title='bbox 1158 854 1233 894; x_wconf 81' lang='lat' dir='ltr'><strong>ne</strong></span> <span class='ocrx_word' id='word_1_31' title='bbox 1277 831 1604 917; x_wconf 85' lang='lat' dir='ltr'><strong>quaesieris</strong></span> <span class='ocrx_word' id='word_1_32' title='bbox 1648 853 1887 896; x_wconf 73' lang='lat' dir='ltr'><strong>uxorem</strong></span> <span class='ocrx_word' id='word_1_33' title='bbox 1932 835 2183 918; x_wconf 87' lang='lat' dir='ltr'><strong>eisque,</strong></span> <span class='ocrx_word' id='word_1_34' title='bbox 2236 835 2348 919; x_wconf 90' lang='lat' dir='ltr'><strong>qui</strong></span> <span class='ocrx_word' id='word_1_35' title='bbox 2394 832 2631 897; x_wconf 86' lang='lat' dir='ltr'><strong>habent</strong></span> <span class='ocrx_word' id='word_1_36' title='bbox 2676 851 2913 896; x_wconf 82' lang='lat' dir='ltr'><strong>uxores</strong></span> 
     </span>
     <span class='ocr_line' id='line_1_6' title="bbox 526 937 2910 1022; baseline -0 -21"><span class='ocrx_word' id='word_1_37' title='bbox 526 942 604 1001; x_wconf 87' lang='lat' dir='ltr'><strong>ut</strong></span> <span class='ocrx_word' id='word_1_38' title='bbox 639 937 764 1001; x_wconf 84' lang='lat' dir='ltr'><strong>sint</strong></span> <span class='ocrx_word' id='word_1_39' title='bbox 800 943 1094 1022; x_wconf 81' lang='lat' dir='ltr'><strong>tamquam</strong></span> <span class='ocrx_word' id='word_1_40' title='bbox 1129 959 1247 1000; x_wconf 82' lang='lat' dir='ltr'><strong>non</strong></span> <span class='ocrx_word' id='word_1_41' title='bbox 1285 939 1582 1015; x_wconf 72' lang='lat' dir='ltr'><strong>habentes,</strong></span> <span class='ocrx_word' id='word_1_42' title='bbox 1620 960 1874 1003; x_wconf 87' lang='lat' dir='ltr'><strong>summo</strong></span> <span class='ocrx_word' id='word_1_43' title='bbox 1898 941 2037 1004; x_wconf 89' lang='lat' dir='ltr'><strong>iure</strong></span> <span class='ocrx_word' id='word_1_44' title='bbox 2060 940 2521 1005; x_wconf 77' lang='lat' dir='ltr'><strong>inconstantiae</strong></span> <span class='ocrx_word' id='word_1_45' title='bbox 2544 939 2910 1003; x_wconf 77' lang='lat' dir='ltr'><strong>arcessitur.</strong></span> 
     </span>
    </p>
   </div>
   <div class='ocr_carea' id='block_1_3' title="bbox 518 1139 2917 1864">
    <p class='ocr_par' dir='ltr' id='par_1_4' title="bbox 518 1139 2917 1864">
     <span class='ocr_line' id='line_1_7' title="bbox 617 1139 2909 1229; baseline 0 -25"><span class='ocrx_word' id='word_1_46' title='bbox 617 1163 680 1228; x_wconf 88' lang='lat' dir='ltr'><strong>p.</strong></span> <span class='ocrx_word' id='word_1_47' title='bbox 730 1140 884 1206; x_wconf 88' lang='lat'><strong>262.</strong></span> <span class='ocrx_word' id='word_1_48' title='bbox 917 1139 1021 1206; x_wconf 89' lang='grc'><strong>13.</strong></span> <span class='ocrx_word' id='word_1_49' title='bbox 1093 1143 1449 1206; x_wconf 78' lang='lat' dir='ltr'><strong>haereticam</strong></span> <span class='ocrx_word' id='word_1_50' title='bbox 1516 1142 1671 1207; x_wconf 84' lang='lat' dir='ltr'><strong>enim</strong></span> <span class='ocrx_word' id='word_1_51' title='bbox 1717 1143 2056 1229; x_wconf 82' lang='lat' dir='ltr'><strong>feminam,</strong></span> <span class='ocrx_word' id='word_1_52' title='bbox 2122 1165 2273 1227; x_wconf 84' lang='lat' dir='ltr'><strong>quae</strong></span> <span class='ocrx_word' id='word_1_53' title='bbox 2318 1143 2478 1227; x_wconf 81' lang='lat' dir='ltr'><strong>quod</strong></span> <span class='ocrx_word' id='word_1_54' title='bbox 2519 1142 2817 1206; x_wconf 70' lang='lat' dir='ltr'><strong>didicerat</strong></span> <span class='ocrx_word' id='word_1_55' title='bbox 2866 1166 2909 1205; x_wconf 88' lang='lat' dir='ltr'><strong>a</strong></span> 
     </span>
     <span class='ocr_line' id='line_1_8' title="bbox 529 1248 2911 1333; baseline -0 -20"><span class='ocrx_word' id='word_1_56' title='bbox 529 1248 861 1313; x_wconf 69' lang='lat' dir='ltr'><strong>Nicolaitis</strong></span> <span class='ocrx_word' id='word_1_57' title='bbox 911 1250 1117 1312; x_wconf 85' lang='lat' dir='ltr'><strong>docere</strong></span> <span class='ocrx_word' id='word_1_58' title='bbox 1160 1257 1498 1333; x_wconf 70' lang='lat' dir='ltr'><strong>susceperat</strong></span> <span class='ocrx_word' id='word_1_59' title='bbox 1515 1298 1532 1327; x_wconf 89' lang='lat'><strong>,</strong></span> <span class='ocrx_word' id='word_1_60' title='bbox 1580 1250 1651 1313; x_wconf 90' lang='lat' dir='ltr'><strong>in</strong></span> <span class='ocrx_word' id='word_1_61' title='bbox 1696 1249 1999 1314; x_wconf 82' lang='lat' dir='ltr'><strong>ecclesiam</strong></span> <span class='ocrx_word' id='word_1_62' title='bbox 2046 1249 2305 1313; x_wconf 82' lang='lat' dir='ltr'><strong>latenter</strong></span> <span class='ocrx_word' id='word_1_63' title='bbox 2350 1249 2801 1313; x_wconf 72' lang='lat' dir='ltr'><strong>introducebant</strong></span> <span class='ocrx_word' id='word_1_64' title='bbox 2848 1257 2911 1312; x_wconf 85' lang='lat' dir='ltr'><strong>et</strong></span> 
     </span>
     <span class='ocr_line' id='line_1_9' title="bbox 527 1354 2909 1440; baseline 0 -20"><span class='ocrx_word' id='word_1_65' title='bbox 527 1356 736 1420; x_wconf 82' lang='lat' dir='ltr'><strong>merito</strong></span> <span class='ocrx_word' id='word_1_66' title='bbox 797 1357 882 1418; x_wconf 86' lang='lat' dir='ltr'><strong>ad</strong></span> <span class='ocrx_word' id='word_1_67' title='bbox 928 1355 1370 1437; x_wconf 79' lang='lat' dir='ltr'><strong>paenitentiam</strong></span> <span class='ocrx_word' id='word_1_68' title='bbox 1429 1357 1694 1437; x_wconf 76' lang='lat' dir='ltr'><strong>urqebat.</strong></span> <span class='ocrx_word' id='word_1_69' title='bbox 1745 1356 1886 1422; x_wconf 93' lang='lat' dir='ltr'><strong>Non</strong></span> <span class='ocrx_word' id='word_1_70' title='bbox 1904 1405 1922 1434; x_wconf 93' lang='lat'><strong>,</strong></span> <span class='ocrx_word' id='word_1_71' title='bbox 1972 1357 2216 1440; x_wconf 87' lang='lat' dir='ltr'><strong>opinor,</strong></span> <span class='ocrx_word' id='word_1_72' title='bbox 2268 1357 2406 1420; x_wconf 85' lang='lat' dir='ltr'><strong>sive</strong></span> <span class='ocrx_word' id='word_1_73' title='bbox 2453 1354 2717 1421; x_wconf 86' lang='lat' dir='ltr'><strong>Ioannes</strong></span> <span class='ocrx_word' id='word_1_74' title='bbox 2762 1357 2909 1420; x_wconf 86' lang='lat' dir='ltr'><strong>sive</strong></span> 
     </span>
     <span class='ocr_line' id='line_1_10' title="bbox 529 1461 2915 1548; baseline -0.001 -20"><span class='ocrx_word' id='word_1_75' title='bbox 529 1464 794 1548; x_wconf 89' lang='lat' dir='ltr'><strong>spiritus</strong></span> <span class='ocrx_word' id='word_1_76' title='bbox 831 1466 1105 1539; x_wconf 86' lang='lat' dir='ltr'><strong>sanctus,</strong></span> <span class='ocrx_word' id='word_1_77' title='bbox 1146 1464 1258 1547; x_wconf 89' lang='lat' dir='ltr'><strong>qui</strong></span> <span class='ocrx_word' id='word_1_78' title='bbox 1299 1483 1376 1527; x_wconf 89' lang='lat' dir='ltr'><strong>ex</strong></span> <span class='ocrx_word' id='word_1_79' title='bbox 1417 1483 1522 1527; x_wconf 88' lang='lat' dir='ltr'><strong>ore</strong></span> <span class='ocrx_word' id='word_1_80' title='bbox 1563 1466 1702 1528; x_wconf 86' lang='lat' dir='ltr'><strong>eius</strong></span> <span class='ocrx_word' id='word_1_81' title='bbox 1737 1461 2135 1548; x_wconf 79' lang='lat' dir='ltr'><strong>loquebatur,</strong></span> <span class='ocrx_word' id='word_1_82' title='bbox 2173 1463 2561 1526; x_wconf 84' lang='lat' dir='ltr'><strong>haereticam</strong></span> <span class='ocrx_word' id='word_1_83' title='bbox 2594 1462 2915 1527; x_wconf 85' lang='lat' dir='ltr'><strong>feminam</strong></span> 
     </span>
     <span class='ocr_line' id='line_1_11' title="bbox 518 1567 2912 1646; baseline -0.001 -12"><span class='ocrx_word' id='word_1_84' title='bbox 518 1567 792 1634; x_wconf 87' lang='lat' dir='ltr'><strong>latenter</strong></span> <span class='ocrx_word' id='word_1_85' title='bbox 861 1570 928 1632; x_wconf 90' lang='lat' dir='ltr'><strong>in</strong></span> <span class='ocrx_word' id='word_1_86' title='bbox 999 1567 1326 1635; x_wconf 87' lang='lat' dir='ltr'><strong>ecclesiam</strong></span> <span class='ocrx_word' id='word_1_87' title='bbox 1393 1568 1831 1634; x_wconf 87' lang='lat' dir='ltr'><strong>introducebat</strong></span> <span class='ocrx_word' id='word_1_88' title='bbox 1850 1617 1868 1646; x_wconf 93' lang='lat'><strong>,</strong></span> <span class='ocrx_word' id='word_1_89' title='bbox 1940 1568 2052 1634; x_wconf 86' lang='lat' dir='ltr'><strong>sed</strong></span> <span class='ocrx_word' id='word_1_90' title='bbox 2112 1569 2497 1633; x_wconf 86' lang='lat' dir='ltr'><strong>haereticam</strong></span> <span class='ocrx_word' id='word_1_91' title='bbox 2558 1568 2869 1633; x_wconf 83' lang='lat' dir='ltr'><strong>feminam</strong></span> <span class='ocrx_word' id='word_1_92' title='bbox 2892 1617 2912 1646; x_wconf 94' lang='lat'><strong>,</strong></span> 
     </span>
     <span class='ocr_line' id='line_1_12' title="bbox 521 1674 2917 1760; baseline 0 -22"><span class='ocrx_word' id='word_1_93' title='bbox 521 1697 672 1760; x_wconf 82' lang='lat' dir='ltr'><strong>quae</strong></span> <span class='ocrx_word' id='word_1_94' title='bbox 733 1676 892 1760; x_wconf 82' lang='lat' dir='ltr'><strong>quod</strong></span> <span class='ocrx_word' id='word_1_95' title='bbox 950 1675 1250 1738; x_wconf 81' lang='lat' dir='ltr'><strong>didicerat</strong></span> <span class='ocrx_word' id='word_1_96' title='bbox 1309 1700 1348 1738; x_wconf 93' lang='lat' dir='ltr'><strong>a</strong></span> <span class='ocrx_word' id='word_1_97' title='bbox 1393 1675 1725 1739; x_wconf 78' lang='lat' dir='ltr'><strong>Nicolaitis</strong></span> <span class='ocrx_word' id='word_1_98' title='bbox 1770 1677 1976 1739; x_wconf 88' lang='lat' dir='ltr'><strong>docere</strong></span> <span class='ocrx_word' id='word_1_99' title='bbox 2018 1681 2359 1756; x_wconf 75' lang='lat' dir='ltr'><strong>susceperat</strong></span> <span class='ocrx_word' id='word_1_100' title='bbox 2407 1677 2568 1748; x_wconf 83' lang='lat' dir='ltr'><strong>(et)</strong></span> <span class='ocrx_word' id='word_1_101' title='bbox 2616 1674 2685 1736; x_wconf 81' lang='lat' dir='ltr'><strong>in</strong></span> <span class='ocrx_word' id='word_1_102' title='bbox 2728 1674 2917 1738; x_wconf 72' lang='lat' dir='ltr'><strong>ecclo-</strong></span> 
     </span>
     <span class='ocr_line' id='line_1_13' title="bbox 518 1779 2797 1864; baseline -0 -21"><span class='ocrx_word' id='word_1_103' title='bbox 518 1780 671 1843; x_wconf 83' lang='lat' dir='ltr'><strong>siam</strong></span> <span class='ocrx_word' id='word_1_104' title='bbox 720 1779 976 1844; x_wconf 88' lang='lat' dir='ltr'><strong>latenter</strong></span> <span class='ocrx_word' id='word_1_105' title='bbox 1023 1781 1433 1845; x_wconf 76' lang='lat' dir='ltr'><strong>introducebat</strong></span> <span class='ocrx_word' id='word_1_106' title='bbox 1449 1830 1466 1860; x_wconf 91' lang='lat'><strong>,</strong></span> <span class='ocrx_word' id='word_1_107' title='bbox 1515 1785 1637 1864; x_wconf 87' lang='lat' dir='ltr'><strong>[et]</strong></span> <span class='ocrx_word' id='word_1_108' title='bbox 1681 1782 1887 1844; x_wconf 84' lang='lat' dir='ltr'><strong>merito</strong></span> <span class='ocrx_word' id='word_1_109' title='bbox 1934 1782 2018 1844; x_wconf 86' lang='lat' dir='ltr'><strong>ad</strong></span> <span class='ocrx_word' id='word_1_110' title='bbox 2048 1780 2489 1863; x_wconf 79' lang='lat' dir='ltr'><strong>paenitentiam</strong></span> <span class='ocrx_word' id='word_1_111' title='bbox 2534 1781 2797 1862; x_wconf 72' lang='lat' dir='ltr'><strong>urqebat.</strong></span> 
     </span>
    </p>
   </div>
   <div class='ocr_carea' id='block_1_4' title="bbox 521 1997 2911 2192">
    <p class='ocr_par' dir='ltr' id='par_1_5' title="bbox 521 1997 2911 2192">
     <span class='ocr_line' id='line_1_14' title="bbox 610 1997 2911 2086; baseline -0.002 -20"><span class='ocrx_word' id='word_1_112' title='bbox 610 2023 674 2086; x_wconf 90' lang='lat' dir='ltr'><strong>p.</strong></span> <span class='ocrx_word' id='word_1_113' title='bbox 722 1999 876 2066; x_wconf 86' lang='grc'><strong>262.</strong></span> <span class='ocrx_word' id='word_1_114' title='bbox 904 1999 1012 2065; x_wconf 90' lang='grc'><strong>26.</strong></span> <span class='ocrx_word' id='word_1_115' title='bbox 1083 1999 1338 2086; x_wconf 83' lang='lat' dir='ltr'><strong>denique</strong></span> <span class='ocrx_word' id='word_1_116' title='bbox 1393 2022 1463 2062; x_wconf 88' lang='lat' dir='ltr'><strong>ea</strong></span> <span class='ocrx_word' id='word_1_117' title='bbox 1511 1999 1923 2085; x_wconf 56' lang='lat' dir='ltr'><strong>Apocalypsis.</strong></span> <span class='ocrx_word' id='word_1_118' title='bbox 1998 1999 2075 2065; x_wconf 89' lang='lat' dir='ltr'><strong>R.</strong></span> <span class='ocrx_word' id='word_1_119' title='bbox 2128 2024 2241 2079; x_wconf 84' lang='lat' dir='ltr'><strong>„ea</strong></span> <span class='ocrx_word' id='word_1_120' title='bbox 2285 1999 2405 2065; x_wconf 88' lang='lat' dir='ltr'><strong>del.</strong></span> <span class='ocrx_word' id='word_1_121' title='bbox 2457 1997 2751 2064; x_wconf 80' lang='lat' dir='ltr'><strong>Hartel.’&#39;</strong></span> <span class='ocrx_word' id='word_1_122' title='bbox 2822 1997 2911 2063; x_wconf 85' lang='lat' dir='ltr'><strong>L.</strong></span> 
     </span>
     <span class='ocr_line' id='line_1_15' title="bbox 521 2106 1239 2192; baseline -0.001 -21"><span class='ocrx_word' id='word_1_123' title='bbox 521 2109 782 2171; x_wconf 81' lang='lat' dir='ltr'><strong>eadem</strong></span> <span class='ocrx_word' id='word_1_124' title='bbox 829 2106 1239 2192; x_wconf 73' lang='lat' dir='ltr'><strong>Apocalypsis.</strong></span> 
     </span>
    </p>
   </div>
   <div class='ocr_carea' id='block_1_5' title="bbox 519 2324 2911 2728">
    <p class='ocr_par' dir='ltr' id='par_1_6' title="bbox 519 2324 2911 2728">
     <span class='ocr_line' id='line_1_16' title="bbox 611 2324 2907 2413; baseline 0 -23"><span class='ocrx_word' id='word_1_125' title='bbox 611 2349 673 2413; x_wconf 89' lang='lat' dir='ltr'><strong>p.</strong></span> <span class='ocrx_word' id='word_1_126' title='bbox 722 2324 875 2390; x_wconf 85' lang='lat'><strong>263.</strong></span> <span class='ocrx_word' id='word_1_127' title='bbox 908 2324 1010 2390; x_wconf 94' lang='grc'><strong>11.</strong></span> <span class='ocrx_word' id='word_1_128' title='bbox 1073 2327 1149 2390; x_wconf 84' lang='lat' dir='ltr'><strong>de</strong></span> <span class='ocrx_word' id='word_1_129' title='bbox 1210 2326 1465 2408; x_wconf 84' lang='lat' dir='ltr'><strong>epistola</strong></span> <span class='ocrx_word' id='word_1_130' title='bbox 1526 2348 1751 2412; x_wconf 81' lang='lat' dir='ltr'><strong>quoque</strong></span> <span class='ocrx_word' id='word_1_131' title='bbox 1795 2326 2047 2390; x_wconf 86' lang='lat' dir='ltr'><strong>Ioannis</strong></span> <span class='ocrx_word' id='word_1_132' title='bbox 2090 2334 2348 2410; x_wconf 84' lang='lat' dir='ltr'><strong>carpunt</strong></span> <span class='ocrx_word' id='word_1_133' title='bbox 2392 2325 2616 2391; x_wconf 81' lang='lat' dir='ltr'><strong>statim.</strong></span> <span class='ocrx_word' id='word_1_134' title='bbox 2676 2325 2907 2390; x_wconf 73' lang='lat' dir='ltr'><strong>dictum</strong></span> 
     </span>
     <span class='ocr_line' id='line_1_17' title="bbox 521 2432 2909 2515; baseline 0 -18"><span class='ocrx_word' id='word_1_135' title='bbox 521 2440 640 2497; x_wconf 81' lang='lat' dir='ltr'><strong>est.-</strong></span> <span class='ocrx_word' id='word_1_136' title='bbox 691 2434 936 2514; x_wconf 72' lang='lat' dir='ltr'><strong>sanquis</strong></span> <span class='ocrx_word' id='word_1_137' title='bbox 963 2432 1104 2515; x_wconf 85' lang='lat' dir='ltr'><strong>filii</strong></span> <span class='ocrx_word' id='word_1_138' title='bbox 1149 2432 1277 2496; x_wconf 83' lang='lat' dir='ltr'><strong>eius</strong></span> <span class='ocrx_word' id='word_1_139' title='bbox 1323 2434 1601 2496; x_wconf 71' lang='lat' dir='ltr'><strong>mundat</strong></span> <span class='ocrx_word' id='word_1_140' title='bbox 1646 2455 1751 2496; x_wconf 88' lang='lat' dir='ltr'><strong>nos</strong></span> <span class='ocrx_word' id='word_1_141' title='bbox 1796 2434 1869 2496; x_wconf 90' lang='lat' dir='ltr'><strong>ab</strong></span> <span class='ocrx_word' id='word_1_142' title='bbox 1914 2434 2072 2497; x_wconf 82' lang='lat' dir='ltr'><strong>omni</strong></span> <span class='ocrx_word' id='word_1_143' title='bbox 2118 2433 2356 2498; x_wconf 85' lang='lat' dir='ltr'><strong>delicto.</strong></span> <span class='ocrx_word' id='word_1_144' title='bbox 2430 2433 2909 2498; x_wconf 76' lang='lat' dir='ltr'><strong>Distributione</strong></span> 
     </span>
     <span class='ocr_line' id='line_1_18' title="bbox 519 2536 2911 2624; baseline -0 -21"><span class='ocrx_word' id='word_1_145' title='bbox 519 2538 861 2603; x_wconf 83' lang='lat' dir='ltr'><strong>verborum</strong></span> <span class='ocrx_word' id='word_1_146' title='bbox 922 2536 1151 2602; x_wconf 84' lang='lat' dir='ltr'><strong>leviter</strong></span> <span class='ocrx_word' id='word_1_147' title='bbox 1209 2540 1557 2602; x_wconf 83' lang='lat' dir='ltr'><strong>immutata</strong></span> <span class='ocrx_word' id='word_1_148' title='bbox 1618 2537 1854 2624; x_wconf 75' lang='lat' dir='ltr'><strong>leg-ito:</strong></span> <span class='ocrx_word' id='word_1_149' title='bbox 1916 2539 1993 2602; x_wconf 89' lang='lat' dir='ltr'><strong>de</strong></span> <span class='ocrx_word' id='word_1_150' title='bbox 2036 2539 2291 2621; x_wconf 81' lang='lat' dir='ltr'><strong>epistola</strong></span> <span class='ocrx_word' id='word_1_151' title='bbox 2336 2561 2561 2624; x_wconf 78' lang='lat' dir='ltr'><strong>quoque</strong></span> <span class='ocrx_word' id='word_1_152' title='bbox 2606 2538 2911 2603; x_wconf 74' lang='lat' dir='ltr'><strong>Iohannis</strong></span> 
     </span>
     <span class='ocr_line' id='line_1_19' title="bbox 521 2645 2907 2728; baseline -0 -19"><span class='ocrx_word' id='word_1_153' title='bbox 521 2651 776 2728; x_wconf 82' lang='lat' dir='ltr'><strong>carpunt</strong></span> <span class='ocrx_word' id='word_1_154' title='bbox 823 2647 890 2724; x_wconf 92' lang='lat' dir='ltr'><strong>(i.</strong></span> <span class='ocrx_word' id='word_1_155' title='bbox 919 2664 972 2709; x_wconf 89' lang='lat' dir='ltr'><strong>e.</strong></span> <span class='ocrx_word' id='word_1_156' title='bbox 1021 2651 1367 2728; x_wconf 86' lang='lat' dir='ltr'><strong>excerpunt</strong></span> <span class='ocrx_word' id='word_1_157' title='bbox 1414 2647 1757 2708; x_wconf 80' lang='lat' dir='ltr'><strong>sententias</strong></span> <span class='ocrx_word' id='word_1_158' title='bbox 1790 2647 1859 2708; x_wconf 90' lang='lat' dir='ltr'><strong>in</strong></span> <span class='ocrx_word' id='word_1_159' title='bbox 1900 2665 2084 2709; x_wconf 85' lang='lat' dir='ltr'><strong>suam</strong></span> <span class='ocrx_word' id='word_1_160' title='bbox 2119 2667 2255 2710; x_wconf 88' lang='lat' dir='ltr'><strong>rem</strong></span> <span class='ocrx_word' id='word_1_161' title='bbox 2294 2645 2653 2725; x_wconf 82' lang='lat' dir='ltr'><strong>facientes):</strong></span> <span class='ocrx_word' id='word_1_162' title='bbox 2694 2645 2907 2708; x_wconf 76' lang='lat' dir='ltr'><strong>statim</strong></span> 
     </span>
    </p>
   </div>
   <div class='ocr_carea' id='block_1_6' title="bbox 518 2748 2903 2936">
    <p class='ocr_par' dir='ltr' id='par_1_7' title="bbox 518 2748 2903 2936">
     <span class='ocr_line' id='line_1_20' title="bbox 518 2748 2903 2836; baseline 0.001 -22"><span class='ocrx_word' id='word_1_163' title='bbox 518 2750 741 2814; x_wconf 83' lang='lat' dir='ltr'><strong>dictum</strong></span> <span class='ocrx_word' id='word_1_164' title='bbox 801 2756 921 2827; x_wconf 87' lang='lat' dir='ltr'><strong>est,</strong></span> <span class='ocrx_word' id='word_1_165' title='bbox 981 2752 1026 2813; x_wconf 91' lang='lat' dir='ltr'><strong>i.</strong></span> <span class='ocrx_word' id='word_1_166' title='bbox 1053 2770 1108 2814; x_wconf 88' lang='lat' dir='ltr'><strong>e.</strong></span> <span class='ocrx_word' id='word_1_167' title='bbox 1155 2751 1345 2814; x_wconf 89' lang='lat' dir='ltr'><strong>initio</strong></span> <span class='ocrx_word' id='word_1_168' title='bbox 1391 2749 1705 2835; x_wconf 82' lang='lat' dir='ltr'><strong>epistulae</strong></span> <span class='ocrx_word' id='word_1_169' title='bbox 1750 2748 1995 2836; x_wconf 75' lang='lat' dir='ltr'><strong>leg-itur</strong></span> <span class='ocrx_word' id='word_1_170' title='bbox 2040 2750 2099 2832; x_wconf 93' lang='lat' dir='ltr'><strong>(I</strong></span> <span class='ocrx_word' id='word_1_171' title='bbox 2144 2750 2277 2816; x_wconf 91' lang='lat' dir='ltr'><strong>Ioh.</strong></span> <span class='ocrx_word' id='word_1_172' title='bbox 2331 2751 2388 2815; x_wconf 95' lang='lat'><strong>1.</strong></span> <span class='ocrx_word' id='word_1_173' title='bbox 2420 2748 2507 2832; x_wconf 89' lang='grc'><strong>7.)</strong></span> <span class='ocrx_word' id='word_1_174' title='bbox 2556 2750 2633 2816; x_wconf 85' lang='lat' dir='ltr'><strong>cf.</strong></span> <span class='ocrx_word' id='word_1_175' title='bbox 2681 2771 2735 2816; x_wconf 94' lang='lat' dir='ltr'><strong>c.</strong></span> <span class='ocrx_word' id='word_1_176' title='bbox 2790 2749 2903 2816; x_wconf 88' lang='lat'><strong>18.</strong></span> 
     </span>
     <span class='ocr_line' id='line_1_21' title="bbox 518 2854 2093 2936; baseline -0.001 -16"><span class='ocrx_word' id='word_1_177' title='bbox 518 2854 671 2920; x_wconf 89' lang='grc'><strong>259.</strong></span> <span class='ocrx_word' id='word_1_178' title='bbox 704 2854 785 2920; x_wconf 86' lang='grc'><strong>13</strong></span> <span class='ocrx_word' id='word_1_179' title='bbox 831 2857 1008 2919; x_wconf 75' lang='lat' dir='ltr'><strong>habes</strong></span> <span class='ocrx_word' id='word_1_180' title='bbox 1052 2855 1260 2918; x_wconf 83' lang='lat' dir='ltr'><strong>statim</strong></span> <span class='ocrx_word' id='word_1_181' title='bbox 1305 2855 1374 2919; x_wconf 88' lang='lat' dir='ltr'><strong>in</strong></span> <span class='ocrx_word' id='word_1_182' title='bbox 1420 2854 1682 2920; x_wconf 82' lang='lat' dir='ltr'><strong>Psalmis</strong></span> <span class='ocrx_word' id='word_1_183' title='bbox 1728 2856 1861 2936; x_wconf 85' lang='lat' dir='ltr'><strong>(Ps.</strong></span> <span class='ocrx_word' id='word_1_184' title='bbox 1918 2854 1974 2920; x_wconf 98' lang='grc'><strong>1.</strong></span> <span class='ocrx_word' id='word_1_185' title='bbox 2007 2854 2093 2935; x_wconf 93' lang='grc'><strong>1).</strong></span> 
     </span>
    </p>
   </div>
   <div class='ocr_carea' id='block_1_7' title="bbox 520 3075 2913 3479">
    <p class='ocr_par' dir='ltr' id='par_1_8' title="bbox 520 3075 2913 3479">
     <span class='ocr_line' id='line_1_22' title="bbox 607 3075 2913 3164; baseline -0.001 -21"><span class='ocrx_word' id='word_1_186' title='bbox 607 3100 671 3164; x_wconf 88' lang='lat' dir='ltr'><strong>p.</strong></span> <span class='ocrx_word' id='word_1_187' title='bbox 721 3077 874 3144; x_wconf 89' lang='grc'><strong>264.</strong></span> <span class='ocrx_word' id='word_1_188' title='bbox 903 3078 964 3145; x_wconf 90' lang='grc'><strong>9.</strong></span> <span class='ocrx_word' id='word_1_189' title='bbox 1031 3101 1156 3142; x_wconf 87' lang='lat' dir='ltr'><strong>ecce</strong></span> <span class='ocrx_word' id='word_1_190' title='bbox 1216 3076 1370 3142; x_wconf 80' lang='lat' dir='ltr'><strong>enim</strong></span> <span class='ocrx_word' id='word_1_191' title='bbox 1416 3085 1474 3142; x_wconf 88' lang='lat' dir='ltr'><strong>et</strong></span> <span class='ocrx_word' id='word_1_192' title='bbox 1520 3099 1763 3155; x_wconf 82' lang='lat' dir='ltr'><strong>rursus,</strong></span> <span class='ocrx_word' id='word_1_193' title='bbox 1810 3078 1866 3141; x_wconf 84' lang='lat' dir='ltr'><strong>si</strong></span> <span class='ocrx_word' id='word_1_194' title='bbox 1910 3077 2211 3156; x_wconf 79' lang='lat' dir='ltr'><strong>dicamus,</strong></span> <span class='ocrx_word' id='word_1_195' title='bbox 2260 3077 2385 3156; x_wconf 88' lang='lat' dir='ltr'><strong>ait,</strong></span> <span class='ocrx_word' id='word_1_196' title='bbox 2434 3099 2541 3141; x_wconf 81' lang='lat' dir='ltr'><strong>nos</strong></span> <span class='ocrx_word' id='word_1_197' title='bbox 2583 3099 2703 3141; x_wconf 79' lang='lat' dir='ltr'><strong>non</strong></span> <span class='ocrx_word' id='word_1_198' title='bbox 2748 3075 2913 3140; x_wconf 81' lang='lat' dir='ltr'><strong>deli-</strong></span> 
     </span>
     <span class='ocr_line' id='line_1_23' title="bbox 520 3183 2905 3272; baseline -0.001 -22"><span class='ocrx_word' id='word_1_199' title='bbox 520 3185 716 3272; x_wconf 80' lang='lat' dir='ltr'><strong>quisse</strong></span> <span class='ocrx_word' id='word_1_200' title='bbox 732 3234 749 3263; x_wconf 92' lang='lat'><strong>,</strong></span> <span class='ocrx_word' id='word_1_201' title='bbox 814 3186 1148 3248; x_wconf 77' lang='lat' dir='ltr'><strong>mendacem</strong></span> <span class='ocrx_word' id='word_1_202' title='bbox 1189 3185 1470 3270; x_wconf 84' lang='lat' dir='ltr'><strong>facimus</strong></span> <span class='ocrx_word' id='word_1_203' title='bbox 1527 3184 1701 3248; x_wconf 83' lang='lat' dir='ltr'><strong>ilbum</strong></span> <span class='ocrx_word' id='word_1_204' title='bbox 1724 3232 1741 3262; x_wconf 96' lang='lat'><strong>,</strong></span> <span class='ocrx_word' id='word_1_205' title='bbox 1790 3191 1849 3248; x_wconf 88' lang='lat' dir='ltr'><strong>et</strong></span> <span class='ocrx_word' id='word_1_206' title='bbox 1892 3207 2076 3249; x_wconf 83' lang='lat' dir='ltr'><strong>sermo</strong></span> <span class='ocrx_word' id='word_1_207' title='bbox 2124 3184 2252 3248; x_wconf 82' lang='lat' dir='ltr'><strong>eius</strong></span> <span class='ocrx_word' id='word_1_208' title='bbox 2298 3205 2415 3248; x_wconf 80' lang='lat' dir='ltr'><strong>non</strong></span> <span class='ocrx_word' id='word_1_209' title='bbox 2462 3189 2549 3247; x_wconf 88' lang='lat' dir='ltr'><strong>est</strong></span> <span class='ocrx_word' id='word_1_210' title='bbox 2593 3183 2661 3246; x_wconf 86' lang='lat' dir='ltr'><strong>in</strong></span> <span class='ocrx_word' id='word_1_211' title='bbox 2708 3183 2905 3247; x_wconf 80' lang='lat' dir='ltr'><strong>nobis.</strong></span> 
     </span>
     <span class='ocr_line' id='line_1_24' title="bbox 521 3288 2907 3376; baseline -0.002 -20"><span class='ocrx_word' id='word_1_212' title='bbox 521 3314 599 3356; x_wconf 91' lang='lat' dir='ltr'><strong>eo</strong></span> <span class='ocrx_word' id='word_1_213' title='bbox 645 3289 1312 3376; x_wconf 79' lang='lat' dir='ltr'><strong>amplius,silioli‚</strong></span> <span class='ocrx_word' id='word_1_214' title='bbox 1362 3291 1550 3354; x_wconf 79' lang='lat' dir='ltr'><strong>haec</strong></span> <span class='ocrx_word' id='word_1_215' title='bbox 1594 3289 1907 3372; x_wconf 82' lang='lat' dir='ltr'><strong>scripsi</strong></span> <span class='ocrx_word' id='word_1_216' title='bbox 1953 3289 2207 3366; x_wconf 84' lang='lat' dir='ltr'><strong>vobis,</strong></span> <span class='ocrx_word' id='word_1_217' title='bbox 2256 3312 2347 3353; x_wconf 82' lang='lat' dir='ltr'><strong>ne</strong></span> <span class='ocrx_word' id='word_1_218' title='bbox 2390 3288 2907 3374; x_wconf 72' lang='lat' dir='ltr'><strong>delinquatis</strong></span> 
     </span>
     <span class='ocr_line' id='line_1_25' title="bbox 520 3393 1937 3479; baseline -0.002 -18"><span class='ocrx_word' id='word_1_219' title='bbox 520 3404 628 3461; x_wconf 88' lang='lat' dir='ltr'><strong>cet.</strong></span> <span class='ocrx_word' id='word_1_220' title='bbox 676 3397 748 3466; x_wconf 68' lang='lat' dir='ltr'><strong>L.</strong></span> <span class='ocrx_word' id='word_1_221' title='bbox 801 3403 881 3460; x_wconf 89' lang='lat' dir='ltr'><strong>et</strong></span> <span class='ocrx_word' id='word_1_222' title='bbox 925 3395 1204 3479; x_wconf 80' lang='lat' dir='ltr'><strong>amplius.</strong></span> <span class='ocrx_word' id='word_1_223' title='bbox 1253 3396 1330 3460; x_wconf 89' lang='lat' dir='ltr'><strong>cf.</strong></span> <span class='ocrx_word' id='word_1_224' title='bbox 1379 3418 1475 3460; x_wconf 84' lang='lat' dir='ltr'><strong>vs.</strong></span> <span class='ocrx_word' id='word_1_225' title='bbox 1524 3393 1562 3461; x_wconf 94' lang='grc'><strong>7</strong></span> <span class='ocrx_word' id='word_1_226' title='bbox 1608 3403 1665 3460; x_wconf 92' lang='lat' dir='ltr'><strong>et</strong></span> <span class='ocrx_word' id='word_1_227' title='bbox 1710 3418 1937 3459; x_wconf 86' lang='lat' dir='ltr'><strong>rursus.</strong></span> 
     </span>
    </p>
   </div>
   <div class='ocr_carea' id='block_1_8' title="bbox 517 3596 2907 3898">
    <p class='ocr_par' dir='ltr' id='par_1_9' title="bbox 517 3596 2907 3898">
     <span class='ocr_line' id='line_1_26' title="bbox 609 3596 2903 3685; baseline 0 -21"><span class='ocrx_word' id='word_1_228' title='bbox 609 3621 672 3685; x_wconf 88' lang='lat' dir='ltr'><strong>p.</strong></span> <span class='ocrx_word' id='word_1_229' title='bbox 723 3598 876 3664; x_wconf 82' lang='grc'><strong>265.</strong></span> <span class='ocrx_word' id='word_1_230' title='bbox 904 3596 1012 3664; x_wconf 94' lang='grc'><strong>27.</strong></span> <span class='ocrx_word' id='word_1_231' title='bbox 1060 3599 1152 3662; x_wconf 86' lang='lat' dir='ltr'><strong>ita</strong></span> <span class='ocrx_word' id='word_1_232' title='bbox 1187 3598 1450 3663; x_wconf 77' lang='lat' dir='ltr'><strong>Iohanni</strong></span> <span class='ocrx_word' id='word_1_233' title='bbox 1488 3599 1647 3663; x_wconf 87' lang='lat' dir='ltr'><strong>ratio</strong></span> <span class='ocrx_word' id='word_1_234' title='bbox 1685 3599 1975 3662; x_wconf 85' lang='lat' dir='ltr'><strong>constabit</strong></span> <span class='ocrx_word' id='word_1_235' title='bbox 2011 3598 2383 3663; x_wconf 82' lang='lat' dir='ltr'><strong>diversitatis</strong></span> <span class='ocrx_word' id='word_1_236' title='bbox 2403 3649 2418 3676; x_wconf 95' lang='lat'><strong>,</strong></span> <span class='ocrx_word' id='word_1_237' title='bbox 2460 3599 2903 3665; x_wconf 76' lang='lat' dir='ltr'><strong>distinctionem</strong></span> 
     </span>
     <span class='ocr_line' id='line_1_27' title="bbox 517 3703 2907 3790; baseline 0.001 -21"><span class='ocrx_word' id='word_1_238' title='bbox 517 3705 865 3770; x_wconf 78' lang='lat' dir='ltr'><strong>delictorum</strong></span> <span class='ocrx_word' id='word_1_239' title='bbox 928 3704 1320 3788; x_wconf 78' lang='lat' dir='ltr'><strong>disponentis.</strong></span> <span class='ocrx_word' id='word_1_240' title='bbox 1384 3703 1558 3770; x_wconf 84' lang='lat' dir='ltr'><strong>Male</strong></span> <span class='ocrx_word' id='word_1_241' title='bbox 1620 3708 1940 3790; x_wconf 80' lang='lat' dir='ltr'><strong>spernitur</strong></span> <span class='ocrx_word' id='word_1_242' title='bbox 1999 3707 2245 3790; x_wconf 88' lang='lat' dir='ltr'><strong>optima</strong></span> <span class='ocrx_word' id='word_1_243' title='bbox 2299 3705 2489 3772; x_wconf 89' lang='lat' dir='ltr'><strong>lectio</strong></span> <span class='ocrx_word' id='word_1_244' title='bbox 2535 3703 2757 3787; x_wconf 89' lang='lat' dir='ltr'>(BCD)</span> <span class='ocrx_word' id='word_1_245' title='bbox 2804 3707 2907 3772; x_wconf 88' lang='lat' dir='ltr'><strong>Io-</strong></span> 
     </span>
     <span class='ocr_line' id='line_1_28' title="bbox 517 3806 2905 3898; baseline 0 -23"><span class='ocrx_word' id='word_1_246' title='bbox 517 3811 1200 3894; x_wconf 77' lang='lat' dir='ltr'><strong>hannr—disponentI.</strong></span> <span class='ocrx_word' id='word_1_247' title='bbox 1267 3811 1347 3876; x_wconf 89' lang='lat' dir='ltr'><strong>cf.</strong></span> <span class='ocrx_word' id='word_1_248' title='bbox 1410 3810 1552 3876; x_wconf 73' lang='lat' dir='ltr'><strong>adV.</strong></span> <span class='ocrx_word' id='word_1_249' title='bbox 1618 3810 1927 3898; x_wconf 80' lang='lat' dir='ltr'><strong>Hermog.</strong></span> <span class='ocrx_word' id='word_1_250' title='bbox 1983 3806 2085 3875; x_wconf 84' lang='lat'><strong>17.</strong></span> <span class='ocrx_word' id='word_1_251' title='bbox 2135 3809 2209 3876; x_wconf 94' lang='grc' dir='ltr'><strong>Ο.</strong></span> <span class='ocrx_word' id='word_1_252' title='bbox 2258 3809 2339 3876; x_wconf 91' lang='lat'><strong>11.</strong></span> <span class='ocrx_word' id='word_1_253' title='bbox 2391 3810 2541 3876; x_wconf 84' lang='lat'><strong>354.</strong></span> <span class='ocrx_word' id='word_1_254' title='bbox 2572 3810 2611 3876; x_wconf 89' lang='lat'>6</span> <span class='ocrx_word' id='word_1_255' title='bbox 2674 3817 2746 3875; x_wconf 81' lang='lat' dir='ltr'><strong>ut</strong></span> <span class='ocrx_word' id='word_1_256' title='bbox 2792 3811 2905 3876; x_wconf 74' lang='lat' dir='ltr'><strong>im</strong></span> 
     </span>
    </p>
   </div>
   <div class='ocr_carea' id='block_1_9' title="bbox 519 3915 2725 4003">
    <p class='ocr_par' dir='ltr' id='par_1_10' title="bbox 519 3915 2725 4003">
     <span class='ocr_line' id='line_1_29' title="bbox 519 3915 2725 4003; baseline -0.001 -22"><span class='ocrx_word' id='word_1_257' title='bbox 519 3941 743 4003; x_wconf 83' lang='lat' dir='ltr'><strong>quoque</strong></span> <span class='ocrx_word' id='word_1_258' title='bbox 788 3918 1124 4000; x_wconf 73' lang='lat' dir='ltr'><strong>scripturae</strong></span> <span class='ocrx_word' id='word_1_259' title='bbox 1169 3917 1330 3980; x_wconf 83' lang='lat' dir='ltr'><strong>ratio</strong></span> <span class='ocrx_word' id='word_1_260' title='bbox 1377 3923 1634 3981; x_wconf 86' lang='lat' dir='ltr'><strong>constet:</strong></span> <span class='ocrx_word' id='word_1_261' title='bbox 1680 3918 1815 4002; x_wconf 72' lang='lat' dir='ltr'><strong>quis</strong></span> <span class='ocrx_word' id='word_1_262' title='bbox 1860 3915 2129 3998; x_wconf 70' lang='lat' dir='ltr'><strong>coqnovit</strong></span> <span class='ocrx_word' id='word_1_263' title='bbox 2171 3938 2401 3981; x_wconf 81' lang='lat' dir='ltr'><strong>sensum</strong></span> <span class='ocrx_word' id='word_1_264' title='bbox 2444 3916 2673 3981; x_wconf 75' lang='lat' dir='ltr'><strong>domini</strong></span> <span class='ocrx_word' id='word_1_265' title='bbox 2688 3917 2725 3979; x_wconf 80' lang='lat'><em>?</em></span> 
     </span>
    </p>
   </div>
   <div class='ocr_carea' id='block_1_10' title="bbox 519 4134 2915 4414">
    <p class='ocr_par' dir='ltr' id='par_1_11' title="bbox 519 4134 2915 4414">
     <span class='ocr_line' id='line_1_30' title="bbox 610 4134 2913 4223; baseline 0.001 -23"><span class='ocrx_word' id='word_1_266' title='bbox 610 4159 672 4223; x_wconf 90' lang='lat' dir='ltr'><strong>p.</strong></span> <span class='ocrx_word' id='word_1_267' title='bbox 721 4134 874 4202; x_wconf 91' lang='grc'><strong>268.</strong></span> <span class='ocrx_word' id='word_1_268' title='bbox 903 4135 1010 4200; x_wconf 81' lang='grc'><strong>25.</strong></span> <span class='ocrx_word' id='word_1_269' title='bbox 1075 4138 1334 4201; x_wconf 79' lang='lat' dir='ltr'><strong>nondum</strong></span> <span class='ocrx_word' id='word_1_270' title='bbox 1387 4137 1541 4200; x_wconf 85' lang='lat' dir='ltr'><strong>enim</strong></span> <span class='ocrx_word' id='word_1_271' title='bbox 1584 4159 1723 4200; x_wconf 84' lang='lat' dir='ltr'><strong>earo</strong></span> <span class='ocrx_word' id='word_1_272' title='bbox 1770 4161 1809 4200; x_wconf 86' lang='lat' dir='ltr'><strong>a</strong></span> <span class='ocrx_word' id='word_1_273' title='bbox 1861 4137 2090 4201; x_wconf 74' lang='lat' dir='ltr'><strong>Christo</strong></span> <span class='ocrx_word' id='word_1_274' title='bbox 2136 4136 2513 4215; x_wconf 77' lang='lat' dir='ltr'><strong>manumissa,</strong></span> <span class='ocrx_word' id='word_1_275' title='bbox 2561 4136 2658 4200; x_wconf 82' lang='lat' dir='ltr'><strong>cui</strong></span> <span class='ocrx_word' id='word_1_276' title='bbox 2702 4159 2913 4202; x_wconf 81' lang='lat' dir='ltr'><strong>serva-</strong></span> 
     </span>
     <span class='ocr_line' id='line_1_31' title="bbox 523 4242 2915 4327; baseline 0.001 -20"><span class='ocrx_word' id='word_1_277' title='bbox 523 4245 717 4320; x_wconf 86' lang='lat' dir='ltr'><strong>batur,</strong></span> <span class='ocrx_word' id='word_1_278' title='bbox 763 4248 937 4320; x_wconf 85' lang='lat' dir='ltr'><strong>&lt;ut&gt;</strong></span> <span class='ocrx_word' id='word_1_279' title='bbox 987 4243 1229 4327; x_wconf 79' lang='lat' dir='ltr'><strong>impune</strong></span> <span class='ocrx_word' id='word_1_280' title='bbox 1276 4243 1807 4319; x_wconf 82' lang='lat' dir='ltr'><strong>contaminabatur,</strong></span> <span class='ocrx_word' id='word_1_281' title='bbox 1857 4242 1951 4305; x_wconf 88' lang='lat' dir='ltr'><strong>ita</strong></span> <span class='ocrx_word' id='word_1_282' title='bbox 1993 4243 2111 4305; x_wconf 78' lang='lat' dir='ltr'><strong>iam</strong></span> <span class='ocrx_word' id='word_1_283' title='bbox 2158 4242 2516 4306; x_wconf 78' lang='lat' dir='ltr'><strong>manumissa</strong></span> <span class='ocrx_word' id='word_1_284' title='bbox 2562 4263 2679 4306; x_wconf 78' lang='lat' dir='ltr'><strong>non</strong></span> <span class='ocrx_word' id='word_1_285' title='bbox 2724 4243 2915 4310; x_wconf 71' lang='lat' dir='ltr'><strong>habet</strong></span> 
     </span>
     <span class='ocr_line' id='line_1_32' title="bbox 519 4373 770 4414; baseline 0 0"><span class='ocrx_word' id='word_1_286' title='bbox 519 4373 770 4414; x_wconf 73' lang='lat' dir='ltr'><strong>veniam.</strong></span> 
     </span>
    </p>
   </div>
   <div class='ocr_carea' id='block_1_11' title="bbox 3169 709 3170 2958">
    <p class='ocr_par' dir='ltr' id='par_1_12' title="bbox 3169 709 3170 2958">
     <span class='ocr_line' id='line_1_33' title="bbox 3169 709 3170 2958; baseline 0 0"><span class='ocrx_word' id='word_1_287' title='bbox 3169 709 3170 2958; x_wconf 95' lang='lat' dir='ltr'><strong> </strong></span> 
     </span>
    </p>
   </div>
   <div class='ocr_carea' id='block_1_12' title="bbox 3169 4441 3170 4977">
    <p class='ocr_par' dir='ltr' id='par_1_13' title="bbox 3169 4441 3170 4977">
     <span class='ocr_line' id='line_1_34' title="bbox 3169 4441 3170 4977; baseline 0 0"><span class='ocrx_word' id='word_1_288' title='bbox 3169 4441 3170 4977; x_wconf 95' lang='lat' dir='ltr'><strong> </strong></span> 
     </span>
    </p>
   </div>
  </div>
 </body>
</html>
