3192 5009
476 362 607 429 254
1236 389 1321 435 nn
1366 390 1679 437 msrnn
1723 388 2050 437 mrem.

478 545 687 627 Κρόνος
770 548 883 615 ille
964 554 1097 615 iam
1180 556 1345 619 mori
1434 576 1630 641 quam
1715 558 1926 621 victus
2003 558 2223 623 vivere
2291 552 2534 621 mallet.
2619 552 2854 639 Ecquis

474 652 673 719 credit
718 652 1069 721 Diodorum
1115 660 1247 723 iam
1306 680 1470 725 anno
1533 658 1663 727 307
1727 659 1997 727 obiisse?
2065 662 2289 728 Nonne
2346 664 2417 726 in
2477 682 2632 726 eum
2689 657 2858 725 mul-

474 763 559 824 tis
608 768 751 846 post
810 765 993 827 annis
1052 762 1487 832 Callimachus
1546 771 1949 855 epigramma
2003 772 2359 855 composuit
2403 766 2730 848 (Schneid.
2775 764 2856 827 fr.

478 862 585 931 70.
647 866 726 931 cf.
792 866 967 933 Sext.
1028 870 1217 955 Emp.
1266 872 1412 937 adv.
1461 875 1664 938 math.
1717 874 1850 939 620
1901 874 2204 955 Bekker),
2267 874 2438 961 quod
2497 876 2566 936 in
2625 875 2856 937 vivum

474 972 927 1057 philosophum
984 979 1297 1061 scriptum
1358 1000 1490 1045 esse
1549 980 1657 1046 vel
1701 984 1842 1066 ipsa
1887 982 2081 1046 verba
2127 977 2490 1047 declarant?
2563 978 2688 1044 Sed
2733 978 2856 1042 hoc

476 1078 602 1143 fuit
646 1082 905 1166 ingenio
943 1081 1341 1170 Hermippus
1360 1135 1376 1162 ,
1418 1092 1493 1150 ut
1532 1086 1733 1153 fertili
1773 1094 1988 1154 mente
2011 1107 2196 1153 suam
2221 1090 2453 1172 cuique
2475 1084 2858 1171 philosopho

478 1190 751 1249 mortem
790 1190 1197 1274 excogitaret.
1236 1190 1472 1256 Manus
1504 1192 1628 1257 sibi
1668 1191 1890 1258 attulit
1928 1191 2279 1270 Diodorus;
2321 1192 2654 1269 Alexinns,
2695 1193 2866 1255 cius-

478 1290 625 1356 dem
684 1291 934 1358 scholae
994 1293 1295 1361 alumnus
1312 1346 1329 1374 ,
1374 1300 1445 1362 in
1492 1298 1740 1384 Alpheo
1785 1298 2049 1364 flumine
2093 1298 2250 1363 dum
2293 1303 2472 1363 natat
2519 1300 2638 1376 (ita
2685 1299 2864 1361 enim

477 1397 833 1485 Hermippo
891 1399 1179 1485 placuit),
1226 1404 1581 1470 harundine
1625 1405 1836 1471 laesus
1880 1408 2018 1471 vita
2064 1408 2364 1481 excessit;
2415 1407 2486 1468 in
2533 1405 2718 1469 cuius
2765 1404 2866 1466 rei

478 1508 859 1570 memoriam
920 1506 1239 1595 Diogenes
1300 1509 1595 1577 Laertius
1660 1510 1770 1591 (11.
1825 1511 1978 1591 110)
2043 1532 2296 1577 carmen
2358 1510 2640 1575 condidit
2689 1510 2870 1573 tristi

480 1632 629 1675 casu
696 1612 865 1676 haud
931 1617 1145 1679 minus
1207 1637 1403 1701 quam
1462 1620 1605 1702 ipso
1665 1622 1888 1702 poetae
1949 1620 2209 1704 ingenio
2273 1616 2566 1703 dignum.
2639 1615 2734 1679 Ac
2781 1634 2870 1677 ne

480 1720 625 1803 quis
670 1726 887 1802 putet,
938 1720 1297 1787 dialecticos
1336 1721 1501 1788 solos
1538 1724 1618 1788 ab
1654 1723 2012 1809 Hermippo
2038 1726 2266 1808 capitis
2289 1722 2620 1787 damnatos
2639 1768 2656 1796 ,
2681 1719 2868 1805 legat

482 1823 867 1909 Menippum
926 1825 1159 1891 Thebis
1222 1828 1325 1890 ὑπ’
1385 1830 1653 1901 ἑθυμίαις
1716 1828 1930 1909 βρόχῳ
1993 1830 2095 1893 τὸν
2159 1829 2298 1903 βίον
2345 1823 2864 1903 μεταλλάξαντα

483 1928 617 2007 (VI.
672 1930 847 2009 100),
898 1932 1115 1997 audiat
1164 1970 1249 1981 -—
1298 1934 1407 1999 sed
1460 1934 1616 2019 quid
1676 1937 1905 1999 attinet
1966 1934 2184 2020 plures
2245 1952 2614 1999 enumerare
2632 1980 2649 2010 ,
2713 1950 2876 1995 cum

483 2036 669 2101 video
716 2037 938 2103 sedulo
985 2060 1091 2104 eos
1135 2039 1467 2127 collegisse
1514 2040 1982 2106 Susemihlium
2027 2044 2096 2105 in
2141 2044 2402 2127 egregio
2447 2039 2611 2105 libro
2650 2037 2726 2102 de
2763 2036 2880 2101 lit-

486 2146 639 2207 teris
684 2142 1128 2209 Alexandrinis
1172 2146 1249 2225 (1.
1299 2169 1361 2232 p.
1414 2146 1608 2227 495)!
1641 2144 1690 2225 ¹)

576 2250 801 2315 Restat
856 2250 1211 2317 Heraclidis
1256 2252 1483 2319 Lembi
1526 2257 1994 2319 testimonium.
2057 2252 2181 2333 Qui
2227 2271 2616 2338 quamquam
2663 2248 2876 2315 nihilo

488 2356 693 2440 pluris
740 2376 933 2441 quam
978 2356 1373 2444 Hermippus
1414 2360 1742 2425 habendus
1783 2366 1882 2424 est
1919 2368 2095 2439 (nam
2121 2362 2258 2425 eius
2281 2361 2559 2445 vestigia
2581 2376 2878 2442 premere

486 2462 673 2541 solet)
732 2470 944 2527 nostro
1006 2462 1145 2529 loco
1210 2472 1423 2530 tamen
1485 2465 1914 2531 nominandus
1960 2472 2058 2532 est
2081 2516 2098 2543 ,
2147 2488 2270 2552 quo
2318 2471 2618 2551 appareat
2663 2465 2880 2529 neuti-

488 2590 683 2655 quam
728 2576 1076 2655 utrumque
1123 2576 1353 2636 testem
1398 2572 1570 2637 idem
1619 2594 1733 2657 pro
1779 2576 2148 2639 testimonio
2196 2573 2452 2638 dixisse.
2499 2569 2882 2636 Heraclides

488 2680 662 2741 enim
706 2678 808 2753 „aiv
850 2674 933 2755 ’νῆ’
969 2680 1275 2755 Ἐπιτομῇ
1317 2685 1431 2740 τῶν
1478 2679 1782 2749 Σωτίωνος
1829 2678 2168 2759 διαδοχῶν”
2205 2684 2419 2743 narrat
2442 2676 2876 2752 Demetrium,

488 2804 639 2847 cum
698 2781 943 2868 Lagida
1001 2805 1275 2869 regnum
1340 2784 1760 2870 Philadelpho
1809 2786 2144 2851 concedere
2187 2784 2418 2861 vellet,
2467 2804 2688 2869 regem
2733 2804 2884 2867 pro-

488 2890 706 2953 hibere
752 2896 1050 2954 conatum
1098 2909 1267 2964 esse,
1316 2896 1379 2953 et
1428 2890 1696 2956 dixisse:
1765 2891 1882 2967 »ἂν
1931 2890 2107 2967 ἄλλῳ
2153 2891 2302 2969 δῷς,
2351 2891 2427 2953 σὺ
2475 2892 2596 2967 οὐχ
2647 2884 2878 2961 ἕξεις”.

492 2992 815 3059 Praeclare
886 2995 1167 3071 dict-um,
1234 2998 1475 3079 opinor,
1523 3004 1587 3060 et
1635 3017 1707 3060 eo
1752 2996 2134 3081 philosopho
2183 2996 2676 3083 dignissimum,
2727 2996 2837 3057 cui
2857 3042 2878 3069 ,

491 3107 568 3165 ut
634 3103 873 3164 iterum
931 3097 1251 3166 Ciceronis
1310 3103 1519 3167 verbis
1579 3109 1744 3180 utar,
1809 3106 2053 3179 „animi
2116 3102 2332 3167 cultus
2381 3104 2565 3187 quasi
2612 3099 2880 3185 quidam

490 3208 913 3271 humanitatis
958 3205 1181 3270 cibus’'
1230 3205 1398 3271 crat!
1449 3208 1551 3287 (de
1599 3208 1704 3272 fin.
1756 3206 1831 3272 V.
1876 3208 1978 3273 19.
2023 3208 2157 3288 54.)
2212 3207 2454 3273 Verum
2491 3208 2609 3272 hoc
2643 3208 2878 3283 mitto;

492 3311 655 3377 illud
720 3311 1066 3376 tenendum
1130 3317 1259 3385 est,
1326 3312 1401 3377 de
1464 3318 1671 3379 morte
1719 3312 2034 3379 Demetrii
2079 3320 2145 3379 et
2193 3314 2386 3379 exilio
2433 3314 2704 3378 verbum
2751 3332 2884 3375 non

495 3416 721 3483 addere
783 3415 1191 3483 Heraclidem
1212 3466 1227 3495 ,
1290 3421 1505 3504 itaque
1552 3420 1790 3484 frustra
1837 3441 1988 3485 eum
2031 3423 2098 3483 in
2150 3421 2266 3485 hac
2315 3441 2381 3485 re
2429 3425 2659 3483 testem
2705 3417 2886 3483 adhi-

496 3526 664 3601 beri3
738 3530 1055 3599 ceterum,
1128 3526 1185 3588 si
1254 3546 1403 3589 eum
1450 3526 1707 3601 audine,
1755 3524 2161 3590 Demetrium
2205 3546 2334 3590 non
2379 3523 2882 3609 Philadelphum

498 3650 932 3717 oppugnasse,
998 3628 1109 3694 sed
1163 3632 1421 3695 omnino
1467 3638 1717 3715 patrem
1765 3630 2080 3717 Lagidam
2127 3631 2524 3717 prohibuisse
2546 3678 2562 3707 ,
2609 3650 2688 3694 ne
2735 3634 2886 3693 ante

498 3744 777 3801 mortem
818 3738 1167 3820 imperium
1212 3736 1569 3821 deponeret.

593 3842 815 3928 Itaque
882 3846 1173 3927 pugnant
1234 3844 1401 3905 inter
1463 3862 1564 3917 se,
1633 3844 1743 3927 qui
1805 3843 1988 3906 nobis
2049 3844 2223 3907 unici
2287 3842 2364 3907 de
2409 3842 2526 3907 hac
2574 3862 2642 3905 re
2689 3846 2884 3905 testes

504 3948 707 4015 solent
755 3949 971 4022 citari3
1022 3950 1077 4011 si
1124 3954 1341 4011 autem
1388 3946 1587 4011 semel
1635 3968 1999 4012 concessum
2047 3954 2144 4013 est
2197 3948 2542 4033 Hermippi
2601 3949 2886 4012 testimo-

504 4058 611 4119 nio
684 4053 963 4119 diffidere
1032 4054 1233 4117 satius
1303 4074 1435 4117 esse
1456 4100 1472 4129 ,
1536 4062 1842 4117 corruunt
1907 4062 2316 4140 argumenta,
2384 4054 2616 4139 quibus
2663 4053 2886 4138 probes

506 4162 913 4227 Demetrium
976 4180 1014 4224 a
1078 4157 1498 4243 Philadelpho
1563 4158 1906 4244 expulsum
1971 4182 2134 4237 esse,
2187 4166 2250 4225 et
2295 4182 2368 4225 eo
2415 4181 2514 4225 res
2561 4159 2761 4237 redit,
2809 4166 2886 4224 ut

582 4426 634 4487 l)
670 4422 935 4479 Iudicium,
971 4420 1097 4485 quod
1134 4420 1189 4469 de
1224 4420 1330 4485 ipso
1366 4418 1554 4467 Ari-tea
1590 4416 1730 4467 habet
1764 4419 2092 4477 Suucmihlius,
2127 4436 2408 4484 cognoscere
2443 4420 2563 4469 mihi
2597 4434 2692 4468 non
2721 4418 2887 4478 licum

510 4524 605 4573 qno
640 4512 857 4572 tempore
886 4502 1013 4553 cuim
1050 4502 1161 4551 haec
1196 4500 1389 4567 scripti.
1430 4500 1638 4549 noudum
1676 4500 1778 4549 cin·
1813 4498 1924 4551 libri
1959 4502 2112 4551 altere
2145 4516 2256 4567 pers
2287 4502 2531 4569 prodierat
2565 4502 2616 4551 in
2649 4502 2818 4551 lucem.
