3192 5009
492 329 626 395 266
1257 345 1342 393 nn
1387 345 1699 394 Amsrnn
1746 345 2070 395 musrom.

489 513 715 578 vum''.
784 512 954 578 Mihi
1023 534 1176 601 vero
1243 513 1420 578 aliud
1481 514 1738 580 subesse
1799 517 2037 578 vitium
2095 514 2371 579 videtur.
2434 511 2655 579 Verbis
2724 514 2865 590 »τὸν

491 619 773 697 τρόπον”,
822 641 984 704 quae
1030 619 1106 684 de
1153 641 1270 684 suo
1315 618 1452 685 loco
1499 623 1901 707 migrarunt,
1942 627 2088 706 post
2130 621 2349 697 „sans
2390 619 2541 684 καΙ”
2581 620 2869 684 retractis

489 726 894 792 scribendum
932 728 1204 790 conicio:
1249 726 1358 802 „02⁹1
1399 726 1576 798 μόνον
1617 727 1787 792 κατὰ
1811 729 1881 790 τὸ
1906 727 2205 803 συγγενὲς
2232 727 2489 806 ἀδελφῷ
2512 727 2869 800 καθεστῶτι,

490 833 668 898 ἀλλὰ
709 833 815 896 καὶ
856 833 960 896 τὸν
999 831 1234 908 τρόπον,
1275 840 1350 911 τῇ
1391 831 1536 909 πρὸς
1578 833 1647 894 τὸ
1691 831 1881 894 καλὸν
1918 831 2069 912 ὁρμῇ
2112 831 2214 895 τὸν
2255 833 2437 895 αὐτὸν
2470 827 2619 894 ὄντα
2658 829 2873 906 ἧμῖν”.

579 961 640 1024 p.
695 937 799 1002 15.
828 935 934 1002 31.
983 937 1160 1001 ἄλλα
1207 937 1422 1020 τελεία
1471 939 1574 1000 καὶ
1626 939 1897 1020 πλουσία
1943 942 2124 1021 ψυχῇ
2172 938 2481 1001 ἀπόλυσον
2528 935 2667 1006 τοὺς
2706 959 2877 1000 συνε-

487 1044 788 1124 χομένους
855 1044 914 1106 ἐν
975 1042 1466 1121 ταλαιπωρίαις,
1533 1043 2002 1114 κατευθύνοντός
2066 1067 2171 1108 σου
2220 1046 2329 1116 τὴν
2376 1042 2713 1121 βασιλείαν
2761 1045 2873 1106 τοῦ

489 1147 824 1220 τεθεικότος
885 1150 1096 1220 αὐτοῖς
1163 1150 1292 1213 θεοῦ
1357 1149 1458 1212 τὸν
1522 1149 1722 1228 νόμον,
1786 1151 1979 1221 καθὼς
2042 1152 2543 1230 περιείργασμαι.
2593 1149 2697 1213 τὸν
2741 1149 2875 1228 γὰρ

491 1255 740 1320 πάντων
800 1254 1074 1326 ἐπόπτην
1120 1253 1224 1318 καὶ
1272 1256 1527 1328 κτίστην
1573 1257 1701 1320 θεὸν
1746 1251 1905 1320 οὗτοι
1952 1256 2279 1334 σέβονται,
2330 1251 2391 1320 ὃν
2440 1257 2547 1319 καὶ
2600 1255 2833 1325 πάντες
2859 1303 2878 1331 ,

492 1369 669 1439 ἡμεῖς
734 1362 796 1427 δὲ
857 1359 1145 1437 μάλιστα
1193 1359 1735 1442 προςονομάζοντες
1784 1362 1993 1438 ἑτέρως
2045 1369 2210 1437 Ζῆνα
2260 1363 2363 1426 καὶ
2414 1365 2563 1426 Δία.
2614 1357 2769 1426 οὕτω
2820 1360 2877 1424 δ’

489 1473 599 1537 οὐκ
645 1472 945 1538 α’νοικεὶως
995 1469 1044 1532 οἱ
1093 1473 1306 1546 πρῶτοι
1358 1468 1725 1544 διεσήμηναν
1774 1470 1903 1532 κτὲ.

584 1574 904 1642 Nonnulla
940 1577 1008 1638 in
1045 1575 1148 1638 his
1185 1574 1395 1638 verbis
1431 1573 1733 1640 lectorem
1756 1575 2098 1639 offendunt.
2137 1575 2435 1639 Primum
2460 1578 2635 1639 enim
2656 1577 2769 1659 qui
2792 1573 2881 1640 ad

491 1682 1043 1771 significationem,
1083 1701 1276 1766 quam
1315 1680 1486 1765 apud
1521 1689 1813 1746 nostrum
1851 1681 2156 1746 vocabula
2192 1681 2517 1762 περιέργως
2558 1687 2622 1764 et
2648 1705 2885 1758 περιερ·

492 1790 798 1872 γάζεσθαι
836 1788 1070 1852 habent
1088 1835 1105 1864 ,
1145 1789 1436 1851 animum
1474 1787 1787 1866 advertit,
1830 1791 1889 1854 ei
1912 1790 2027 1852 vix
2052 1787 2321 1853 dubium
2343 1788 2689 1865 videbitur,
2716 1791 2879 1873 quin

492 1897 688 1963 verba
713 1943 747 1973 „
758 1896 948 1965 καθὼς
977 1893 1490 1972 περιείργασμαι”
1514 1901 1703 1980 (quae
1726 1900 1893 1960 recte
1916 1894 2223 1979 Iosephus
2246 1892 2379 1960 A.I.
2404 1894 2553 1958 XII.
2574 1893 2615 1958 2
2640 1895 2883 1959 reddit:

495 2006 730 2082 ,,καθῶς
773 2002 904 2076 ἐμοὶ
950 2002 1623 2077 πολυπραγμονήσαντι
1648 2002 1865 2074 μαθεῖν
1896 1999 2193 2082 ὑπῆρξε”)
2216 2023 2367 2066 cum
2388 2002 2885 2088 insequentibus

491 2109 706 2175 verbis
745 2110 873 2172 sint
895 2106 1352 2193 coniungenda.
1395 2104 1561 2185 Quid
1583 2109 1757 2170 enim
1780 2106 1998 2171 sedulo
2022 2106 2233 2172 studio
2256 2110 2677 2194 investigavit
2700 2108 2883 2171 Aris-

491 2211 670 2280 teas?
709 2211 870 2289 Hoc,
911 2213 1152 2298 opinor,
1191 2213 1487 2297 quisnam
1525 2219 1693 2277 esset
1728 2210 1838 2277 ille
1876 2211 2051 2289 deus,
2092 2234 2285 2298 quem
2324 2213 2601 2279 colerent
2625 2212 2879 2277 Iudaei.

493 2321 593 2385 Ad
656 2340 850 2404 quam
910 2321 1347 2404 quaestionem
1405 2317 1788 2402 respondent
1836 2317 1983 2382 illa:
2038 2320 2181 2396 „rhu
2229 2319 2477 2383 πάντων
2526 2320 2879 2392 §ardu-ruff.

493 2427 698 2506 Quare
768 2428 1052 2510 suspicor
1117 2427 1212 2488 ita
1276 2425 1430 2488 haec
1497 2423 1768 2510 legenda
1833 2443 2003 2489 esse:
2078 2428 2327 2502 ,,Καθὼς
2390 2429 2879 2507 περιείργασμαι

491 2536 652 2614 γὰρ,
709 2532 810 2596 τὸν
876 2531 1121 2595 πάντων
1182 2530 1436 2594 ιι.τ.λ.”.
1503 2529 1629 2595 Sed
1688 2530 1807 2594 hoc
1855 2529 2067 2596 levius
2114 2532 2373 2598 fortasse
2418 2540 2551 2609 est3
2600 2533 2879 2619 gravius

489 2643 558 2704 in
607 2638 1018 2724 sequentibus
1077 2645 1372 2722 corrupta
1429 2643 1530 2700 est
1587 2638 1809 2701 oratio.
1880 2636 2103 2723 Neque
2162 2659 2390 2702 verum
2458 2645 2590 2716 est,
2664 2658 2879 2722 neque

491 2747 744 2811 etiamsi
787 2765 1014 2810 verum
1060 2749 1257 2820 esset,
1305 2742 1458 2818 hoc,
1509 2745 1750 2827 opinor,
1792 2745 2059 2829 scriptor
2098 2743 2369 2809 Iudaeus
2406 2745 2836 2830 perhibuisset
2856 2793 2879 2822 ,

491 2873 711 2917 omnes
763 2850 844 2916 ad
888 2871 1096 2914 unum
1139 2849 1428 2913 homines
1477 2850 1621 2924 „rhu
1670 2849 1917 2912 πάντων
1968 2849 2237 2925 ε’πδπτην
2286 2851 2390 2914 καὶ
2440 2853 2693 2923 κτίστην
2742 2849 2881 2914 θεὸν

491 2956 853 3034 σέβεσθαι”.
905 2955 1030 3020 Fac
1077 2975 1228 3019 vero
1272 2974 1426 3018 eum
1467 2954 1587 3018 hoc
1636 2953 1842 3020 dicere
1891 2955 2205 3033 voluisse,
2256 2977 2464 3021 nonne
2510 2958 2881 3042 scripsisset

495 3056 600 3142 ,ὢν
671 3064 774 3126 καὶ
845 3064 1079 3130 πάντες
1143 3062 1194 3124 οἷ
1258 3058 1476 3136 ἄλλοι,
1543 3062 1721 3132 ἡμεῖς
1786 3060 1847 3124 δὲ
1911 3061 2287 3137 μάλισταῖὝ
2351 3065 2439 3126 At
2496 3083 2702 3148 neque
2746 3062 2879 3126 hoc

489 3167 963 3256 neglegendum
1009 3166 1267 3231 videtur
1311 3173 1439 3231 tres
1483 3165 1633 3230 illos
1648 3215 1665 3242 ,
1714 3188 1869 3251 quos
1916 3167 2305 3233 Lumbrosus
2352 3167 2653 3245 contulit,
2702 3167 2879 3233 codi-

489 3298 592 3342 ces
639 3297 764 3339 non
803 3273 1092 3349 μάλιστα
1141 3272 1248 3337 sed
1289 3273 1560 3348 βασιλεῦ
1596 3273 1915 3337 exhibere.
1964 3272 2136 3353 Quae
2172 3273 2363 3340 lectio
2402 3275 2564 3339 mihi
2586 3276 2877 3361 genuina

487 3383 764 3448 videtur.
828 3380 1164 3465 Expuncto
1224 3380 1442 3461 itaque
1491 3377 1554 3441 δὲ
1602 3377 1949 3463 legendum
1995 3383 2268 3444 conicio:
2320 3377 2425 3457 »ὃν
2474 3383 2579 3444 καὶ
2633 3380 2867 3449 πάντες

491 3492 666 3565 ἡμεῖς
686 3535 703 3565 ,
745 3488 1038 3562 βασιλεῦ,
1079 3481 1616 3562 προςονομάζοντες
1658 3483 1865 3561 ἑτέρως
1896 3533 1909 3548 .
1940 3533 1959 3574 ·.
1986 3533 2001 3548 .
2026 3485 2136 3550 sed
2171 3489 2409 3550 iterum
2448 3486 2867 3552 offendimur:

488 3616 636 3659 nam
657 3641 674 3670 ,
738 3591 890 3679 quid
951 3593 1181 3656 attinet
1227 3609 1578 3654 memorare
1625 3588 1837 3654 Deum
1884 3594 2389 3676 omnipotentem
2436 3593 2562 3656 abio
2610 3594 2869 3657 nomine

488 3701 756 3780 (ἑτέρως)
794 3720 831 3763 a
869 3693 1130 3762 Graecis
1165 3695 1464 3772 salutari,
1507 3698 1629 3758 nisi
1668 3699 1809 3779 quis
1846 3700 2023 3782 prius
2062 3697 2399 3776 addiderit,
2443 3719 2569 3784 quo
2608 3699 2869 3764 nomine

487 3807 706 3872 Iudaei
763 3804 955 3868 illum
1014 3801 1226 3866 Deum
1291 3799 1567 3865 salutare
1614 3798 1924 3864 solerent?
1994 3801 2173 3880 Quod
2218 3807 2370 3888 quia
2417 3826 2543 3869 non
2588 3804 2869 3880 additur,

487 3917 854 3997 suspectum
893 3915 988 3973 est
1010 3907 1176 3972 illud
1199 3907 1430 3986 ἑτέρως.
1480 3906 1689 3990 Atque
1714 3906 1817 3972 hic
1842 3905 2272 3974 laborantibus
2296 3913 2644 3988 succurrit,
2672 3931 2871 3995 quem

485 4015 880 4084 Schmidtius
941 4011 1166 4080 Graeci
1229 4013 1536 4076 sermonis
1593 4031 1825 4094 pamm
1874 4015 2155 4097 peritum
2202 4023 2269 4078 et
2313 4023 2547 4080 testem
2595 4018 2870 4082 minime

483 4144 748 4212 gravem
787 4120 1060 4194 iudicat,
1103 4117 1364 4182 Flavius
1403 4116 1742 4200 Iosephus;
1784 4119 1951 4202 quod
1994 4121 2165 4184 iusto
2212 4125 2499 4186 severius
2546 4121 2871 4187 iudicium

485 4231 650 4295 mihi
690 4227 965 4302 videtur,
1003 4245 1152 4288 nam
1191 4243 1582 4308 quamquam
1621 4243 1823 4308 neque
1856 4245 1977 4309 ego
2002 4225 2247 4311 negabo
2270 4227 2619 4313 Iosephum
2643 4249 2831 4314 saepe
2852 4277 2869 4306 ,

483 4336 598 4400 ubi
637 4334 966 4400 obscurius
1001 4349 1138 4394 rem
1177 4335 1426 4394 enarret
1449 4329 1752 4405 Aristeas,
1778 4331 2155 4395 immutasse
2180 4353 2341 4415 quae
2366 4354 2493 4398 non
2516 4337 2673 4398 satis
2696 4341 2873 4400 recte

483 4441 924 4514 intellexisset,
941 4443 1007 4502 et
1031 4434 1433 4499 immutando
1457 4455 1584 4498 non
1606 4455 1745 4498 raro
1770 4439 2143 4520 corrupisse,
2164 4439 2471 4504 contendo
2498 4447 2715 4504 tamen
2738 4461 2871 4506 non
