3192 5009
1270 366 1648 420 sornocmzs.
2509 348 2636 419 231

234 558 505 603 necesse
568 542 664 601 est
678 554 695 613 ;
765 538 819 600 si
865 537 1007 621 quis
1055 542 1273 601 autem
1318 535 1570 623 prolixa
1619 540 1810 602 nimis
1860 542 1926 603 et
1971 536 2419 624 frigidiuscula
2465 542 2643 603 ratus

232 648 512 729 poetam
558 664 684 707 non
728 644 951 710 statim
994 662 1143 706 cum
1189 643 1407 708 drama
1446 665 1644 708 suum
1682 634 1975 710 conderet
2014 644 2129 709 hos
2172 665 2397 709 versus
2420 644 2640 710 fecisse

236 748 589 814 contendat
636 748 746 813 sed
785 746 1123 833 postmodo
1162 750 1501 814 inseruisse
1520 799 1536 827 ‚
1579 771 1728 816 cum
1770 753 1973 815 menti
2016 771 2166 816 suae
2205 750 2647 816 obversaretur

236 853 761 931 narratiuncula,
825 874 1019 939 quam
1078 857 1147 918 in
1209 875 1393 941 opere
1458 859 1648 921 amici
1705 860 1806 921 sui
1867 856 2182 922 Herodoti
2223 856 2489 944 legisset
2534 862 2644 921 aut

232 982 332 1025 ex
393 961 717 1025 recitantis
781 980 884 1025 ore
948 960 1365 1047 sublegisset‚
1430 982 1504 1027 ea
1550 965 1762 1047 opinio
1787 1012 1802 1041 ,
1849 966 1916 1027 in
1969 984 2162 1048 quam
2211 986 2446 1049 pronus
2494 985 2640 1027 sum

233 1065 551 1153 equidem
570 1116 587 1144 ,
634 1088 839 1152 neque
883 1065 1091 1131 refelli
1138 1070 1374 1152 poterit
1395 1117 1412 1145 ,
1462 1071 1588 1133 nisi
1630 1069 1832 1147 fallor,
1874 1091 2077 1156 neque
2117 1073 2210 1134 ita
2248 1070 2642 1158 comprobari

233 1180 331 1238 ut
380 1196 599 1240 omnes
649 1175 729 1239 ad
775 1195 918 1240 eam
965 1176 1311 1239 necessarie
1362 1176 1828 1260 pertrahantur.

942 1428 1039 1490 An
1094 1426 1437 1491 Enncrm.
1475 1443 1572 1491 vs.
1629 1425 1801 1490 1143
1834 1444 1964 1502 sQQ.

350 1608 424 1673 In
492 1609 689 1675 nobili
756 1610 915 1687 ῥήσει
982 1630 1107 1695 qua
1168 1611 1380 1674 fratris
1444 1607 1721 1686 Orestis,
1787 1630 1978 1694 quem
2039 1617 2373 1675 mortuum
2419 1617 2641 1696 putat,

239 1736 567 1800 suamque
613 1718 917 1779 miseram
965 1721 1205 1780 sortem
1242 1714 1494 1781 Electra
1534 1714 1721 1781 deflet
1742 1764 1759 1792 ,
1800 1715 1956 1780 haec
1996 1715 2308 1803 flagitiose
2349 1724 2645 1803 corrupta

252 1828 521 1886 extant:

530 1926 685 2003 οἶμοι
735 1927 1009 1991 τάλαινα
1062 1934 1169 1999 τῆς
1224 1928 1373 2001 ἐμῆς
1425 1926 1630 1991 πάλαι
1681 1936 1908 2006 τροφῆς

531 2035 972 2111 ἀνωφελήτου,
1024 2036 1132 2107 τὴν
1184 2034 1305 2109 ἐγὼ
1357 2035 1506 2107 θάμ’
1558 2035 1730 2110 ἀμφὶ
1785 2034 1872 2097 σοὶ

538 2138 697 2219 πόνῳ
745 2149 970 2216 γλυκεῖ
1015 2140 1364 2219 παρέσχον·
1417 2138 1555 2203 οὔτε
1606 2143 1932 2216 wisora-e
2517 2156 2644 2205 1145

541 2247 765 2324 μητρὸς
811 2249 884 2308 σύ
932 2248 999 2321 γ’
1050 2241 1201 2316 ἧσθαι
1247 2247 1494 2320 μᾶλλον
1546 2244 1579 2319 ἢ
1631 2248 1832 2318 κάμοῦ
1880 2248 2063 2323 Φίλος
2091 2295 2108 2329 ‚

534 2349 657 2415 οὔθ’
706 2353 757 2416 οἱ
809 2354 949 2414 κατ’
998 2348 1153 2415 οἶκον
1200 2348 1375 2429 ἦσαν,
1426 2351 1575 2415 ἀλλ’
1629 2353 1748 2428 ἐγὼ
1797 2352 2056 2430 τροφός,

536 2458 655 2534 ἐγὼ
703 2460 753 2522 δ’
803 2459 1050 2536 ἀδελφὴ
1098 2460 1187 2522 σοὶ
1222 2458 1268 2539 ¹)
1318 2456 1749 2537 προσηυδώμην
1799 2460 1919 2522 ἀεί.

262 2562 347 2627 In
386 2562 487 2627 his
528 2564 836 2649 quaedam
873 2567 1141 2630 minoris
1181 2566 1491 2629 momenti
1529 2571 1682 2629 sunt
1717 2567 1908 2642 vitia3
1953 2586 2182 2650 nempe
2220 2588 2315 2630 vs.
2354 2566 2525 2631 1144
2553 2589 2643 2652 sq.

260 2672 407 2734 sive
451 2668 718 2756 vulgata
765 2670 1014 2735 defendi
1062 2691 1243 2755 posse
1290 2671 1565 2748 videtur,
1617 2673 1750 2735 sive
1790 2677 2066 2758 praestat
2105 2672 2274 2757 quod
2310 2679 2645 2737 suaserunt

250 2775 397 2840 vidi
443 2775 545 2840 dd.
593 2775 890 2841 Frfihlich
939 2784 1004 2841 et
1050 2776 1312 2841 Nauck:
1364 2781 1469 2851 τὴν
1522 2775 1737 2854 ἔγωγ’,
1781 2777 2061 2854 ἀδελφέ,
2105 2786 2169 2842 et
2211 2788 2527 2859 παρεῖχον,
2569 2778 2645 2844 de

252 2884 575 2947 sententia
636 2882 894 2967 quidem
954 2890 1215 2948 constat.
1266 2882 1390 2948 Sed
1438 2904 1597 2968 quae
1647 2890 2002 2968 sequuntur
2048 2883 2226 2949 nullo
2273 2885 2460 2951 modo
2510 2906 2649 2971 pos·

254 2994 412 3052 sunt
478 2988 802 3075 explicari.
866 2988 1227 3054 Maximam
1290 2992 1503 3055 tam'en
1564 2996 1813 3075 partem
1874 2992 2256 3075 iampridem
2321 3012 2357 3056 a
2405 2994 2642 3056 criticis

256 3098 416 3157 sunt
485 3094 837 3159 emendata.
908 3094 1153 3181 Nempe
1224 3097 1291 3159 in
1352 3094 1475 3160 fine
1537 3116 1761 3161 versus
1831 3095 2004 3160 1146
2069 3100 2222 3182 quin
2283 3118 2396 3182 pro
2461 3101 2644 3175 φίλος

252 3200 739 3265 rescribendum
801 3204 887 3265 sit
949 3201 1119 3273 τέκος
1146 3250 1161 3279 ,
1226 3201 1393 3287 quod
1456 3204 1790 3288 proposuit
1851 3201 2153 3279 Dindorf,
2204 3224 2283 3267 ne
2329 3210 2642 3289 punctum

258 3306 522 3392 quidem
588 3310 895 3393 temporis
958 3307 1213 3384 dubito,
1267 3310 1567 3393 quoniam
1617 3310 1930 3373 sententia
1977 3315 2192 3394 aperte
2240 3308 2492 3395 flagitat
2539 3330 2646 3375 vo-

260 3434 434 3489 cem,
484 3433 643 3499 quae
677 3412 923 3496 fibium,
960 3413 1195 3494 prolem
1239 3414 1510 3491 indicet,·
1562 3421 1773 3498 posset
1821 3417 2018 3479 etiam
2065 3414 2292 3492 βρέφος
2343 3418 2644 3502 proponi,

262 3522 321 3582 si
371 3520 525 3583 satis
572 3522 887 3583 constaret
928 3516 1309 3603 Sophoclem
1350 3540 1422 3585 eo
1460 3518 1769 3585 vocabulo
1810 3541 2003 3584 usum
2042 3541 2196 3585 esse.
2246 3519 2419 3585 Dicit
2441 3523 2649 3607 igitur

262 3624 550 3689 Electra:
590 3648 889 3709 nunquam
935 3624 1147 3687 matris
1195 3632 1260 3688 tu
1307 3625 1496 3706 mayie
1526 3624 1732 3711 fuisti
1759 3626 2007 3708 filiobus
2057 3648 2230 3709 quam
2278 3648 2435 3689 meus
2448 3654 2476 3701 ,·
2525 3648 2648 3691 non

266 3726 816 3816 Clytaemnestrae
878 3730 987 3795 sed
1053 3752 1197 3795 mea
1258 3731 1465 3818 proles
1526 3753 1661 3797 esse
1725 3731 2057 3797 videbaris.
2106 3730 2348 3797 Deinde
2395 3736 2643 3819 pergit:

266 3859 452 3921 neque
498 3836 727 3899 ancilla
772 3837 981 3921 aliqua
1030 3874 1116 3884 —-
1167 3836 1710 3921 quemadmodum
1755 3836 2109 3923 Aeschylus
2148 3840 2217 3901 in
2258 3836 2646 3922 Choephoris

266 3962 363 4007 vs.
407 3939 536 4007 '750
562 3964 693 4027 sqq.
744 3942 1011 4007 finxerat
1051 3980 1134 3991 —
1176 3950 1231 4005 te
1279 3944 1571 4020 educavit,
1623 3945 1728 4007 sed
1771 3965 1872 4023 eqo
1919 3943 2058 4026 ipsa
2092 3967 2211 4025 pro
2257 3945 2490 4008 nutrice
2531 3944 2643 4008 tibi

254 4048 404 4131 sni3
453 4048 747 4113 videmus
808 4055 943 4113 arte
986 4049 1309 4135 iungenda
1356 4070 1490 4115 esse
1534 4052 1749 4114 omnia
1793 4050 1988 4115 huius
2034 4071 2254 4115 versus
2301 4050 2640 4128 vocabula,

270 4175 470 4239 neque
506 4156 713 4240 igitur
744 4168 885 4241 post
913 4152 1063 4227 ἥσειν
1085 4156 1489 4221 incidendam
1516 4177 1650 4221 esse
1676 4158 2077 4221 sententiam.
2118 4156 2407 4241 Denique
2432 4156 2640 4221 addit:

341 4384 395 4445 1)
432 4384 489 4433 In
526 4383 845 4433 horontiano
878 4382 1253 4447 superscriptum
1286 4385 1359 4431 est
1393 4380 1481 4440 σὴ,
1516 4381 1658 4445 idque
1692 4379 1872 4445 recepit
1911 4380 2142 4439 Dindorf,
2171 4396 2266 4430 non
2303 4384 2430 4429 recte
2460 4385 2620 4433 tamen

278 4468 330 4513 ut
364 4480 471 4513 mox
505 4464 763 4531 apparebit.
