3192 5009
524 333 657 403 322
1455 355 1971 407 moruusws.

519 523 778 589 confusa
821 529 974 589 sunt
990 572 1008 602 ‚
1057 523 1226 609 quod
1271 524 1548 591 Parisini
1595 525 1837 591 codices
1882 547 2038 593 cum
2069 523 2365 592 Palatino
2402 525 2623 592 collati
2658 525 2909 612 liquido

519 632 987 709 demonstrant,
1061 634 1197 698 sive
1263 639 1394 698 tres
1454 653 1679 699 causae
1726 632 2019 720 deinceps
2062 633 2455 701 inciderunt:
2504 633 2693 700 hodie
2739 639 2913 701 certe

520 735 730 802 multa
789 736 929 802 loco
988 743 1164 804 mota
1207 758 1342 804 esse
1391 737 1941 825 deprehendimus.
1986 738 2225 806 Verum
2274 741 2563 806 ordinem
2606 746 2685 806 nt
2728 743 2915 806 resti-

515 849 728 908 tueret
746 891 763 921 ,
829 842 1218 910 Ribbeckius
1273 847 1613 931 quinquies
1675 843 1881 910 decies
1926 844 2114 933 plura
2158 848 2539 933 pauciorave
2586 845 2783 912 verba
2828 867 2912 913 ex

515 970 643 1016 uno
703 951 910 1035 capite
969 955 1378 1036 transponere
1441 949 1651 1016 voluit
1706 953 1775 1014 in
1821 950 2099 1016 alterum
2118 1001 2135 1030 ,
2181 951 2335 1019 adeo
2382 959 2459 1018 ut
2503 974 2584 1019 ex
2630 955 2911 1040 triginta

513 1056 827 1142 capitibus
889 1056 1196 1121 tredecim
1260 1062 1518 1122 tantum
1578 1078 1707 1122 non
1754 1055 2279 1124 sollicitarentur:
2330 1058 2488 1145 quid
2530 1061 2767 1124 attinet
2812 1057 2913 1124 di-

515 1183 656 1229 cere
713 1161 878 1228 nihil
939 1163 1171 1228 horum
1233 1184 1385 1229 cum
1429 1163 1751 1230 evidentia
1796 1164 2075 1249 quadam
2118 1163 2257 1230 fieri
2300 1162 2529 1251 posse?
2601 1161 2911 1232 Contenti

517 1271 721 1333 simus
782 1274 1031 1354 oportet
1091 1268 1340 1334 laciniis
1401 1289 1562 1354 quae
1608 1273 1981 1354 supersunt:
2032 1267 2100 1333 id
2144 1273 2402 1335 tantum
2446 1273 2645 1336 restat
2692 1277 2769 1334 ut
2810 1271 2915 1334 vi-

516 1374 780 1440 deamus
841 1376 911 1438 in
980 1395 1217 1462 magno
1288 1371 1795 1460 corruptelarum
1863 1395 2130 1440 numero
2192 1377 2519 1461 possintne
2590 1374 2915 1462 quaedam

515 1482 717 1547 etiam
760 1480 948 1546 hodie
995 1479 1408 1566 probabiliter
1450 1483 1706 1547 restitui
1750 1482 1819 1544 in
1862 1482 2211 1568 integrum.

609 1583 763 1672 Cap.
818 1586 876 1651 1.
925 1587 1247 1668 εἰρωνείας.

611 1695 690 1756 ‘0
757 1692 822 1758 δὲ
882 1690 1044 1772 εἴρων
1108 1691 1373 1764 τοιοῦτός
1440 1717 1532 1762 τις
1555 1741 1572 1770 ,
1638 1687 1753 1764 οἶος
1814 1693 2152 1774 προσελθὼν
2214 1701 2342 1764 τοῖς
2390 1693 2630 1774 ἐχθροῖς
2680 1691 2917 1758 ἐθέλειν

517 1807 807 1864 λαλεῖν
852 1801 956 1864 οὔ
1026 1805 1300 1877 μισεῖν
1364 1798 1469 1864 καὶ
1535 1801 1806 1865 ἐπαινεῖν
1868 1799 2177 1881 παρόντας
2243 1793 2330 1871 οἷς
2387 1799 2633 1865 ἐπέθετο
2680 1797 2919 1878 λάθρα.

515 1905 645 1972 Hic
690 1904 875 1971 facile
921 1911 1020 1971 est
1061 1926 1376 1993 magnum
1423 1907 1860 1992 suspicionum
1905 1927 2251 1972 numerum
2290 1905 2739 1991 undecumque
2776 1925 2921 1970 cor-

515 2011 734 2077 radere
752 2058 769 2088 ,
819 2011 929 2076 sed
975 2010 1138 2076 nihil
1174 2012 1506 2097 hucusque
1545 2017 1875 2096 repertum
1912 2011 2040 2076 fuit
2076 2011 2245 2097 quod
2282 2014 2485 2097 possit
2523 2009 2917 2078 satisfacere.

517 2111 820 2184 Blochius
885 2120 1172 2204 scripsit:
1238 2120 1314 2190 ὥς
1375 2120 1442 2183 οὖ
1503 2125 1695 2194 μισῶν
1715 2167 1732 2197 ,
1796 2117 2218 2184 Schneiderus
2276 2127 2490 2189 Φιλεῖν
2548 2115 2646 2188 οὓς
2694 2125 2883 2196 μισεῖ
2898 2165 2919 2196 ,

516 2247 666 2290 cum
714 2223 910 2290 codex
953 2223 1358 2290 Florentinus
1403 2225 1667 2290 habeat:
1718 2223 1938 2291 έθέλειν
1984 2232 2195 2304 φιλεῖν
2233 2226 2299 2291 οὗ
2339 2233 2560 2301 μισεῖν.
2608 2223 2917 2290 Indidem

521 2331 838 2418 profectus
894 2329 1280 2396 Ribbeckius
1327 2329 1654 2416 supplevit
1703 2330 1922 2395 ἐθέλειν
1971 2339 2190 2396 λαλεῖν
2240 2332 2371 2410 (καὶ
2422 2332 2917 2412 προσποιεῖσθαι)

520 2445 730 2517 φιλεῖν
795 2437 858 2500 οὔ
922 2445 1144 2511 μισεῖν.
1195 2435 1459 2524 Ussingi
1503 2436 1802 2502 inducere
1847 2436 2087 2522 placuit
2130 2437 2402 2504 molesta
2447 2437 2643 2503 verba
2690 2437 2757 2502 οὗ
2803 2461 2919 2509 μι-

517 2550 664 2620 σεῖν,
715 2563 876 2628 quae
925 2549 1022 2607 est
1067 2543 1546 2628 expeditissima
1591 2543 1946 2629 corrigendi
1993 2545 2176 2608 ratio.
2226 2543 2693 2610 Herwerdenus
2731 2563 2919 2608 com-

514 2648 842 2714 mendavit
903 2649 970 2713 οὖ
1035 2648 1215 2713 δοκῶν
1276 2633 1510 2722 μισεῖν
1541 2653 1606 2714 et
1668 2647 1782 2713 alii
1845 2647 2111 2715 fortasse
2159 2649 2285 2715 alia
2332 2653 2869 2736 excogitaverunt
2892 2697 2913 2727 ‚

514 2755 625 2821 sed
683 2754 849 2819 nihil
910 2756 1142 2820 horum
1203 2756 1518 2821 eiusmodi
1581 2761 1678 2820 est
1724 2760 1800 2820 ut
1846 2775 2177 2821 assensum
2224 2760 2619 2842 extorqueat.
2688 2753 2919 2820 Sentit

511 2863 950 2947 unusquisque
997 2860 1125 2926 odii
1171 2861 1276 2927 hic
1314 2865 1642 2946 perinepte
1679 2860 1818 2926 fieri
1852 2865 2265 2927 mentionem.
2315 2861 2651 2946 Super-iore
2686 2861 2917 2926 hieme

511 2970 891 3034 convenerat
960 2970 1128 3033 inter
1199 2966 1535 3034 Allardum
1604 2967 1984 3032 Piersonum
2054 2973 2119 3032 et
2177 2989 2283 3032 me
2342 2973 2420 3032 ut
2480 2965 2919 3052 Theophrasti

513 3071 918 3140 Characteres
979 3075 1411 3138 attentissima
1469 3093 1621 3138 cura
1684 3075 2213 3138 examinaremus.
2263 3071 2363 3139 Ibi
2409 3073 2575 3139 forte
2625 3071 2915 3157 explosis

510 3178 968 3245 tentaminibus
1030 3199 1190 3264 quae
1253 3177 1386 3242 dixi
1404 3227 1420 3256 ‚
1483 3183 1827 3263 postquam
1886 3177 2323 3244 intelleximus
2370 3181 2437 3242 in
2486 3180 2627 3263 ipso
2678 3175 2784 3242 illo
2830 3179 2913 3241 οὗ

511 3293 712 3360 μισεῖν
759 3287 902 3348 vitii
952 3284 1168 3350 sedem
1213 3285 1417 3349 inesse
1438 3332 1454 3360 ‚
1509 3285 1705 3369 „quin
1752 3284 2226 3361 rescribimus’',
2276 3283 2621 3349 Piersonus
2664 3285 2911 3368 inquit,

512 3390 767 3465 ὁμιλεῖν,
817 3411 940 3475 quo
985 3390 1149 3454 facto
1197 3397 1414 3454 λαλεῖν
1453 3389 1724 3453 verbum
1764 3395 1989 3473 sponte
2030 3388 2345 3456 excidet’'.
2395 3388 2496 3455 Ita
2533 3396 2665 3455 est:
2708 3387 2913 3456 lectio

510 3491 622 3566 οἷος
674 3499 1007 3576 προσελθὼν
1053 3504 1178 3564 τοῖς
1219 3497 1451 3575 ἐχθροῖς
1494 3495 1715 3559 έθέλειν
1760 3495 2089 3572 ὁμιλεῖν
2135 3495 2241 3560 καὶ
2270 3496 2538 3562 έπαινεῖν
2562 3494 2915 3574 παρόντας,

512 3623 732 3668 omnes
775 3603 969 3668 habet
1016 3605 1306 3668 veritatis
1353 3623 1673 3666 numeros.
1723 3601 1890 3667 Sunt
1936 3605 2135 3668 etiam
2180 3604 2249 3666 in
2296 3603 2705 3688 sequentibus
2740 3601 2913 3669 bene

512 3707 752 3786 multa,
820 3728 980 3793 quae
1038 3729 1162 3773 non
1208 3710 1334 3772 nisi
1380 3707 1682 3772 Piersono
1732 3708 1888 3773 duce
1936 3715 2002 3774 et
2048 3710 2356 3774 acerrimo
2404 3707 2919 3794 suspiciuncula-

507 3837 656 3880 rum
700 3834 993 3879 mearum
1038 3833 1292 3879 censore
1312 3861 1327 3890 ,
1378 3814 1542 3877 mihi
1586 3815 1859 3900 contigit
1905 3815 2204 3899 reperire.

601 3918 755 4006 Gap.
807 3920 868 3984 2.
921 3917 1276 3991 κολακείας.

599 4027 716 4090 Καὶ
784 4025 1382 4100 συνωνούμενος
1449 4025 1752 4100 κρηπῖδας
1800 4025 1903 4087 τὸν
1948 4023 2111 4088 πόδα
2158 4030 2363 4102 Φῆσαι
2412 4020 2565 4090 εἶναι
2619 4025 2917 4102 εὔρυθμό-

508 4157 673 4214 τερον
720 4137 826 4197 τοῦ
875 4130 1284 4206 ὑποδήματος.
1337 4127 1462 4194 Hic
1507 4130 1659 4196 ferri
1705 4133 1927 4216 nequit
1975 4134 2389 4217 participium
2434 4132 2909 4211 συνωνούμενος,

505 4261 658 4307 nam
721 4242 778 4304 si
838 4239 999 4304 emti
1045 4235 1273 4314 calcei,
1336 4257 1460 4301 non
1511 4236 1802 4302 adulator
1849 4239 2009 4302 emit
2026 4285 2043 4314 ,
2096 4237 2203 4302 sed
2250 4245 2556 4322 patronus
2600 4241 2707 4304 cui
2752 4238 2917 4305 adu—

492 4340 708 4424 latur;
773 4343 995 4411 deinde
1055 4363 1252 4429 quam
1311 4341 1658 4407 ridiculum
1720 4348 1816 4408 est
1877 4344 2150 4408 verbum
2199 4344 2541 4408 coemendi!
2586 4343 2915 4414 Vertunt:

509 4453 812 4539 Crepidas
876 4450 1089 4516 ementi
1149 4451 1204 4514 si
1266 4467 1478 4514 comes
1524 4447 1724 4526 adsit,
1774 4448 1999 4535 pedem
2047 4449 2215 4515 dicet
2260 4451 2465 4536 ipsius
2512 4449 2717 4517 calceo
2764 4471 2919 4520 esse
