3192 5009
1233 289 1595 354 tammus.
2474 265 2607 349 '279

278 467 389 536 ulla
438 469 553 536 alia
594 469 934 534 difficultas
977 469 1046 534 id
1092 469 1403 555 impediat
1421 517 1438 547 ,
1485 470 1905 535 retinebimus
1949 473 2238 534 veterem
2283 473 2348 532 et
2394 466 2629 553 proba-'
2699 531 2702 534 ,

279 577 437 643 bilem
476 576 827 663 explicandi
872 577 1209 641 rationem.

345 903 477 970 301.
616 904 967 968 Cleo-escunt
1009 902 1243 966 sonitus
1288 925 1694 989 armorumque
1739 901 1974 984 inqruit
2017 904 2249 968 horror.

342 1009 508 1076 Verbi
549 997 831 1092 inqwe‘re
877 1012 1017 1075 vim
1066 1015 1133 1074 et
1176 1007 1726 1094 pulchritudinem
1771 1012 2147 1094 interpretes
2192 1009 2478 1075 nondum
2524 1011 2618 1074 in-

272 1117 470 1182 dicasse
525 1116 848 1193 videntur,
914 1135 1119 1200 neque
1180 1114 1522 1180 discrimen
1538 1164 1555 1194 ,
1623 1113 1792 1200 quod
1854 1118 2024 1180 inter
2066 1116 2188 1181 hoc
2235 1116 2508 1181 verbum
2553 1119 2619 1180 et

270 1223 463 1286 imore
514 1221 854 1288 intercedit
871 1269 889 1300 ,
952 1241 1117 1306 quae
1167 1243 1362 1286 voces
1421 1224 1491 1286 in
1550 1220 1872 1286 codicibus
1919 1242 2102 1307 saepe
2145 1227 2616 1308 permutantur.

270 1327 687 1414 Lexicog'raphi
736 1347 987 1412 quoque
1033 1325 1113 1391 ad
1150 1325 1317 1390 1111111
1360 1326 1698 1392 discrimen
1740 1347 1870 1408 non
1907 1327 2213 1392 videntur
2251 1327 2616 1404 attendisse,

269 1431 499 1497 Heinius
540 1433 663 1498 hoc
707 1430 847 1497 loco
896 1433 1281 1517 scripturam
1328 1431 1518 1495 irruit
1564 1429 1644 1496 ex
1690 1451 1820 1495 uno
1859 1431 2071 1497 codice
2110 1451 2619 1498 commemorans

268 1542 339 1602 ait
371 1539 619 1624 quidem
661 1537 997 1619 „ingruunt
1032 1538 1193 1602 bene
1232 1537 1309 1602 de
1345 1540 1429 1602 iis
1467 1558 1628 1622 quae
1667 1538 1975 1603 accedunt
1991 1585 2009 1616 ‚
2055 1541 2349 1625 propiora
2386 1535 2616 1602 fiunt.”

268 1642 365 1708 Sed
414 1643 527 1708 illa
584 1645 807 1708 ieiuna
872 1647 939 1709 et
984 1663 1389 1728 nequaquam
1436 1649 1585 1728 apta
1633 1649 1785 1708 sunt
1831 1643 1912 1708 ad
1954 1645 2092 1708 vim
2140 1647 2277 1709 eius
2325 1644 2508 1710 verbi
2551 1645 2620 1706 in

267 1747 444 1814 lucem
509 1748 971 1836 proferendam.
1042 1747 1169 1813 Sed
1238 1747 1445 1813 Taciti
1505 1747 1686 1814 locus
1745 1749 1921 1814 Hist.
1989 1748 2104 1814 ΠΙ.
2157 1749 2244 1814 34
2306 1749 2618 1815 desiderio

267 1862 447 1920 nostro
504 1857 749 1942 optime
808 1854 1121 1919 satisfacit
1137 1903 1154 1933 ,
1202 1855 1317 1920 ubi
1359 1854 1646 1941 legimus
1703 1855 1958 1919 Condita
2006 1863 2138 1919 erat
2189 1857 2471 1920 Cremona
2513 1854 2618 1917 dn·

261 1968 473 2040 mente
527 1961 598 2024 iu
660 1961 914 2024 Italiam
962 1961 1311 2024 Hannibale
1368 1967 1626 2046 (nempe
1674 1981 1784 2045 per
1831 1959 2051 2046 Alpes)
2094 1960 2620 2044 propuqnaoubum

268 2068 515 2130 adversus
580 2067 791 2130 Gallos
852 2074 911 2129 et
970 2067 1028 2129 si
1074 2089 1193 2150 qua
1236 2064 1369 2128 abia
1418 2066 1511 2129 vis
1542 2089 1664 2148 per
1710 2066 1896 2149 Alpes
1933 2072 2132 2130 rueret
2169 2073 2278 2147 (=
2298 2069 2618 2144 irrueret).

272 2169 526 2252 Inqruere
576 2171 898 2258 significat
941 2173 1151 2257 igitur
1196 2173 1876 2257 appropinquationem
1921 2175 2241 2237 minacem
2287 2171 2446 2236 mali
2490 2189 2622 2235 ma-

270 2277 353 2361 gis
408 2279 697 2343 minusve
752 2280 1118 2343 etiamnunc
1164 2280 1399 2342 remoti
1417 2327 1433 2355 ,
1484 2277 1593 2343 sed
1637 2276 1810 2342 lente
1856 2283 1920 2342 et
1967 2283 2135 2342 certe
2183 2278 2586 2343 adventantis
2603 2322 2620 2352 ,

272 2387 325 2444 et
374 2381 525 2448 nulli
586 2383 1049 2469 impedimento
1110 2383 1425 2448 cedentis:
1472 2383 1710 2447 irruere
1755 2389 1973 2448 contra
2015 2383 2256 2448 indicat
2297 2385 2623 2469 impetum

272 2488 525 2554 subitum
574 2495 639 2555 et
680 2491 1132 2575 improvisum.

343 2593 437 2660 Sic
490 2595 717 2660 Livius
779 2594 999 2682 pulcre
1063 2594 1139 2674 V,
1188 2595 1271 2661 21
1340 2596 1513 2660 Haec
1545 2601 1834 2677 precatus
1883 2643 1896 2659 .
1929 2642 1944 2658 .
1976 2643 1991 2659 .
2040 2597 2112 2658 ab
2163 2595 2426 2659 omnibus
2475 2595 2624 2659 locis

272 2700 434 2763 urbem
474 2701 841 2782 aqqrcditur,
892 2725 1005 2787 quo
1051 2702 1245 2765 minor
1291 2703 1362 2764 ab
1412 2701 1686 2764 cuniculo
1733 2701 2070 2782 hcm-voeatis
2101 2701 2372 2783 penculi
2417 2723 2624 2766 sensus

271 2813 407 2870 esset.
450 2805 608 2886 Quia
647 2812 867 2872 autem
904 2806 1173 2885 malum,
1216 2806 1387 2892 quod
1422 2806 1659 2887 inyruit
1677 2855 1694 2884 ,
1735 2828 1860 2871 non
1885 2811 2099 2891 potest
2123 2809 2426 2884 amoveri,
2455 2810 2624 2871 certe

271 2911 497 2977 instabit
512 2933 527 2991 3
592 2911 757 2978 illud
805 2914 1076 2979 verbum
1123 2915 1323 2978 etiam
1370 2915 1694 2996 impetum
1737 2914 1955 2998 ipsum
2002 2911 2113 2977 sed
2162 2911 2582 2978 deliberatum
2605 2959 2622 2988 ,

272 3021 361 3080 aut
413 3038 591 3103 saepe
660 3021 1012 3104 repetitum
1057 3018 1338 3084 indicare
1384 3022 1617 3104 potest.
1669 3017 1914 3082 Rursus
1960 3016 2166 3082 Taciti
2215 3023 2280 3083 et
2327 3017 2523 3084 Livii·
2546 3018 2628 3082 ci-

272 3120 392 3186 tabo
443 3121 632 3190 locos.
699 3122 869 3188 Nam
928 3144 1003 3189 ea
1064 3145 1191 3190 vox
1252 3125 1473 3210 gravis
1535 3128 1602 3187 et
1661 3122 1844 3188 fortis
1906 3143 1946 3186 a
1989 3121 2228 3188 militia
2271 3125 2507 3208 petita,
2557 3125 2626 3185 in

272 3225 449 3294 soluta
485 3232 789 3308 oratione,
829 3235 906 3294 ut
935 3228 1383 3296 Weissenborn
1422 3228 1503 3293 ad
1538 3227 1682 3292 Liv.
1710 3227 1784 3305 V,
1814 3227 1896 3292 21
1940 3227 2306 3306 declaravit,
2339 3229 2626 3313 primum

272 3349 303 3394 a
336 3331 505 3400 Livio
547 3341 859 3421 usurpata
905 3341 1001 3401 est
1018 3383 1035 3414 ,
1080 3341 1143 3400 et
1183 3340 1497 3421 quantum
1534 3355 1656 3420 ego
1697 3336 2045 3420 comperire
2087 3337 2270 3419 potui
2309 3355 2386 3399 ex
2422 3335 2627 3419 poetis

272 3438 378 3503 iam
432 3440 662 3506 Plauto
708 3440 987 3528 placuit:
1034 3441 1249 3508 Plaut.
1297 3441 1535 3527 Amph.
1590 3439 1650 3505 1.
1683 3440 1740 3505 1.
1769 3440 1851 3505 81
1903 3441 2122 3504 Hostes
2169 3441 2360 3504 crebri
2405 3442 2628 3504 cadunt

272 3546 433 3608 nostri
496 3555 707 3611 contra
770 3547 1083 3628 myrtoum.
1154 3545 1279 3612 Sed
1336 3547 1634 3631 inprimis
1692 3544 1978 3632 Vergilio
1999 3594 2014 3624 ,
2075 3552 2220 3611 tum
2283 3546 2628 3611 serioribus

272 3646 557 3718 historicis
576 3700 595 3730 ,
662 3654 809 3738 qui,
876 3658 953 3716 ut
1010 3655 1312 3718 novimus
1334 3701 1349 3729 ,
1414 3654 1548 3717 iam
1592 3654 1780 3735 proni
1823 3656 2002 3716 erant
2050 3651 2130 3715 ad
2177 3654 2456 3736 poeticas
2504 3650 2628 3714 dic-

272 3755 443 3822 tiones
501 3779 538 3822 a
597 3755 889 3844 Vergilio
948 3760 1286 3843 praecipue
1350 3757 1762 3822 mutuandas.
1836 3756 2009 3821 Livii
2052 3758 2186 3820 iam
2235 3759 2471 3841 scripta
2517 3753 2629 3820 sed

273 3855 449 3926 Taciti
516 3864 816 3950 inprimis
889 3866 1043 3928 satis
1100 3863 1295 3928 huius
1358 3865 1451 3927 rei
1512 3861 1957 3947 exemplorum
2021 3860 2427 3947 suppeditare
2489 3882 2628 3946 pos-

274 3969 399 4029 sunt
414 4015 431 4045 ,
490 3968 599 4034 sed
676 3968 849 4054 apud
922 3967 1259 4034 Tibullum
1278 4017 1293 4046 ,
1358 3967 1770 4054 Propertium
1789 4016 1804 4046 ,
1853 3966 2203 4032 Horatium
2250 3965 2407 4032 alios
2453 3966 2628 4030 haud

274 4068 427 4137 facile
491 4074 675 4141 credo
744 4075 937 4139 huius
1008 4076 1191 4141 verbi
1261 4073 1633 4160 exemplum
1703 4076 2011 4138 invenias.
2083 4072 2224 4137 Iam
2283 4072 2364 4136 ad
2422 4070 2630 4137 Taciti

278 4173 538 4264 Liviique
602 4180 778 4246 locos
846 4180 1065 4246 redeo:
1140 4179 1341 4246 Tacit.
1414 4181 1579 4246 Ann.
1633 4179 1717 4258 11,
1771 4179 1850 4243 11
1925 4179 2289 4244 Om-iovalda
2357 4181 2630 4244 hortatus

282 4301 390 4344 euos
441 4293 505 4348 ut
562 4286 1043 4367 inyruentes
1106 4293 1375 4350 catervae
1427 4287 1602 4367 ylobo
1648 4286 2024 4370 frangerent
2071 4285 2177 4365 (de
2224 4285 2514 4350 ordinato
2562 4290 2628 4349 et

287 4383 590 4458 deliberato
628 4393 931 4477 impetu),
974 4399 1151 4478 atque
1190 4391 1320 4476 ipse
1357 4391 1427 4456 in
1466 4391 1844 4456 densissimos
1880 4390 2216 4473 irrumpens
2253 4396 2358 4470 (----
2381 4393 2630 4456 irruens
