3192 5009
1082 289 1373 342 oneum
1419 293 1776 342 smmum.
2487 275 2616 344 355

398 455 580 521 editor
614 475 728 520 nec
766 459 981 540 potius
1020 456 1097 520 σὺ
1142 457 1545 522 scribendum
1589 465 1707 524 est.
1755 458 2028 544 Legitur
2077 460 2178 535 ἠδέ
2219 484 2288 524 τε
2329 460 2432 525 III
2463 459 2612 526 181.

396 561 443 624 V
476 560 597 626 423
636 566 701 626 et
738 563 979 646 passim
1000 611 1015 638 ,
1056 567 1133 626 ut
1170 563 1339 649 apud
1377 562 1836 632 Manethonem
1856 611 1872 642 ‚
1915 563 2090 629 ἀλλά
2132 589 2212 642 γε
2255 564 2306 628 V
2348 564 2479 629 235
2505 564 2611 644 al„

394 667 541 752 quod
580 673 675 732 est
722 666 893 752 apud
937 670 1259 752 sequior-es
1303 675 1525 754 poetas
1572 670 2000 756 perfrequens.

288 772 342 852 9)
388 773 651 838 Permira
710 779 809 838 est
868 780 935 838 et
998 780 1292 860 suspecta
1352 777 1520 840 mihi
1569 781 1892 841 structura
1937 777 2117 853 verbi
2167 777 2612 853 γλακτοδοτεῒν

392 898 523 942 cum
579 884 808 962 quarto
865 899 981 963 pro
1030 882 1219 946 tertio
1268 899 1419 946 casu
1468 880 1538 945 ΙΙ
1590 879 1720 946 192
1767 879 1906 946 ὅσαι
1954 881 2018 946 δέ
2064 905 2133 946 τε
2189 882 2378 958 νήπια
2425 883 2612 948 τέκνα

392 979 1117 1060 γλακτοδοτοῦσιν,
1157 985 1265 1049 sed
1302 988 1544 1051 incerta
1584 993 1682 1050 est
1718 987 1874 1052 haec
1908 985 2157 1052 Struvii
2196 995 2261 1053 et
2299 987 2614 1054 Meinekii

388 1092 665 1155 correctio
728 1111 844 1175 pro
906 1091 1379 1167 γαλαδοτοῦσιν.
1458 1091 1593 1157 Alii
1653 1091 1804 1156 libri
1867 1093 2103 1159 habent
2163 1098 2612 1175 γαλουχοῦσιν,

388 1194 537 1260 unde
601 1219 646 1272 y
667 1210 982 1260 λακτου
1001 1200 1245 1275 χοῦσι
1265 1221 1293 1259 ν
1362 1197 1513 1262 fecit
1576 1197 1954 1262 Alexandre.
2028 1197 2150 1264 sed
2215 1203 2616 1264 accusativus

384 1300 517 1365 facit
557 1305 631 1366 ut
676 1306 1086 1386 expectemus
1135 1303 1351 1387 potius
1400 1309 2204 1384 γλακτοτροφοῦσιν.

1368 1652 1476 1716 IV.

338 1820 631 1888 Devorato
692 1823 933 1909 ingrati
976 1820 1213 1886 laboris
1258 1821 1466 1886 taedio
1516 1819 1777 1886 tandem
1825 1826 2226 1909 accingimur
2268 1826 2347 1890 ad
2395 1827 2608 1913 dispu-

260 1917 497 1993 tandum
534 1928 609 1993 de
643 1927 803 1993 locis
842 1927 1227 2012 quibusdam
1265 1932 1380 1991 aut
1414 1927 1753 1993 manifeste
1792 1927 2000 1993 adhuc
2034 1929 2470 1998 laborantibus
2495 1939 2609 1997 aut

260 2039 405 2100 certe
446 2034 517 2100 de
562 2036 727 2101 vitio
770 2035 1101 2120 suspectis.
1150 2033 1252 2098 Ad
1296 2034 1529 2098 horum
1574 2055 1920 2100 numerum
1971 2040 2285 2121 pertinere
2337 2039 2609 2104 arbitror

258 2142 513 2224 primum

334 2246 365 2310 Ι
404 2245 439 2310 5
550 2246 625 2311 σὺ
671 2245 775 2324 δέ,
822 2247 1057 2312 ronulas
1110 2246 1321 2324 θνητέ,
1371 2246 1806 2326 πίφαυσκε
1835 2243 1862 2324 ΙΙ
1891 2249 2217 2326 νουνεχέως
2265 2251 2393 2314 κτὲ.

256 2351 349 2414 ubi
408 2351 619 2418 dubito
688 2373 849 2416 num
908 2349 1295 2416 Volkmanni
1354 2351 1717 2416 emendatio
1780 2373 1894 2437 pro
1958 2355 2246 2434 πίφασκε
2293 2356 2568 2422 sufficiat
2584 2407 2602 2434 ,

256 2459 383 2540 quia
420 2459 794 2538 πιφαύσκειν
840 2463 938 2522 est
981 2457 1247 2537 Φαίνειν,
1296 2458 1535 2540 aperire
1554 2505 1586 2535 ,.
1613 2458 1809 2522 dicere
1828 2507 1843 2535 ,
1885 2459 1996 2524 sed
2035 2463 2350 2525 sententia
2388 2469 2602 2546 postu-

252 2558 329 2623 lat
380 2563 639 2628 discendi
700 2585 750 2628 s.
813 2562 1331 2626 animadvertendi
1394 2565 1720 2628 notionem
1738 2611 1754 2640 ,
1819 2583 2014 2648 quam
2059 2565 2228 2649 apud
2276 2569 2598 2652 sequiores

254 2665 449 2734 habere
516 2668 681 2734 solet
748 2669 1021 2734 verbum
1090 2668 1399 2734 medium.
1472 2667 1678 2748 Quare
1748 2668 2022 2754 legerim
2099 2694 2181 2736 πι
2202 2678 2316 2750 Φα
2337 2675 2478 2737 ὐσκ
2501 2697 2526 2737 ο
2546 2665 2602 2738 vs

253 2769 569 2838 Verborum
628 2773 869 2838 formas
928 2779 1279 2840 contractas
1338 2777 1523 2838 iuxta
1582 2794 1733 2838 cum
1793 2773 2020 2840 solutis
2068 2775 2439 2862 Sibyllistas
2458 2826 2473 2855 ,
2525 2786 2602 2844 ut

254 2895 441 2944 omnes
483 2882 895 2957 recentiores,
945 2878 1240 2944 adhibere
1288 2882 1401 2944 vix
1448 2884 1545 2944 est
1593 2879 1761 2964 quod
1807 2902 2124 2946 moneam.
2527 2871 2536 2878 ’

324 2982 357 3048 Ι
400 2982 519 3052 178
586 2984 1022 3066 λεκτροκλόποι
1068 2985 1652 3065 θ’-εὖρεσσίλογοι
1705 2986 2014 3067 δύσφημα
2061 2987 2337 3069 χέοντες.

254 3084 588 3174 begendum
635 3093 922 3176 suspicor
968 3091 1242 3170 εὑρεσσίδ
1260 3115 1287 3156 ο
1305 3106 1346 3155 λ
1362 3115 1391 3156 ο
1409 3115 1448 3155 ι.

324 3192 355 3256 Ι
395 3195 517 3261 214
588 3198 739 3261 ἀλλ’
782 3193 886 3260 ὅτε
934 3196 987 3259 δ’
1038 3196 1291 3276 ἁρμονίη
1341 3197 1513 3271 stanit,-
1563 3199 1696 3276 περὶ
1751 3201 1916 3275 πῶμ’
1969 3199 2222 3276 ἐγενήθη

591 3301 649 3374 ἐς
698 3301 932 3379 natm·
980 3301 1352 3382 ἑρμοσθεῒσα
1405 3300 1738 3382 περιξεστῷ
1787 3303 1868 3368 ἐν)
1916 3305 2134 3384 χώρῳ
2181 3304 2310 3368 κτέ.

325 3404 551 3485 Quanto
599 3409 811 3493 aptius
858 3407 1239 3473 scriberetur
1284 3432 1321 3471 τ
1340 3432 1367 3471 ο
1386 3408 1409 3472 ι’
1424 3430 1568 3488 χῳ,
1619 3414 1694 3473 ut
1741 3413 1839 3473 est
1884 3409 2050 3473 infra
2100 3407 2232 3474 234
2258 3428 2389 3494 sq.:

404 3508 529 3576 ὦκα
590 3511 655 3576 δὲ
718 3511 869 3590 δῶμ’
918 3514 1110 3591 (πῶμ’
1156 3512 1551 3598 Opsopoeus)
1599 3511 1822 3593 ἀνέῳξε
1885 3513 2376 3592 περιξεστοῦ
2439 3517 2596 3580 ἀπὸ

906 3614 915 3621 ’
2278 3609 2390 3701 [τ”ο
2407 3621 2432 3692 ί
2444 3641 2498 3700 χ
2516 3644 2543 3684 ο
2562 3646 2595 3685 v

404 3721 703 3802 ἐμπείροις
752 3727 885 3802 (we,-
926 3721 1372 3804 Mendelsohn)
1412 3724 1659 3805 ἄρμοῒσι
1703 3726 1846 3787 κατ’
1889 3726 2093 3789 ἀντίον
2128 3725 2550 3805 ἁρμοσθέντος.

164 3856 173 3870 -
260 3817 505 3894 Fortasse
529 3828 727 3894 codex
751 3829 1138 3914 archetypus
1162 3851 1255 3894 vs.
1285 3827 1417 3894 215
1442 3830 1669 3895 habuit
1695 3839 1972 3895 ΕΝΙΧΩ.
1995 3851 2109 3915 pro
2141 3838 2592 3910 ΕΝΙΤΟΙΧΩ,

261 3945 417 4015 esque
456 3934 645 4002 lectio
691 3933 862 4000 male
908 3940 1189 4001 correcta
1233 3941 1350 4002 est.

327 4033 354 4098 Ι
388 4037 531 4105 242.
580 4040 684 4105 καὶ
733 4041 871 4105 τότε
922 4041 991 4115 δὴ
1039 4040 1311 4122 (Noach)
1359 4043 1576 4118 πελίην
1627 4043 1751 4116 οἵην
1797 4043 1923 4107 ἀπὸ
1971 4042 2151 4124 νόσφι
2196 4043 2455 4117 ποιήσας

572 4144 864 4224 ἔκβαλεν,
910 4143 1073 4227 ὄφρα
1122 4171 1191 4210 κε
1239 4149 1408 4224 γνοίη
1460 4147 1541 4210 ἐνὶ
1593 4147 1832 4228 φρεσίν,
1883 4147 1940 4212 εἷ
1985 4170 2179 4213 ποτε
2222 4156 2387 4225 γαῖα

572 4253 821 4331 (βαίνετ’
870 4251 960 4316 ἔτι
1012 4253 1249 4334 στερεῆ.

264 4340 455 4418 Suadet
498 4360 840 4422 sententia:
892 4355 949 4420 εί
992 4358 1172 4421 ποθι
1223 4365 1384 4436 γαΐα
1437 4357 1566 4422 κτὲ.
