3192 5009
1329 339 1687 388 vrrnuvms.
2543 311 2671 380 427

415 514 521 584 „et
559 511 790 573 circino
835 507 1152 573 conlocato
1191 509 1258 570 in
1304 504 1524 571 dextro
1571 506 1648 570 ab
1694 503 2028 570 intervallo
2074 507 2329 569 sinistro
2376 505 2677 566 circuma-

309 616 498 699 gitur
560 617 883 679 circinatio
956 612 1036 678 ad
1095 616 1445 698 proscaenii
1516 615 1838 676 sinistram
1898 615 2167 696 partem.
2236 607 2401 672 Item
2464 612 2717 670 centro-

311 719 636 784 conlocato
695 723 760 783 in
819 722 1076 784 sinistro
1139 740 1332 784 cornu
1399 719 1474 783 ab
1533 715 1873 783 intervallo
1940 717 2159 781 dextro
2220 715 2677 799 circumagitur

311 825 397 890 ad
440 828 786 911 proscaenii
833 825 1121 891 dextram
1166 826 1479 910 partem.'’

406 931 620 1017 Usque
667 932 745 997 ad
790 952 1028 996 annum
1080 929 1250 996 1836
1297 930 1593 996 omnibus
1638 932 1705 993 in
1745 928 2128 994 editionibus
2170 933 2383 992 textus
2424 927 2513 988 sic
2537 945 2679 988 con-

309 1040 583 1102 stitutus
644 1044 812 1102 erat:
879 1037 998 1114 „ab
1043 1036 1378 1102 intervallo
1424 1039 1681 1100 sinistro
1730 1071 1816 1084 —
1864 1035 1942 1100 ad
1990 1035 2338 1120 proscaenii
2386 1030 2674 1096 dextram

307 1150 559 1228 partem
580 1191 594 1217 ‚
643 1144 722 1209 ab
766 1142 1104 1209 intervallo
1149 1144 1369 1209 dextro
1400 1181 1478 1192 —
1505 1143 1584 1208 ad
1624 1144 1973 1227 proscaenii
2011 1143 2337 1222 sinistram
2360 1133 2673 1223 partem'’.

309 1247 413 1314 Ita
479 1249 642 1336 legit
695 1248 1047 1327 ‘Iucundum
1111 1251 1223 1334 qui
1267 1249 1346 1314 ad
1391 1251 1669 1334 optimos
1716 1247 1959 1312 codices
2007 1251 2261 1312 textum
2307 1243 2671 1316 constituit;

310 1355 628 1421 Marinius
675 1362 891 1421 autem
938 1360 1182 1442 primus
1219 1359 1606 1441 transposuit
1645 1356 1985 1420 verborum
2008 1353 2312 1418 ordinem.
2340 1347 2676 1415 Reicienda

310 1467 531 1528 autem
591 1468 685 1528 est
733 1461 992 1526 Mai-inii
1036 1465 1426 1538 coniectura,
1476 1481 1636 1546 quae
1684 1482 1721 1525 a
1766 1459 2159 1525 Weckleinio
2208 1464 2271 1524 et
2316 1455 2675 1521 Petersenio

303 1569 572 1654 probata
616 1567 820 1634 veluti
867 1571 1219 1633 certissima
1264 1566 1622 1633 emendatio
1670 1570 1739 1631 in
1785 1567 2132 1632 editionem
2177 1565 2353 1630 Rosii
2399 1568 2464 1626 et
2506 1556 2677 1624 Miil-

307 1673 789 1760 ler-Striibingii
849 1685 1096 1758 recepta
1157 1681 1270 1738 est.
1343 1672 1516 1738 Male
1563 1693 1714 1738 eum
1760 1673 1838 1737 ob
1888 1672 1955 1736 id
2001 1675 2218 1756 ipsum
2266 1669 2341 1735 de
2390 1666 2675 1732 archaco-

307 1779 484 1866 logia
521 1782 802 1845 scaenica
839 1783 1145 1845 meritum
1184 1801 1316 1845 esse
1365 1783 1494 1845 iam
1537 1781 1606 1844 in
1649 1778 1811 1844 libro
1860 1778 1936 1842 de
1982 1774 2302 1863 Polycleti
2350 1774 2597 1839 theatro
2629 1770 2674 1850 ¹)

302 1886 603 1952 indicavi.
671 1885 1046 1973 Polycletus
1113 1889 1284 1964 enim
1349 1907 1452 1951 eas
1515 1886 1671 1950 duas
1732 1885 2167 1950 circinationes
2215 1883 2291 1946 ab
2336 1877 2675 1946 intervallo

307 1996 566 2058 sinistro
629 1993 706 2058 ad
771 1995 1122 2078 proscaenii
1187 1993 1476 2058 dextram
1537 1999 1786 2079 partem
1832 1997 1897 2056 et
1943 1992 2021 2056 ab
2066 1987 2404 2054 intervallo
2452 1985 2673 2051 dextro

309 2098 389 2164 ad
449 2101 797 2184 proscaenii
858 2101 1181 2163 sinistram
1240 2104 1488 2183 partem
1550 2098 1929 2183 circumegit
1946 2145 1963 2174 ,
2011 2094 2548 2182 quemadmodum
2594 2113 2673 2156 ex

310 2205 726 2291 descriptione
798 2210 1060 2291 apparet
1077 2253 1093 2278 ‚
1181 2207 1248 2268 in
1331 2225 1454 2290 qua
1541 2204 1905 2290 designatae
1988 2208 2138 2267 sunt
2218 2201 2451 2268 litteris
2528 2197 2671 2262 YH‘

312 2319 378 2379 et
422 2311 580 2378 Y'H.

402 2532 749 2616 Postquam
810 2530 1089 2595 vidimus
1154 2535 1310 2614 quot
1381 2535 1771 2615 quantasque
1832 2527 2222 2614 corruptelas
2292 2532 2505 2592 textus
2573 2525 2674 2590 Vi-

311 2639 513 2702 truvii
560 2617 782 2722 passus
829 2639 948 2713 sit,
999 2657 1198 2722 pauca
1244 2637 1502 2702 dicenda
1551 2643 1702 2700 sunt
1750 2635 1825 2700 de
1869 2632 2196 2700 intervalli
2232 2633 2391 2698 loco.
2431 2632 2673 2697 'I'extus

308 2745 628 2830 genuinus
667 2764 789 2806 non
837 2749 962 2806 tres
1017 2741 1127 2806 sed
1173 2748 1474 2827 quattuor
1518 2741 1694 2807 affert
1739 2741 1937 2807 lineas
1982 2739 2316 2826 parallelos
2336 2789 2351 2818 ,
2401 2759 2671 2825 quarum

310 2849 506 2925 duae,
569 2847 810 2913 scilicet
872 2848 1224 2912 orchestrae
1284 2848 1623 2912 diametros
1670 2852 1735 2912 et
1781 2868 1857 2912 ea
1900 2846 2069 2912 linea
2116 2867 2274 2931 quae
2322 2847 2672 2930 proscaenii

308 2958 568 3041 regione
615 2955 961 3019 describere
1005 2954 1183 3018 iubet
1229 2953 1562 3018 Vitruvius
1580 3001 1596 3031 ‚
1648 2956 2045 3018 constituunt
2088 2950 2521 3017 intervallum.
2580 2950 2674 3015 De

308 3059 630 3126 intervalli
675 3059 811 3124 loco
859 3058 1066 3124 multa
1112 3080 1149 3124 a
1193 3058 1422 3124 multis
1470 3059 1795 3144 disputata
1840 3065 2007 3124 sunt.
2059 3058 2199 3124 Non
2248 3062 2487 3123 mirum
2537 3058 2673 3122 hoc.

310 3167 479 3232 Nam
497 3215 512 3244 ,
577 3169 631 3231 si
677 3171 964 3231 centrum
1013 3166 1360 3230 secundum
1406 3171 1470 3230 et
1519 3169 1787 3230 tertium
1833 3169 1901 3229 in
1949 3165 2256 3230 diametro
2302 3167 2639 3251 signantur
2658 3211 2673 3240 ‚

309 3277 388 3337 ut
432 3274 556 3336 viri
601 3271 770 3336 docti
813 3272 1116 3336 hactenus
1164 3271 1480 3348 fecerunt,
1533 3275 1753 3357 negari
1800 3292 1924 3336 non
1979 3275 2215 3356 poterit
2260 3269 2676 3336 intervallum

311 3380 568 3443 omnino
615 3378 828 3442 abesse
876 3398 913 3441 a
959 3398 1082 3462 quo
1129 3380 1566 3443 circinationes
1618 3378 1777 3442 duae
1826 3389 2119 3463 agantur.
2170 3377 2415 3457 Quanto
2464 3379 2671 3463 spatio

306 3483 479 3548 linea
536 3485 883 3568 proscaenii
941 3486 1197 3568 regione
1248 3483 1571 3568 ‚descripta
1618 3491 1681 3549 et
1730 3483 2081 3549 orchestrae
2132 3483 2473 3548 diametros
2508 3487 2676 3547 inter

310 3612 377 3655 se
447 3589 682 3654 distent
749 3596 814 3654 et
873 3610 996 3674 quo
1056 3588 1193 3654 loco
1253 3611 1326 3655 ea
1387 3590 1512 3655 duo
1575 3595 1789 3655 centra
1850 3593 1918 3654 in
1971 3589 2139 3654 linea
2182 3592 2319 3674 ipsa
2366 3589 2675 3676 signanda

311 3698 440 3760 sint
459 3743 474 3772 ,
543 3698 611 3759 in
675 3699 914 3760 incerto
980 3694 1238 3780 reliquit
1301 3695 1637 3761 Vitruvius
1655 3745 1671 3773 ,
1737 3699 1971 3781 quippe
2030 3696 2289 3762 studens
2362 3703 2437 3762 ut
2506 3716 2678 3782 prae-

311 3803 651 3886 scriptione
696 3800 980 3886 generali
1027 3805 1092 3865 et
1136 3801 1463 3865 indefinita
1507 3802 1896 3866 indicaretur
1942 3801 2283 3867 cuiuslibet
2330 3805 2677 3888 proscaenii

310 3906 666 3992 longitudo,
731 3904 792 3969 N
795 3927 876 3971 on
898 3908 1095 3970 'enim
1133 3915 1347 3972 centra
1382 3909 1450 3971 in
1491 3909 1792 3972 extremis
1831 3907 2123 3973 cornibus
2164 3911 2401 3994 signari
2447 3911 2672 3986 iussit,

311 4012 421 4078 sed
485 4014 555 4076 in
616 4011 911 4076 cornibus
972 4012 1375 4098 hemicyclii,
1446 4014 1614 4099 quod
1678 4014 1781 4078 hic
1844 4013 2160 4100 significat
2220 4017 2389 4079 intra
2444 4036 2676 4080 cornua

309 4117 696 4205 hemicyclii.
759 4117 857 4182 Ex
923 4139 1045 4202 quo
1109 4119 1377 4183 efficitur
1444 4121 1596 4184 haec
1656 4119 1792 4185 lex:
1842 4141 1968 4205 quo
2013 4120 2299 4207 longiore
2344 4121 2518 4186 radio
2565 4125 2678 4186 cir-

382 4373 434 4434 1)
485 4373 549 4421 Le
593 4371 780 4423 th6atre
826 4373 882 4422 de
929 4373 1197 4438 Polyclsto,
1243 4376 1618 4425 reconstruction
1665 4375 1849 4442 d'apres
1886 4393 1949 4426 un
1987 4377 2202 4436 modulo,
2238 4393 2327 4444 par
2361 4380 2675 4454 K.·Dumon,

311 4457 372 4504 lit
421 4455 478 4504 cl.
516 4455 662 4505 docta.
701 4457 930 4520 (ouvrage
962 4459 1274 4522 accompagn&
1308 4457 1364 4506 de
1400 4458 1520 4507 trois
1553 4459 1817 4523 planches),
1856 4461 1995 4509 1889.
