3192 5009
994 260 1079 310 na
1122 262 1273 310 mnu
1320 259 1772 311 onnuunanm.
2455 241 2578 306 111

214 426 431 493 diceret
493 448 561 492 se
614 429 814 492 etiam
858 429 1002 492 voci
1050 431 1185 492 eius
1232 430 1345 512 qui
1392 431 1459 492 iu
1505 427 1751 514 templo
1801 428 2207 493 obnuntiaret
2255 428 2589 493 obsecutu-

214 555 341 597 rum
408 555 539 598 non
608 555 745 600 esse
767 583 781 608 ,
854 533 1369 620 quandoquidem
1431 533 1774 600 confideret
1837 541 2126 620 tempora
2186 534 2586 620 prohibitura

214 661 333 704 esse
382 641 731 725 quominus
780 661 1059 726 augures
1106 645 1329 725 postea
1376 639 1708 706 decernere
1757 640 2063 706 auderent
2110 641 2461 726 quidquam
2509 639 2584 703 ab

214 767 275 810 eo
318 745 463 808 vitio
512 767 649 812 esse
695 745 977 823 factum,
1024 751 1090 810 et
1139 749 1481 831 quominus
1517 749 1656 832 ipse
1696 749 2093 812 accusatione
2131 745 2587 831 perduellionis

214 859 542 938 peteret-ur.
590 852 889 918 Vatinius
908 902 923 930 ,
973 853 1119 918 trib.
1171 852 1260 940 pl.
1312 874 1365 918 a.
1419 852 1526 931 59,
1576 857 1680 919 vir
1717 853 2064 941 singularis
2103 854 2401 920 audaciae
2423 903 2440 931 ‚
2481 855 2588 918 cui

216 961 483 1044 primum
546 959 714 1024 clam
775 959 1142 1046 instigando
1162 1009 1177 1036 ,
1228 982 1381 1024 mox
1430 964 1630 1026 etiam
1676 959 1892 1047 palam
1937 960 2252 1026 imitando
2271 1010 2288 1037 ,
2336 966 2588 1046 praesto

212 1065 321 1128 fuit
365 1063 600 1132 Caesar
643 1064 865 1131 consul
910 1065 1200 1130 eiusdem
1246 1067 1397 1130 anni
1415 1115 1431 1143 ‚
1481 1069 1668 1132 initio
1717 1067 2082 1132 tribunatus
2121 1069 2224 1131 sui
2263 1066 2592 1132 denuntia-

214 1175 293 1235 vit
352 1176 607 1238 senatui
672 1172 841 1249 „eui-r
902 1172 1235 1236 actionibus
1284 1195 1575 1254 auyurum
1622 1195 1904 1256 responsa
1953 1181 2130 1258 atque
2177 1174 2306 1238 eius
2351 1172 2590 1255 colleyii

214 1278 601 1358 arroyantiam
640 1278 1057 1361 impedimento
1097 1300 1214 1341 non
1243 1278 1526 1364 fumo-d'
1559 1276 1629 1358 1).
1678 1278 1742 1344 Is
1779 1281 1986 1367 igitur
2026 1278 2292 1345 tollebat
2316 1285 2590 1366 potesta-

216 1398 329 1448 tem
364 1406 695 1472 augurum
734 1405 859 1470 qua
895 1385 995 1449 his
1035 1384 1268 1450 licebat
1307 1391 1452 1470 post
1491 1406 1631 1450 rem
1657 1390 1869 1450 actam
1893 1405 2275 1471 cognoscere
2299 1391 2579 1450 statuere

214 1490 475 1556 iudicare
544 1491 861 1576 numquid
931 1497 1151 1555 contra
1211 1493 1495 1577 auspicia
1553 1492 1797 1556 factum
1858 1512 1994 1556 esse
2057 1491 2402 1568 videretur,
2467 1510 2592 1577 qua

218 1603 511 1682 potestate
578 1617 818 1683 magna
878 1617 956 1662 ex
1019 1603 1200 1682 parte
1264 1597 1590 1662 nitebatur
1651 1600 1752 1662 vis
1813 1618 2044 1683 cogens
2092 1597 2592 1662 obnuntiationis

220 1703 333 1778 (sed
377 1705 493 1768 cfr.
541 1703 787 1768 Mnem.
837 1703 1055 1766 XVIII
1102 1725 1164 1788 p.
1217 1701 1349 1768 423
1398 1726 1457 1767 n.
1508 1703 1606 1782 1);
1649 1703 1796 1769 inde
1836 1710 2133 1790 apertum
2172 1710 2343 1781 erat,
2384 1703 2591 1768 edicta

222 1808 361 1874 nihil
422 1809 597 1896 apud
660 1831 812 1874 eum
873 1808 1153 1874 valitura
1214 1830 1384 1887 esse,
1436 1816 1499 1874 et
1547 1810 1852 1876 adversus
1899 1831 2048 1876 eum
2100 1831 2260 1896 opus
2307 1831 2441 1875 esse
2489 1809 2594 1874 ob-

222 1917 713 1980 nuntiationibus
775 1918 845 1980 in
907 1914 1149 2001 templo
1167 1963 1184 1992 ,
1253 1920 1329 1979 ut
1388 1936 1671 2003 augures
1734 1924 1955 2002 postea
2018 1919 2157 1982 eius
2203 1916 2381 2002 leges
2429 1918 2591 1980 vitio

224 2020 392 2085 factas
440 2041 577 2087 esse
625 2019 943 2086 declarare
989 2027 1267 2106 possent.
1317 2021 1542 2107 Itaque
1589 2021 1873 2108 coHegae
1920 2021 2163 2086 Vatinii
2211 2025 2322 2108 qui
2369 2024 2429 2086 ei
2475 2025 2594 2086 im—

224 2127 567 2210 pedimento
614 2147 750 2192 esse
795 2125 1131 2205 volebant,
1174 2130 1372 2193 coacti
1412 2128 1672 2193 fuerunt
1711 2130 1966 2193 omissis
2006 2127 2230 2193 edictis
2250 2127 2592 2193 inutilibus

227 2235 499 2299 omnibus
569 2234 795 2299 diebus
867 2235 1101 2320 quibus
1162 2233 1273 2300 ille
1339 2233 1516 2322 leges
1582 2235 1824 2300 ferebat
1890 2234 1966 2300 de
2013 2234 2184 2300 caelo
2233 2255 2484 2300 servare
2529 2240 2596 2300 et

228 2344 497 2407 nuntiare
524 2339 598 2422 ἰ).
661 2340 949 2406 Eandem
1012 2342 1090 2406 ob
1154 2361 1413 2406 causam
1432 2390 1447 2419 ,
1501 2363 1652 2406 cum
1701 2361 1920 2406 mense
1969 2340 2312 2406 Februario
2363 2338 2595 2408 Caesar

230 2446 421 2512 consul
465 2447 681 2534 legem
726 2450 1048 2534 agrariam
1096 2446 1290 2512 ferret
1308 2497 1325 2525 ‚
1376 2447 1648 2512 Bibulus
1697 2450 1836 2514 eius
1883 2447 2131 2536 collega
2177 2454 2434 2514 coactus
2473 2454 2589 2525 est,

231 2558 289 2614 ut
348 2575 537 2640 supra
599 2554 768 2631 dixi,
835 2554 985 2618 huic
1048 2557 1116 2618 in
1161 2553 1403 2640 templo
1453 2555 1830 2619 obnuntiare
1878 2575 2029 2619 cum
2071 2554 2336 2620 inutilia
2382 2560 2593 2620 essent

230 2657 409 2724 edicta
436 2660 486 2741 ³)
503 2679 520 2737 ;
590 2679 983 2746 quamquam
1042 2663 1099 2724 is
1163 2681 1313 2725 mox
1332 2709 1347 2738 ,
1414 2681 1564 2724 cum
1628 2665 1961 2746 appareret
2006 2664 2143 2725 vim
2192 2665 2253 2727 ei
2299 2663 2508 2747 parari
2555 2680 2592 2724 a

234 2761 459 2830 Vatinio
504 2768 562 2830 si
604 2768 675 2830 in
720 2765 1054 2852 publicum
1101 2766 1382 2852 prodiret
1400 2815 1417 2844 ,
1457 2788 1678 2831 rursus
1718 2767 1922 2832 redire
1963 2767 2185 2832 debuit
2224 2768 2302 2832 ad
2341 2789 2591 2834 morem

232 2874 544 2958 antiquum
610 2895 725 2959 per
784 2873 991 2938 edicta
1058 2872 1475 2938 obnuntiandi
1494 2921 1511 2951 ‚
1579 2893 1973 2959 quamquam
2020 2875 2260 2939 sciebat
2306 2874 2511 2940 edicta
2558 2895 2595 2938 a

236 2973 472 3044 Caesare
538 2981 751 3066 sperni
776 2984 850 3058 ⁴¹).
922 2977 1104 3044 Hanc
1166 2979 1497 3044 audaciam
1562 2977 1850 3045 Caesaris
1910 2987 1975 3044 et
2021 2979 2296 3058 Vatinii,
2347 3001 2474 3066 qua
2523 2981 2594 3044 hi

290 3239 335 3302 1)
378 3239 474 3288 Cic.
512 3241 631 3290 Vat.
667 3241 709 3289 6.
734 3242 815 3291 14.
858 3265 923 3277 —
968 3239 1027 3304 2)
1066 3239 1175 3288 Vat.
1213 3237 1257 3290 7.
1280 3239 1365 3289 16:
1420 3237 1671 3303 »Collegae
1705 3237 1914 3288 habuisti
1951 3238 2078 3288 viros
2113 3239 2263 3289 fortes
2295 3255 2482 3290 novem.
2529 3239 2594 3290 Ex

238 3318 289 3368 nis
325 3331 421 3370 tres
462 3327 624 3381 erant,
669 3338 789 3386 quos
832 3327 887 3371 tu
919 3322 1135 3386 quotidie
1170 3320 1349 3371 sciebas
1386 3337 1575 3370 servare
1613 3323 1671 3371 de
1703 3321 1861 3381 eaelo,
1898 3337 2017 3386 quos
2051 3321 2308 3382 irridebas,
2343 3338 2462 3388 quos
2497 3323 2597 3388 pri-

238 3407 345 3452 nto·
374 3421 473 3453 ease
505 3403 740 3454 dieebaa”.
788 3432 853 3442 —
900 3405 955 3464 3)
990 3406 1121 3454 Suet.
1159 3405 1288 3453 Caes.
1324 3405 1418 3454 202
1463 3403 1594 3468 alege
1627 3405 1787 3453 autem
1825 3405 2014 3467 agraria
2050 3405 2380 3469 promulgata,
2415 3405 2595 3455 obnun-

236 3483 411 3536 tiantem
440 3486 666 3552 collegam
704 3487 851 3536 armis
886 3487 991 3536 foro
1024 3485 1257 3552 expulit”.
1312 3512 1379 3523 —
1430 3487 1487 3551 4)
1526 3487 1725 3535 Constat
1765 3484 1989 3535 Bibulum
2024 3490 2133 3552 post
2166 3486 2319 3552 legem
2352 3487 2591 3548 agrariam

238 3573 449 3634 acceptam
498 3585 590 3619 non
643 3569 850 3634 amplius
899 3570 949 3618 in
1001 3570 1161 3619 forum
1207 3569 1497 3618 descendisse
1543 3573 1599 3618 ut
1643 3568 1952 3618 obnuntiaret
1984 3568 2192 3634 collegae
2226 3570 2352 3634 leges
2386 3569 2595 3634 reliquas

238 3647 409 3708 temti,
460 3651 555 3700 Cie.
606 3654 707 3701 Att.
752 3653 801 3703 2.
826 3651 901 3700 16.
922 3652 970 3709 2,
1004 3653 1135 3702 Suet.
1176 3651 1307 3700 Caes.
1345 3651 1425 3710 20,
1465 3667 1569 3715 pag.
1610 3652 1706 3701 106
1741 3651 1848 3700 adn.
1886 3650 1932 3700 2.
1972 3650 2175 3700 Bibulus
2209 3657 2372 3716 postea
2403 3653 2596 3701 demum

238 3745 271 3778 a.
299 3735 374 3791 58,
409 3749 438 3780 a
468 3733 635 3782 Clodio
667 3733 783 3783 trib.
818 3733 881 3799 pl.
921 3733 1005 3797 qui
1038 3743 1142 3783 tum
1177 3749 1285 3784 cum
1323 3733 1553 3799 Pompeio
1587 3738 1638 3782 et
1673 3734 1873 3782 Caesare
1910 3733 1960 3782 in
1997 3733 2336 3784 dissensionem
2373 3737 2595 3794 venerat,

238 3812 275 3862 ia
309 3816 524 3865 contione
566 3815 893 3880 interrogatus
946 3831 1092 3865 ‚num
1128 3817 1181 3864 G.
1222 3817 1425 3866 Caesare
1458 3816 1584 3880 leges
1623 3815 1805 3865 ferente
1840 3816 1898 3864 de
1930 3814 2062 3864 caelo
2092 3831 2279 3880 semper
2311 3814 2595 3876 servasset”,

238 3895 307 3945 boe
342 3913 391 3946 ae
422 3897 579 3947 fecisse
614 3898 896 3956 affirmavit,
933 3898 1031 3946 Cic.
1068 3899 1172 3946 har.
1209 3914 1329 3963 resp.
1366 3899 1445 3948 23.
1471 3900 1555 3956 48,
1591 3898 1718 3948 dom.
1759 3899 1836 3947 15.
1863 3898 1957 3956 403
1992 3897 2071 3946 sed
2107 3897 2155 3946 id
2190 3898 2348 3962 ipsum
2383 3898 2596 3948 ostendit

239 3993 327 4028 eum
374 3995 466 4029 non
516 3997 681 4030 revera
725 3985 1022 4046 praesentem
1065 3979 1417 4029 obnuntiavisse
1465 3979 1670 4029 Caesari.
1727 3981 1920 4045 ltaque,
1965 3995 2073 4029 cum
2110 3979 2291 4029 fulmen
2325 3980 2596 4045 quaesitum

238 4061 343 4110 nibil
387 4063 537 4111 valeat
578 4063 617 4112 si
659 4078 687 4111 a
721 4067 969 4129 praesente
1001 4063 1279 4112 nuntiatum
1314 4078 1409 4112 non
1445 4062 1510 4112 sit
1545 4067 1674 4128 (pag.
1714 4063 1778 4110 83
1816 4063 1921 4111 adn.
1971 4062 2030 4123 1),
2066 4065 2264 4126 apparet
2297 4061 2347 4111 id
2381 4063 2508 4127 quod
2543 4062 2596 4112 in

240 4143 383 4194 adem
422 4146 636 4195 contione
680 4161 883 4210 augures
916 4162 943 4194 a
980 4145 1153 4196 Clodio
1186 4146 1407 4211 producti
1444 4145 1792 4212 responderunt
1834 4159 1982 4208 „quae
2017 4143 2086 4193 ita
2123 4144 2220 4193 lata
2254 4149 2441 4205 cuent,
2473 4145 2596 4194 vitio

240 4241 321 4276 esse
353 4227 493 4284 lata”²
525 4229 679 4278 solam
713 4245 807 4278 non
842 4228 1077 4278 suffecisse
1112 4227 1181 4276 eis
1209 4229 1297 4293 qui
1334 4227 1459 4292 leges
1496 4228 1648 4278 Iulias
1682 4227 1792 4276 tolli
1826 4230 2081 4292 cuperent,
2113 4226 2203 4276 nisi
2234 4227 2377 4276 etiam
2411 4231 2597 4276 consta-

241 4315 301 4357 ret
332 4310 731 4361 obnuntiationem
774 4310 931 4360 uibuli
965 4326 1064 4360 ease
1101 4311 1148 4358 vi
1184 4310 1478 4376 prohibitam
1507 4315 1592 4360 aut
1622 4309 1731 4359 dolo
1765 4310 1958 4359 elusam.
1995 4309 2162 4359 Cicero
2189 4311 2406 4360 consulto
2423 4325 2596 4376 parum

242 4397 437 4442 tenuate
468 4395 672 4444 reddidit
704 4394 831 4458 quod
862 4393 1088 4443 dixerunt
1120 4408 1337 4458 augures.
1374 4421 1440 4431 —
1475 4393 1694 4442 Fortasse
1730 4391 1840 4441 licet
1873 4391 1968 4441 huc
2001 4392 2180 4442 referre
2212 4393 2339 4458 quod
2375 4393 2468 4443 Dio
2497 4397 2598 4442 tra-

2757 236 2762 251 ι

2749 264 2760 293 Ι
