3192 5009
598 332 728 399 190
1454 346 2098 395 onsnnvumuounn

688 513 931 583 Crediti
989 516 1216 600 petitio
1274 534 1401 577 non
1462 518 1559 577 est
1603 512 1934 578 condictio.
1980 511 2203 596 Neque
2249 512 2424 576 enim
2465 508 2732 575 indebiti
2781 507 2997 576 soluti

591 622 902 688 condictio
962 620 1099 687 sola
1144 622 1504 705 opponitur,
1553 618 1664 683 sed
1714 620 1942 682 omnis.
2007 615 2211 682 Verba
2257 616 2445 680 vetuti
2491 614 2749 679 indebiti
2794 616 2993 679 soluti

590 727 1061 795 demonstrandi
1104 747 1296 792 causa
1339 725 1751 803 adiiciuntur,
1800 722 2009 811 qualis
2057 723 2371 789 condictio
2417 725 2688 809 cog-itari
2733 725 2954 807 possit
2973 771 2991 799 ,

588 834 726 900 ulla
771 837 827 899 si
870 832 1073 899 danda
1118 835 1222 897 sit.

1636 1052 1946 1059 *-

1663 1223 1908 1289 XXIII.

1440 1410 1587 1469 Qun)
1635 1408 1734 1458 sn·
1780 1408 2132 1457 conmemo.

676 1578 930 1664 Duplex
993 1576 1411 1642 condictionis
1472 1576 1759 1642 definitio
1821 1576 2097 1641 occurrit
2155 1574 2326 1661 apud
2387 1572 2647 1641 Gaium.
2711 1573 2977 1640 Latiore

583 1707 772 1751 sensu
833 1683 1143 1749 condictio
1209 1683 1444 1747 dicitur
1502 1685 1709 1748 omnis
1770 1685 1841 1747 in
1903 1701 2235 1767 personam
2284 1684 2448 1747 actio
2467 1728 2485 1758 ,
2535 1701 2660 1766 qua
2704 1679 2978 1747 intendi·

584 1813 731 1857 mus
779 1789 1223 1875 darifieri
1270 1796 1672 1871 oportere,
1715 1789 2031 1853 strictiore
2070 1807 2144 1852 ea
2185 1789 2384 1864 actio,
2428 1786 2974 1872 quaintendimus

584 1897 769 1961 dari
830 1895 1052 1959 nobie
1111 1901 1500 1976 oportere.
1572 1893 1858 1981 Utraque
1923 1893 2207 1959 definitio
2267 1892 2438 1979 apud
2485 1890 2726 1959 Gaium
2773 1914 2970 1959 suum

582 2004 798 2069 locum
859 2002 1052 2066 habet
1112 1999 1224 2078 (IV
1273 1998 1397 2085 §5,
1447 2008 1512 2066 et
1556 2000 1734 2084 518)
1752 2021 1770 2076 ;
1841 2000 2008 2085 apud
2071 1999 2506 2065 Iustinianum
2568 2001 2629 2084 (ᾖ
2659 1998 2743 2063 15
2810 1999 2969 2063 Inst.

580 2108 689 2173 IV.
742 2107 810 2188 6)
868 2109 961 2171 ita
1021 2108 1451 2192 coniungitur,
1515 2109 1698 2191 quasi
1745 2106 1910 2173 nihil
1954 2108 2246 2183 intersit,
2297 2105 2464 2172 unde
2508 2108 2721 2192 magis
2768 2108 2968 2171 etiam

591 2213 1012 2298 discrepantia
1056 2210 1244 2276 obvia
1290 2210 1397 2275 fit:

949 2317 1339 2399 Appellamus
1404 2364 1597 2382 .....
1657 2318 1730 2381 in
1779 2340 2101 2400 personam
2150 2365 2349 2385 .....
2397 2317 2658 2382 actiones
2675 2366 2694 2396 ,
2759 2318 2971 2403 quibus

857 2425 1050 2487 dare
1091 2423 1156 2508 f
1165 2444 1392 2486 acere
1445 2430 1715 2505 oportere
1759 2424 2117 2501 intenditur,
2165 2424 2563 2489 condictiones
2609 2470 2806 2488 .....
2854 2424 2970 2486 Dr»

854 2528 1037 2592 cimus
1096 2528 1518 2592 condictionem
1581 2529 1869 2594 actionem
1932 2532 1998 2594 in
2053 2553 2370 2612 personam
2432 2553 2587 2609 esee,
2635 2553 2755 2616 qua
2801 2539 2968 2594 actor

855 2634 1117 2698 intendit
1162 2634 1349 2697 dari
1392 2635 1509 2698 sihi
1556 2642 1826 2718 oportere
1876 2684 2071 2700 .....

602 2750 605 2755 ’
672 2741 745 2805 In
789 2739 1075 2827 Digestis
1111 2741 1492 2805 nominatim
1531 2762 1655 2805 non
1694 2746 1903 2806 exstat
1941 2743 2065 2805 nisi
2101 2740 2292 2807 latior
2331 2741 2634 2806 definitio.
2685 2740 2965 2826 Sumpta

580 2855 678 2913 est
726 2867 805 2911 ex
850 2844 1127 2930 Ulpiano
1178 2845 1277 2910 his
1326 2846 1535 2911 verbis
1583 2845 1652 2924 (l.
1708 2845 1794 2911 25
1843 2868 1939 2932 pr.
1986 2845 2066 2912 D.
2116 2845 2224 2912 44.
2256 2844 2341 2927 ¹7).

858 2999 1056 3016 .....
1119 2952 1186 3015 in
1234 2974 1553 3033 personam
1617 2953 1824 3032 (actio)
1890 2953 2181 3017 condictio
2239 2953 2589 3036 appellatur
2634 3001 2649 3017 .
2681 3001 2694 3017 .
2728 3000 2743 3016 .
2772 3001 2788 3017 .
2819 3002 2834 3017 .
2883 2954 2964 3016 In

840 3079 1159 3140 personam
1222 3057 1378 3121 actio
1440 3065 1527 3121 eet
1545 3107 1561 3136 ,
1628 3081 1745 3143 qua
1803 3071 1936 3122 ‘cum
1996 3082 2059 3123 eo
2107 3059 2336 3140 aqimus
2382 3059 2486 3144 qui
2533 3059 2831 3140 obbiqatue
2876 3068 2964 3122 est

849 3162 1017 3227 nobie
1061 3164 1145 3226 ad
1169 3164 1538 3249 faciendum
1583 3164 1826 3250 aliquid
1857 3165 1966 3229 vel
2008 3167 2302 3242 dandum,
2356 3211 2551 3230 .....

665 3269 883 3334 Tacite
930 3269 1187 3334 subesse
1226 3272 1611 3334 strictiorem
1629 3319 1645 3347 ‚
1688 3278 1908 3356 postea
1946 3271 2306 3337 videbimus
2325 3320 2342 3349 ,
2382 3292 2578 3357 quam
2617 3271 2692 3337 de
2730 3270 2962 3336 latiore

580 3396 768 3441 sensu
813 3374 1206 3440 condictione
1254 3378 1600 3461 egerimus.

669 3480 1066 3560 Quaestionis
1132 3485 1229 3545 est
1246 3529 1263 3557 ‚
1312 3486 1537 3546 utrum
1581 3479 1808 3547 latiore
1856 3503 2044 3548 sensu
2091 3483 2400 3547 condictio
2448 3504 2668 3548 omnes
2709 3485 2779 3547 in
2826 3505 2962 3569 per-

575 3607 796 3651 sonam
854 3588 1128 3651 actiones
1176 3586 1685 3672 comprehendat.
1742 3587 1994 3653 Etenim
2040 3588 2295 3654 excludi
2341 3588 2641 3654 videntur
2683 3589 2922 3655 iudicia
2941 3640 2957 3667 ,

573 3696 639 3757 in
702 3693 933 3778 quibus
981 3691 1239 3756 additur
1289 3713 1366 3757 ex
1416 3692 1537 3758 fide
1586 3694 1783 3759 bona..
1820 3693 2270 3760 Excluduntur
2315 3694 2544 3759 saltem
2592 3717 2707 3781 pro
2753 3700 2921 3762 socio
2940 3746 2957 3773 ,

574 3800 875 3877 fiduciae,
942 3798 1216 3876 tutelae,
1280 3799 1606 3877 mandati,
1656 3799 1926 3885 depositi
1973 3803 2250 3866 actiones
2295 3801 2397 3865 his
2442 3801 2654 3866 verbis
2699 3800 2959 3887 Ulpiani

574 3905 642 3987 (l.
697 3906 782 3971 36
832 3905 910 3972 D.
964 3905 1070 3970 44.
1100 3903 1202 3985 7):

843 4018 1030 4075 cessat
1070 4009 1402 4090 iqnominia
1448 4010 1516 4074 in
1564 4012 2068 4090 condictionibus,
2117 4012 2385 4098 quamvis
2424 4036 2496 4076 eac
2516 4014 2788 4099 famosis
2823 4038 2958 4080 caue

844 4118 928 4182 cie
963 4118 1293 4199 pendeant.

659 4224 801 4291 Non
846 4223 1158 4288 infamant
1204 4221 1661 4300 condictiones;
1715 4230 1780 4288 at
1828 4227 2118 4312 irrogant
2165 4226 2498 4291 infamiam
2545 4228 2827 4312 quinque
2865 4230 2958 4291 iu

571 4332 737 4398 dicia
781 4351 971 4415 supra
1020 4330 1252 4413 scripta
1298 4325 1467 4405 (Gai.
1517 4326 1603 4391 IV
1651 4328 1870 4412 5182)
1890 4351 1905 4407 ;
1971 4330 2127 4396 haec
2172 4334 2380 4417 igitur
2425 4352 2550 4396 non
2592 4339 2743 4396 sunt
2786 4336 2954 4397 inter

570 4438 990 4506 condictiones
1015 4433 1357 4500 referenda.
1385 4432 1673 4519 Depositi
1701 4456 1918 4500 rursus
1945 4436 2306 4501 excluditur
2343 4436 2387 4503 l.
2412 4436 2494 4501 13
2523 4438 2558 4521 ᾗ
2581 4436 2614 4500 1
2642 4436 2720 4501 D.
2747 4437 2852 4503 16.
2875 4438 2949 4505 3:
