3192 5009
507 290 639 358 448
1464 313 1546 360 An
1593 255 1918 362 mammos.

501 473 669 539 Nam
736 496 939 560 neque
1007 478 1143 561 ipsa
1213 477 1364 543 haec
1426 479 1621 544 verba
1678 500 1792 544 nec
1857 485 2031 545 totus
2094 479 2221 546 loci
2268 486 2607 546 contextus
2654 482 2865 548 favent

501 579 880 646 Weckleinii
923 584 1431 668 interpretationi
1447 632 1464 660 ,
1513 604 1710 669 quam
1753 584 1931 672 leg-ae
1974 585 2143 672 apud
2191 589 2426 672 ipsum.

586 799 691 866 Ve.
743 797 892 865 565.
942 799 1149 866 Hodie
1195 823 1324 866 non
1364 805 1573 889 mag-ie
1614 823 1804 889 quam
1846 803 2004 870 olim
2044 803 2442 884 adulescens,
2486 828 2634 873 cum
2677 807 2869 872 ἐποικ-

497 905 682 987 τίζειν
741 909 1123 984 conicerem‚
1185 907 1489 996 intellego
1552 909 1707 994 quid
1754 909 1876 974 eibi
1922 909 2028 976 hic
2076 909 2235 978 velit
2285 912 2643 995 ἐπεικάζειν,
2694 912 2865 998 quod

499 1033 716 1079 omnes
761 1018 986 1099 aptum
1029 1012 1308 1079 iudicare
1358 1015 1677 1080 videntur.

584 1233 689 1298 Vs.
741 1230 870 1299 637
950 1234 1016 1297 τὸ
1067 1232 1118 1297 3·
1169 1232 1337 1312 ἄγχι
1390 1234 1741 1311 πλευμόνων
1790 1232 1971 1312 ξίφος

946 1339 1268 1404 διανταίαν
1315 1338 1641 1417 ὀξυπευκὲς
1692 1342 1843 1424 οὐτᾷ

948 1445 1070 1511 διαὶ
1121 1447 1357 1523 Δίκας,
1409 1449 1491 1511 τὸ
1539 1447 1644 1524 μὴ
1693 1449 1961 1526 θέμις,

940 1548 1070 1628 λάξ
1114 1550 1280 1616 πέδοι
1326 1551 1724 1628 πατουμένας

941 1658 1008 1722 τὸ
1054 1661 1180 1723 πᾶν
1233 1657 1375 1729 Διὸς

937 1763 1134 1842 σέβας
1183 1763 1627 1846 παρεκβάντας
1671 1767 1735 1831 οὗ
1783 1769 2101 1842 θεμιστῶς.
2188 1765 2193 1770 ’

486 1871 910 1938 Vehementer
968 1871 1161 1958 friget
1221 1870 1609 1958 languetque
1671 1872 1960 1940 additum
2023 1875 2093 1937 τὸ
2138 1877 2225 1947 μὴ
2275 1875 2443 1948 θέμις
2466 1924 2483 1952 ,
2533 1875 2704 1960 quod
2748 1897 2859 1963 ge-

486 1981 757 2043 nuinum
816 1999 943 2043 non
1005 1998 1139 2042 esee
1203 1976 1478 2043 videtur.
1545 1976 1711 2056 Quid
1756 2000 1870 2063 pro
1919 2000 1993 2044 eo
2040 1978 2196 2044 olim
2239 1979 2481 2046 lectum
2524 1981 2719 2046 fuerit
2764 1985 2858 2046 in-

490 2090 755 2150 certum.
805 2083 1018 2149 Possis
1065 2105 1126 2148 v.
1172 2104 1223 2147 c.
1274 2085 1551 2148 conicere

935 2189 1058 2253 διἀι
1108 2187 1305 2259 Δίκας
1357 2192 1916 2269 (μεγασθενής),

483 2303 558 2361 ut
605 2293 778 2382 Sept.
832 2291 936 2360 70.
965 2290 1114 2361 977.
1144 2291 1274 2358 989
1321 2293 1557 2381 Erinys
1602 2302 1866 2361 vocatur
1910 2297 2319 2371 μεγασθενής.

573 2513 678 2580 Vs.
720 2511 854 2580 870
900 2516 1491 2588 ἀποσταθῶμεν
1539 2513 1917 2592 πράγματος
1965 2517 2350 2594 τελουμένου,
2401 2517 2529 2581 κτὲ.

481 2621 806 2687 Sententia
866 2619 1146 2706 postulat
1213 2622 1465 2702 „procul
1503 2629 1719 2685 stemus
1762 2623 1919 2688 dum
1964 2623 2207 2687 facinus
2249 2624 2687 2709 perpetratur’'
2736 2645 2852 2689 nec

479 2730 599 2792 fert
618 2776 634 2804 ,
684 2727 850 2813 quod
893 2748 1059 2791 nunc
1096 2724 1339 2812 legitur
1379 2729 1632 2808 „procul
1670 2729 1938 2792 abeamus
1974 2729 2190 2795 cett.’'.
2239 2728 2461 2815 Itaque
2499 2728 2845 2815 legendum

480 2834 1100 2910 dvocroevffiasm

569 3052 675 3119 Vs·
720 3050 890 3117 1016
931 3050 1090 3123 οὔτις
1140 3053 1414 3134 μερόπων
1463 3053 1700 3127 ἀσινῆ
1750 3053 1956 3129 βίοτον

930 3158 1029 3224 διὰ
1078 3159 1305 3230 παντὸς
1353 3157 1647 3235 ἄτιμος
1698 3161 1976 3239 ἀμείψει.

477 3266 602 3331 Pro
646 3266 820 3338 εἰσινῆ
870 3264 1025 3331 olim
1069 3264 1290 3342 Exere.
1339 3263 1496 3332 Crit.
1552 3264 1680 3329 104
1729 3269 1970 3331 correxi
2017 3267 2264 3344 οὶσινής,
2313 3265 2480 3351 quod
2526 3284 2727 3350 nuper
2770 3271 2849 3329 ut

477 3394 670 3437 euum
707 3373 1007 3456 repetivit
1043 3369 1479 3449 Stadtmiiller,
1520 3374 1631 3455 qui
1669 3393 1782 3458 pro
1820 3370 2040 3448 ἄτιμος
2083 3374 2413 3457 proposuit
2458 3372 2565 3434 αἰπ
2585 3371 2618 3443 »ἱ
2637 3394 2686 3445 μ
2704 3391 2731 3432 ο
2752 3369 2843 3446 ν’;

475 3479 640 3544 mihi
685 3476 969 3563 placebat
1015 3480 1338 3555 ἀτηρὸν,
1386 3475 1777 3542 Weckleinio
1825 3481 1936 3563 qui
1985 3479 2158 3552 ἀσινῆ
2200 3480 2465 3554 retinet,
2513 3475 2721 3540 ἄνατ
2744 3500 2843 3540 ον.

479 3584 724 3650 Utrivie
792 3585 930 3649 viro
1008 3583 1192 3649 docto
1259 3585 1764 3669 obtemperantes
1827 3584 2133 3649 habemus
2195 3589 2449 3669 poetam
2508 3582 2607 3647 bis
2668 3581 2844 3647 idem

478 3693 794 3757 dicentem
809 3712 826 3770 3
891 3712 995 3756 me
1057 3694 1112 3755 ei
1176 3691 1357 3755 audis
1376 3739 1392 3768 ,
1442 3690 1606 3754 dixit
1654 3693 2018 3767 „neminem
2066 3689 2443 3756 mortalium
2486 3691 2693 3753 vitam
2740 3692 2847 3766 (ut

476 3805 648 3884 pote)
696 3797 952 3884 plenam
999 3796 1467 3862 calamitatibus
1510 3795 1809 3862 illaesum
1855 3800 2278 3862 transiturum
2324 3795 2521 3862 esee.'’

1384 3950 1917 4032 (Continuam).

1283 4410 1526 4478 υΝιν.
1585 4416 1695 4479 οετ
1758 4423 2227 4519 :tanei-nom.

1456 4614 1463 4620 ’
1499 4615 1671 4695 ΑΡΗ
1720 4625 1837 4701 10
1874 4631 2051 4713 1912
