3192 5009
515 335 644 400 344
1089 425 1094 428 Ι
1317 353 1403 400 nn
1453 352 1723 400 'murus
1766 351 2067 400 nomme.

512 541 726 585 rerum
782 524 845 583 et
888 517 1176 584 locorum
1223 517 1735 604 proprietatibus,
1767 522 2064 602 agentes,
2117 517 2342 582 docent
2388 521 2636 581 certum
2681 536 2883 602 genus

509 626 704 690 fuisse
770 624 1088 701 locorum,
1160 624 1327 709 quod
1390 644 1426 689 a
1487 626 1711 688 cet-eris
1772 622 2299 709 distinguendum
2358 628 2521 688 esset
2582 621 2885 688 vocabulo

513 731 873 809 ‚,sanctus’',
923 751 1313 815 quamquam
1359 751 1517 815 quae
1564 730 1758 794 fuerit
1801 731 1939 794 eius
1978 728 2355 815 significatio
2395 727 2685 814 specialis
2703 776 2718 804 ‚
2758 729 2884 813 ipsi

506 839 816 903 nesciunt.

601 943 769 1008 Fest.
833 962 979 1028 pag.
1028 940 1195 1007 278:
1249 944 1457 1018 „inter
1507 961 1761 1005 sacrum
1808 946 2025 1005 autem
2072 945 2137 1006 et
2181 946 2475 1006 sanctum
2520 946 2587 1005 et
2634 939 2889 1026 religio-

509 1071 656 1114 sum
704 1048 1080 1112 differentias
1128 1045 1474 1112 bellissime
1521 1047 1713 1110 refert
1762 1045 2005 1124 (Aelius
2054 1043 2341 1127 Gallus);
2394 1067 2647 1110 sacrum
2664 1095 2680 1123 ,
2720 1045 2889 1110 aedi-

507 1155 727 1220 ficium
773 1161 1209 1219 consecratum
1254 1153 1396 1229 de0;
1449 1158 1741 1217 sanctum
1761 1200 1776 1228 ,
1826 1173 2089 1216 murum
2136 1155 2247 1236 qui
2294 1155 2380 1216 sit
2424 1155 2668 1218 circum
2711 1154 2889 1238 oppi-

508 1260 664 1325 dum
681 1280 696 1336 ;
746 1259 1121 1345 religiosum
1141 1307 1155 1334 ,
1205 1257 1572 1344 sepulcrum
1618 1257 1729 1322 ubi
1768 1263 2065 1322 mortuus
2102 1256 2391 1342 sepultus
2430 1265 2545 1322 aut
2578 1258 2889 1322 humatus

508 1369 625 1441 sit,
677 1368 830 1430 satis
876 1372 1158 1430 constare
1205 1363 1362 1429 ait''.

599 1469 734 1538 Gai.
770 1469 922 1555 Dig.
968 1469 1026 1534 1.
1055 1469 1118 1534 8.
1153 1469 1184 1532 l
1230 1491 1322 1554 pr.
1363 1468 1599 1547 (Instit.
1643 1468 1705 1533 2.
1750 1467 1852 1546 8):
1898 1468 2144 1545 „divini
2173 1471 2333 1533 iuris
2374 1475 2527 1534 sunt
2549 1489 2649 1534 res
2672 1489 2889 1534 sacrae

508 1583 573 1643 et
633 1576 1003 1663 religiosae;
1069 1581 1318 1640 sanctae
1373 1597 1621 1660 quoque
1667 1595 1799 1651 res,
1848 1574 2053 1640 veluti
2102 1577 2274 1649 muri
2322 1580 2387 1639 et
2434 1580 2650 1660 portae
2670 1623 2686 1652 ,
2736 1595 2893 1660 quo-

599 1788 851 1873 Ulpian.
915 1787 1066 1873 Dig.
1122 1787 1180 1850 1.
1210 1786 1272 1853 8.
1304 1785 1363 1852 9.
1395 1787 1469 1850 3:
1524 1789 1810 1868 „proprie
1854 1787 2127 1852 dicimus
2176 1792 2424 1863 sancta,
2476 1807 2637 1872 quae
2684 1808 2895 1871 neque

509 1914 684 1960 sacra
729 1914 931 1977 neque
979 1893 1240 1977 profana
1286 1898 1433 1957 sunt
1451 1942 1468 1968 ,
1519 1892 1629 1957 sed
1676 1895 1995 1957 sanctione
2042 1892 2317 1978 quadam
2363 1892 2797 1958 confirmata”.

599 1999 826 2064 lustin.
875 1997 1085 2063 Instit.
1137 1999 1198 2062 2.
1233 1999 1289 2062 1.
1319 1996 1391 2062 7:
1449 1997 1736 2075 „nullius
1786 2007 2005 2064 autem
2050 2006 2202 2063 sunt
2247 2020 2346 2064 res
2395 2019 2605 2064 sacrae
2644 2004 2708 2063 et
2746 1997 2901 2062 reli-

506 2109 722 2193 giosae
785 2111 849 2169 et
909 2113 1190 2182 sanctae;
1258 2105 1423 2189 quod
1483 2109 1658 2170 enim
1723 2105 1926 2169 divini
1986 2107 2145 2170 iuris
2208 2110 2337 2180 est,
2402 2105 2469 2170 id
2531 2103 2775 2170 nullius
2821 2107 2897 2167 in

511 2212 693 2277 bonis
742 2210 903 2274 est”.

598 2314 939 2401 Duplicem
987 2316 1178 2380 huius
1224 2314 1517 2380 vocabuli
1562 2315 1757 2380 fuisse
1805 2314 2335 2401 significationem
2355 2364 2370 2391 ‚
2418 2314 2787 2401 generalem
2826 2321 2901 2380 et

510 2420 849 2506 specialem
870 2470 884 2497 ,
948 2424 1244 2506 inprimis
1292 2421 1454 2486 clare
1505 2421 1775 2486 affirmat
1824 2419 2159 2486 Trebatius
2208 2422 2375 2506 apud
2421 2421 2700 2486 Macrob.
2750 2419 2895 2486 Sat.

511 2527 571 2592 3.
601 2526 662 2592 3.
691 2527 759 2590 5:
815 2533 1146 2602 „sanctum
1191 2534 1287 2591 est
1333 2526 1632 2590 interdum
1674 2527 1847 2592 idem
1887 2527 2053 2612 quod
2092 2547 2345 2591 sacrum
2379 2527 2678 2612 idemque
2716 2527 2899 2612 quod

508 2632 882 2718 religiosum
905 2683 918 2708 ,
961 2632 1260 2694 interdum
1299 2630 1506 2708 aliud,
1555 2633 1674 2697 hoc
1715 2638 1810 2696 est
1852 2652 1965 2696 nec
2006 2652 2254 2696 sacrum
2293 2654 2407 2698 nec
2446 2631 2893 2720 religiosum'’.

601 2737 862 2804 Constat
908 2739 1114 2824 igitur
1135 2785 1150 2813 ‚
1202 2742 1450 2801 certum
1497 2737 1813 2822 quoddam
1861 2737 2056 2802 fuisse
2102 2737 2387 2802 locorum
2434 2758 2639 2825 genus
2657 2787 2674 2815 ‚
2716 2739 2898 2823 quod

509 2849 806 2924 τεχνικῶς
869 2848 1156 2907 sanctum
1223 2842 1556 2907 diceretur.
1602 2842 1815 2908 Huius
1863 2845 2114 2929 generis
2160 2865 2309 2908 cum
2357 2843 2633 2929 exempli
2678 2847 2901 2930 gratia

507 2953 827 3037 specimen
887 2949 1102 3014 afferre
1167 2947 1410 3013 vellent
1460 2951 1586 3012 viri
1636 2949 1834 3025 docti,
1884 2949 2049 3014 nihil
2094 2949 2266 3014 aliud
2312 2950 2672 3016 habuerunt
2718 2950 2897 3035 quod

509 3055 798 3121 afferrent
852 3075 1044 3139 quam
1091 3075 1311 3119 muros
1360 3061 1423 3118 et
1463 3060 1678 3138 portas
1706 3053 1754 3134 1)
1774 3075 1792 3131 ;
1841 3056 1955 3119 hos
2004 3057 2200 3120 etiam
2247 3058 2315 3118 in
2357 3075 2643 3122 sermone
2692 3077 2901 3120 sacer-

509 3160 703 3226 dotali
765 3167 1010 3225 sanctos
1074 3160 1268 3224 fuisse
1333 3160 1648 3224 affirmant
1712 3181 1861 3224 cum
1927 3158 2145 3228 Cicero
2209 3167 2350 3225 tum
2416 3161 2527 3226 alii
2552 3160 2625 3242 ²).
2688 3163 2899 3246 Atqui

507 3289 658 3332 cum
702 3265 877 3332 locus
916 3269 979 3329 in
1021 3287 1144 3350 quo
1187 3266 1500 3330 aedificati
1547 3271 1723 3330 erant
1763 3270 1937 3330 muri
1976 3266 2171 3331 fuerit
2210 3269 2638 3353 inauguratus
2674 3273 2739 3332 et
2778 3289 2901 3352 per

507 3375 1066 3458 inaugurationem
1110 3373 1315 3436 factus
1357 3374 1442 3436 sit
1483 3372 1801 3457 templum
1842 3378 2137 3438 terrestre
2160 3421 2175 3450 ‚
2217 3381 2291 3437 ut
2323 3373 2486 3438 infra
2510 3375 2544 3458 ᾖ
2572 3373 2611 3438 6
2636 3373 2901 3438 demon-

509 3478 752 3554 strab0,
819 3485 1080 3563 apparet
1141 3477 1510 3562 exemplum
1574 3477 1735 3542 illud
1794 3500 1917 3562 quo
1966 3500 2184 3544 omnes
2220 3481 2356 3542 ‘viri
2402 3479 2574 3544 docti
2618 3485 2901 3544 utuntur

511 3589 844 3669 sumptum
931 3604 1065 3647 esse
1151 3605 1228 3648 ex
1315 3582 1574 3668 templis
1591 3605 1607 3660 ;
1696 3584 1813 3648 hoc
1902 3587 2159 3670 egregie
2249 3583 2516 3669 quadrat
2602 3605 2751 3649 cum
2821 3605 2898 3650 eo

511 3689 675 3776 quod
737 3692 970 3766 statui,
1037 3688 1178 3754 loca
1243 3694 1457 3754 sancta
1517 3709 1650 3753 esse
1713 3687 1849 3754 loca
1907 3693 2310 3777 inaug-urata.
2361 3691 2697 3755 Praeterea
2741 3711 2899 3755 cum

510 3799 808 3881 appareat
880 3793 1262 3859 vocabulum
1339 3795 1677 3870 „sanctus”
1746 3795 2105 3882 significare
2164 3802 2403 3861 certam
2461 3795 2902 3862 condicionem

581 4045 634 4107 1)
683 4046 803 4093 Fest.
855 4060 960 4108 pag.
996 4041 1120 4098 2783
1175 4041 1276 4090 cni.
1317 4041 1481 4090 Instit.
1519 4043 1643 4098 283
1704 4043 1954 4092 Iustinian.
2006 4044 2128 4093 Inst.
2164 4045 2277 4096 2.1.
2303 4045 2387 4102 10;
2450 4045 2556 4106 mg.
2592 4046 2641 4094 1.
2660 4047 2707 4094 8.
2731 4046 2755 4093 l
2796 4062 2898 4111 ρης

515 4129 558 4177 l.
579 4128 624 4175 8.
646 4129 692 4176 9.
713 4129 760 4175 4.
800 4153 866 4162 —
901 4127 955 4186 2)
993 4124 1094 4174 Cic.
1133 4128 1231 4172 nat.
1269 4123 1398 4172 deor.
1437 4125 1582 4172 3.40.
1606 4125 1692 4177 94:
1738 4125 1893 4174 „muri
1934 4125 2087 4184 urbis,
2122 4142 2241 4191 quoe
2276 4139 2383 4184 vos,
2414 4126 2683 4190 pontifices,
2710 4133 2908 4178 sanctos

509 4224 608 4257 esse
652 4205 867 4264 dicitis”;
923 4207 1046 4254 Pest.
1097 4221 1202 4269 pag.
1249 4205 1370 4256 2852
1434 4206 1663 4254 ‚rituales
1711 4207 2022 4256 nominantur
2072 4208 2380 4257 Etruseorum
2428 4206 2571 4266 libri,
2624 4207 2675 4257 in
2724 4209 2908 4274 quibua

512 4289 855 4354 praescriptum
901 4291 996 4344 est,
1045 4302 1140 4351 quo
1187 4287 1286 4336 ritu
1329 4288 1596 4336 condantur
1632 4286 1794 4347 urbes,
1831 4305 1940 4337 arae
1975 4293 2237 4346 sacrentur,
2283 4304 2377 4353 qua
2412 4289 2668 4338 sanctitate
2702 4291 2901 4356 muri‘';

513 4371 635 4420 Fest.
669 4387 774 4436 pag.
813 4368 932 4427 2783
974 4369 1108 4418 Plnt.
1143 4370 1204 4433 Q.
1245 4369 1382 4418 Rom.
1423 4368 1485 4419 27
1521 4363 1793 4431 (c'Varr.):
1832 4371 1892 4417 τὸ
1928 4369 2018 4429 μὲν
2055 4369 2232 4434 τεῖχος
2268 4370 2391 4430 ἱερὸν
2427 4367 2505 4420 δεῖ
2536 4369 2759 4436 νομίζειν
2790 4409 2803 4422 .
2826 4409 2837 4421 .
2862 4411 2905 4432 .‚

511 4450 703 4514 Ξίβατον
738 4450 823 4500 καὶ
855 4451 973 4511 ἱερὸν
1010 4451 1175 4498 τόπον.
