3192 5009
990 374 1077 424 n)
1121 374 1471 425 mser-om
1514 374 1850 425 somam.
2479 348 2611 421 223

228 541 405 611 Cum
462 550 679 609 tamen
737 563 995 608 mecum
1059 548 1285 628 reputo
1329 540 1844 608 Hellenotamiae
1892 561 2140 627 quoque
2188 559 2450 606 munere
2500 537 2610 604 So-

224 650 527 737 phoclem
588 648 928 736 aliquando
989 649 1287 714 functum
1350 670 1483 715 esse
1502 698 1517 727 ,
1567 649 1730 714 hanc
1777 656 1993 714 autem
2038 669 2176 713 rem
2222 668 2348 712 non
2393 646 2612 711 referri

224 778 266 822 a
333 757 656 823 veteribus
717 756 1130 844 scriptoribus
1147 804 1163 833 ,
1230 755 1340 821 sed
1402 778 1553 821 casu
1605 756 1786 821 nobis
1829 757 2181 820 innotuisse
2227 775 2305 819 ex
2352 754 2612 838 iuscrip-

224 866 405 929 tione
432 860 503 942 ¹),
560 884 687 927 non
734 868 986 927 tantum
1032 861 1447 928 tribuendum
1496 862 1766 927 arbitror
1811 870 2106 927 veterum
2152 860 2229 926 de
2278 857 2608 946 Sophoclis

224 971 353 1035 hac
411 974 709 1056 praetura
773 968 1023 1035 silentio
1085 977 1161 1034 ut
1221 969 1364 1034 ideo
1427 990 1505 1035 ne
1552 976 2058 1035 commemoratu
2106 967 2365 1054 quidem
2412 966 2608 1053 digna

225 1076 529 1141 videatur
573 1078 933 1141 coniectura
978 1095 1170 1159 quam
1216 1074 1481 1160 protuli.
1543 1075 1716 1155 Quae
1783 1077 1946 1140 sitne
2007 1072 2351 1161 probabilis
2417 1092 2613 1138 necne

226 1180 377 1247 aliis
420 1184 555 1246 iam
602 1180 1055 1247 diudicandum
1102 1180 1407 1269 relinquo.

297 1466 351 1526 1)
386 1465 459 1515 Cf.
499 1464 710 1515 Boeokh.
744 1464 1234 1529 Staatshamhaltnng
1270 1463 1325 1514 11
1364 1480 1410 1531 p.
1450 1465 1544 1514 581
1582 1464 1656 1525 (Π
1690 1479 1738 1530 1».
1775 1466 1873 1515 848
1908 1465 1980 1514 ed.
2017 1465 2132 1527 8⁸⁰).

723 2062 811 2109 An
856 2061 1317 2110 normanum:
1369 2045 1648 2123 ἀρίστους
1675 2082 1762 2095 —
1787 2046 2122 2125 Ἀργείους.

324 2258 503 2324 Inter
541 2258 850 2325 Laconica
887 2259 1431 2345 apophthegmata
1469 2258 1587 2323 hoc
1627 2257 1885 2323 affertur
1922 2260 1988 2321 in
2025 2256 2357 2322 Plutarchi
2383 2254 2612 2321 Moral.

230 2388 299 2453 p.
351 2364 485 2431 232
512 2386 575 2431 e:

327 2472 712 2541 ἐπαινοῦντός
738 2496 892 2543 τινος
919 2470 1055 2542 τοὺς
1084 2472 1363 2550 &plotone
1388 2470 1720 2553 μαχητάς,
1751 2470 1971 2536 Λάκων
1997 2466 2164 2536 εἶπεν
2193 2471 2295 2549 »ἐν
2320 2469 2576 2551 ΤροΙᾳ”.

324 2578 504 2643 Haec
550 2577 715 2643 nihil
758 2578 1115 2665 significare
1162 2580 1376 2663 quivis
1422 2577 1620 2642 videt.
1678 2575 1896 2662 Neque
1946 2578 2311 2642 admonitus
2357 2576 2618 2663 negabit

232 2688 577 2771 quisquam
647 2688 882 2770 requiri
949 2705 1181 2750 nomen
1240 2687 1574 2769 proprium
1635 2682 1906 2749 alicuius
1968 2682 2191 2770 populi
2212 2731 2228 2760 ,
2295 2686 2406 2769 qui
2468 2704 2619 2747 cum

235 2794 444 2855 πάλαι
509 2791 692 2868 ποτέ,
760 2796 835 2855 ut
898 2796 995 2856 est
1056 2794 1123 2855 in
1186 2792 1515 2876 proverbio
1580 2790 1658 2855 de
1721 2790 2029 2868 Milesiis,
2078 2790 2307 2855 fuisset
2355 2788 2617 2863 ἄλκιμος

230 2898 507 2981 ideoque
568 2898 636 2961 in
698 2898 1087 2961 carminibus
1149 2899 1343 2984 epicis
1406 2903 1572 2961 esset
1619 2895 2005 2973 celebratus,
2055 2902 2278 2980 postea
2325 2916 2362 2960 a
2410 2898 2618 2983 prisca

231 3006 479 3067 virtute
540 3022 741 3087 usque
808 3001 960 3067 adeo
1022 3002 1391 3067 descivisset
1454 3009 1528 3066 ut
1574 3022 1612 3065 a
1658 3002 2174 3067 Lacedaemoniis
2221 3008 2433 3087 posset
2481 3022 2622 3067 con-

234 3110 461 3172 temni.
514 3107 687 3187 Quae
728 3111 968 3193 optime
1010 3110 1397 3173 conveniunt
1436 3110 1651 3172 omnia
1687 3111 1758 3171 in
1797 3107 2051 3188 Arqivos
2067 3128 2084 3186 ;
2127 3127 2276 3171 nam
2318 3129 2396 3173 ex
2420 3106 2619 3172 Iliade

234 3217 537 3279 novimus
622 3216 918 3293 ’Λργεΐων
990 3218 1217 3279 πολλὸν
1290 3215 1555 3291 στρατὸν
1626 3215 2005 3294 αἰχμητάων
2075 3212 2267 3278 illum
2336 3220 2417 3292 (Θ
2461 3212 2620 3293 472)

236 3341 585 3406 eorumque
652 3340 874 3407 regem
943 3322 1527 3407 Agamemnonem,
1603 3326 1823 3405 postea
1882 3341 2031 3385 vero
2113 3320 2394 3399 ’Λργείου
2473 3321 2620 3384 ποτὲ

238 3428 549 3498 εἰπόντος·
615 3429 873 3504 »πολλοὶ
938 3428 1131 3506 τάφοι
1180 3428 1328 3505 παρ’
1379 3430 1525 3505 ἡμῖν
1575 3430 1690 3491 εἷο-ι
1743 3426 2218 3506 Σπαρτιατῶν”,
2270 3431 2493 3492 Λάκων
2545 3421 2624 3490 εἷ-

240 3553 388 3596 πεν·
444 3534 659 3609 »ἀλλὰ
710 3538 831 3608 μὴν
880 3536 1026 3612 παρ’
1078 3534 1222 3607 ἡμῖν
1270 3532 1567 3610 ’ΛργεΙων
1614 3534 1745 3597 οὐδὲ
1795 3527 1950 3611 εἶς”,
2002 3568 2088 3581 --
2134 3535 2211 3601 ὥς
2262 3534 2460 3597 αὐτῶν
2507 3534 2620 3608 μὲν

240 3640 549 3709 πολλάκις
580 3642 853 3718 ’Λργους
898 3637 1385 3716 ἐπιβεβηκότων,
1432 3638 1726 3716 Ἀργείων
1768 3638 1829 3702 δὲ
1870 3647 1980 3713 τῆς
2011 3638 2305 3716 Σπάρτης
2333 3639 2619 3704 οὐδέποτε

242 3750 333 3829 (p.
388 3742 598 3826 2330).

334 3849 602 3938 Corrige
648 3854 889 3938 igitur:

334 3960 717 4031 ἐπαινοῦντός
766 3982 921 4031 τινος
962 3958 1101 4030 τοὺς
1150 3961 1566 4037 Ἀργείους
1617 3960 1709 4030 ὥς
1757 3958 2105 4043 μαχητάς,
2145 3957 2372 4024 Λάκων
2411 3954 2617 4025 εἶπεν·

250 4066 353 4140 „e'v
398 4065 657 4150 Tpol4’'.
1487 4082 1492 4085 ⁴

336 4169 647 4239 Confusae
716 4179 866 4237 sunt
926 4172 1179 4237 litterae
1242 4180 1295 4249 Γ
1330 4176 1396 4235 et
1458 4194 1477 4233 e
1496 4219 1513 4247 ,
1578 4176 1644 4235 et
1706 4172 1968 4257 signum
2029 4192 2156 4255 quo
2203 4193 2254 4235 ει
2304 4171 2624 4237 indicatur

249 4275 737 4345 describentium
784 4300 991 4345 errore
1036 4279 1197 4344 abiit
1238 4280 1309 4341 in
1354 4279 1616 4363 signum
1663 4276 2076 4343 simillimum
2121 4301 2180 4345 ς.

2049 4398 2108 4464 J.
2156 4416 2218 4463 v,
2267 4398 2339 4463 L.
2387 4398 2529 4466 J.1¹.

1237 4520 1620 4530 ,ψ-
