3192 5009
996 239 1083 292 m:
1124 242 1277 292 maa
1325 241 1780 310 osnuwrrmm.
2501 224 2586 290 95

262 413 559 476 centuriata
615 410 889 475 habebat
944 406 1017 474 C.
1066 407 1275 474 Iulius
1321 407 1553 475 Caesar
1597 407 1768 473 IIvir
1812 409 2267 495 perduellionis
2286 458 2305 486 ,
2356 409 2589 493 quibus

260 517 513 582 iudicaret
556 514 835 603 populus
882 516 959 581 de
1007 513 1078 582 C.
1128 515 1425 594 Rabirio;
1466 515 1622 580 haec
1663 519 1923 581 comitia
1961 515 2033 596 Q.
2077 515 2384 581 Metellus
2408 513 2592 582 Celer

262 627 347 708 qui
400 629 717 708 tamquam
782 642 994 708 augur
1054 622 1307 697 aderat,
1354 621 1529 686 idem
1574 629 1850 707 praetor,
1902 643 2052 688 voce
2100 623 2272 688 edita
2317 622 2442 684 alio
2491 621 2592 684 die

260 738 473 794 conatus
538 737 635 794 est
703 729 1094 806 disturbare;
1171 731 1283 813 qui
1346 749 1495 792 cum
1558 731 1873 792 rationem
1935 750 2124 794 suam
2185 750 2311 793 non
2371 727 2592 794 haberi

260 836 490 913 videret,
548 839 617 900 in
678 837 913 902 Arcem
971 837 1337 921 properavit
1399 841 1464 898 et
1527 834 1842 900 vexillum
1889 857 2186 902 russeum
2231 856 2347 901 sua
2394 855 2594 899 manu

260 941 479 1007 abstulit
497 991 513 1020 ,
574 963 701 1028 quo
750 943 919 1007 facto
967 944 1229 1006 comitia
1274 943 1459 1005 iussu
1505 939 1602 1006 Μ.
1654 939 1976 1008 Ciceronis
2023 941 2302 1008 consulis
2347 940 2599 1008 sublata

260 1055 375 1112 sunt
412 1049 539 1124 (cfr.
592 1045 727 1116 Cio.
776 1069 892 1133 pro
942 1047 1101 1112 Rab.
1154 1048 1215 1112 3.
1250 1046 1380 1126 12).

326 1155 384 1218 4⁰
424 1153 511 1220 De
559 1155 1045 1220 obnuntiatione
1095 1173 1287 1238 quam
1336 1153 1626 1238 Appium
1665 1151 2014 1220 Claudium
2055 1175 2372 1242 augurem
2391 1203 2406 1232 ,
2447 1175 2598 1220 eun-

261 1260 367 1324 dem
430 1267 783 1346 praetorem
800 1309 817 1338 ,
890 1280 946 1324 a.
1000 1257 1083 1326 57
1154 1262 1557 1345 interponere
1619 1262 1687 1323 in
1751 1263 1966 1325 animo
2024 1260 2324 1326 habuisse
2387 1259 2598 1326 tradat

260 1363 431 1430 Cicero
495 1365 687 1446 (Sest.
740 1365 847 1432 36.
879 1363 1009 1446 78),
1082 1387 1233 1430 cum
1302 1364 1407 1430 lex
1468 1363 1758 1430 Fabricia
1821 1366 2096 1432 ferretur
2158 1366 2235 1433 de
2297 1364 2598 1434 Cicerone

258 1473 557 1538 revocando
576 1521 593 1550 ,
643 1480 863 1559 postea
911 1472 1275 1537 videbimus
1320 1473 1506 1536 initio
1552 1493 1688 1557 cap.
1739 1470 1847 1535 IV.

326 1577 383 1641 5⁰
424 1578 593 1661 [Huc
639 1583 956 1666 pertinere
1004 1578 1260 1644 videtur
1298 1577 1468 1663 quod
1509 1585 1724 1642 narrat
1761 1577 1886 1643 Dio
1916 1577 2023 1643 39.
2058 1577 2160 1644 19.
2190 1578 2252 1657 3,
2294 1576 2598 1645 Clodium

258 1704 298 1746 a.
336 1683 409 1748 56
450 1684 851 1770 prohibuisse
898 1687 1241 1769 quominus
1287 1683 1392 1748 lex
1440 1687 1688 1748 curiata
1733 1685 1810 1750 de
1854 1687 2129 1771 imperio
2178 1692 2333 1767 (non
2379 1707 2600 1751 consu-

254 1786 359 1854 lum
376 1838 392 1867 ,
436 1790 543 1856 sed
590 1797 947 1856 ceterorum
994 1793 1501 1876 magistratuum
1549 1796 1626 1854 ut
1670 1789 1792 1856 Dio
1840 1790 2117 1857 indicare
2157 1791 2442 1870 videtur)
2479 1791 2599 1856 fer-

257 1901 419 1974 retur;
465 1899 519 1962 si
566 1897 827 1982 quidem
875 1903 1043 1962 recte
1091 1917 1283 1982 supra
1330 1898 1749 1972 coniecimus,
1801 1898 1964 1982 App.
2009 1894 2356 1964 Claudium
2399 1919 2601 1985 augu-

256 2022 361 2066 mm
413 2003 591 2068 fratri
653 2003 1125 2089 gratificantem
1189 2003 1623 2068 obnuntiando
1671 2023 1924 2068 moram
1973 2003 2265 2069 attulisse
2284 2052 2302 2082 ,
2350 2002 2595 2069 Mnem.

258 2105 429 2173 XVIII
470 2131 532 2195 p.
584 2109 719 2175 230
766 2133 826 2173 n.
879 2108 940 2174 3.
1004 2109 1101 2174 Eo
1148 2129 1311 2174 anno
1364 2106 1435 2175 C.
1487 2105 1796 2176 Claudius
1845 2109 2039 2174 frater
2089 2107 2300 2176 Clodii
2346 2115 2603 2195 praetor

258 2213 377 2292 fuit3
430 2215 533 2281 hic
594 2215 861 2281 fortasse
923 2214 1163 2280 ferebat
1211 2215 1428 2301 legem
1474 2217 1814 2280 curiatam.
1865 2214 2000 2281 Lex
2048 2222 2216 2281 certe
2263 2237 2390 2281 non
2436 2213 2602 2280 mul—

258 2328 367 2384 tum
418 2321 587 2386 ultra
652 2342 707 2386 a.
758 2322 819 2386 d.
868 2321 967 2386 XI
1012 2321 1141 2387 kal.
1192 2320 1375 2408 Febr.
1442 2320 1642 2386 dilata
1687 2327 1818 2398 est,
1869 2343 1994 2406 quo
2041 2321 2144 2386 die
2193 2319 2456 2388 Clodius
2505 2341 2603 2386 ae—

258 2423 371 2490 dilis
412 2427 650 2492 eurulis
696 2434 947 2493 creatus
996 2433 1125 2505 est,
1174 2448 1325 2493 nam
1364 2425 1626 2506 Clodius
1669 2430 1894 2492 statim
1929 2426 2162 2493 Miloni
2202 2427 2375 2493 diem
2416 2427 2598 2505 dixit,

257 2531 391 2614 quod
430 2536 563 2598 sine
606 2533 753 2621 lege
798 2536 1043 2598 curiata
1090 2533 1293 2600 facere
1338 2555 1465 2598 non
1510 2537 1814 2620 poterat.]

327 2637 385 2702 6⁰
438 2639 609 2704 Plut.
679 2637 820 2707 Cat.
886 2643 1044 2704 min.
1095 2638 1204 2704 42.
1253 2642 1329 2705 A.
1384 2637 1491 2718 55,
1555 2639 1865 2725 Pompeio
1914 2647 1980 2704 et
2030 2637 2256 2706 Crasso
2305 2660 2456 2718 cos„
2504 2660 2602 2706 co-

258 2746 406 2810 mitia
438 2749 811 2824 centuriata,
861 2765 1021 2831 quae
1067 2745 1463 2811 habebantur
1509 2746 1910 2831 praetoribus
1957 2746 2242 2810 creandis
2261 2794 2277 2824 ,
2327 2745 2602 2811 diremta

258 2857 375 2914 sunt
412 2871 449 2915 a
489 2851 801 2937 Pompeio
848 2873 1000 2918 cum
1036 2855 1166 2916 iam
1207 2854 1573 2917 renuntiata
1614 2858 1780 2916 esset
1819 2854 2108 2916 centuria
2130 2853 2599 2938 praerogativa,

256 2955 389 3038 quod
420 2960 665 3022 tonitru
704 2958 1003 3023 auditum
1038 2964 1205 3024 esset
1220 2978 1237 3036 3
1280 2964 1345 3022 et
1384 2977 1459 3022 ea
1499 2959 1744 3022 ratione
1782 2963 2048 3022 cautum
2097 2964 2194 3022 est
2239 2979 2320 3023 ne
2369 2978 2606 3023 creare-

258 3065 339 3122 tur
390 3061 477 3126 M.
524 3063 791 3130 Porcius
839 3060 997 3131 Cato
1046 3062 1417 3128 candidatus
1436 3109 1453 3140 ,
1504 3084 1698 3148 quem
1746 3069 2106 3149 praetorem
2150 3064 2384 3129 fecerat
2431 3085 2608 3149 prae-

256 3172 545 3253 rogativa,
586 3192 740 3235 cum
780 3170 1071 3236 consules
1108 3171 1391 3235 faverent
1418 3172 1554 3234 eius
1578 3172 1986 3254 competitori
2008 3169 2288 3235 Vatinio,
2335 3170 2606 3238 Necesse

256 3281 437 3339 autem
481 3283 577 3341 est
625 3284 701 3341 ut
748 3284 1112 3342 statuamus
1130 3325 1147 3354 ‚
1196 3276 1583 3361 Pompeium
1633 3283 1928 3361 tamquam
1977 3299 2258 3358 auqurem
2307 3278 2604 3357 adfuisse,

256 3389 305 3444 et
354 3387 598 3448 comitia
666 3384 887 3449 habita
949 3402 1084 3448 esse
1146 3402 1185 3447 a
1247 3380 1514 3460 Crasso;
1562 3403 1716 3448 nam
1766 3385 1822 3447 si
1858 3382 2207 3469 Pompeius
2257 3383 2608 3450 dimisisset

256 3491 477 3554 comitia
530 3490 763 3575 quibus
808 3492 944 3576 ipse
991 3496 1341 3575 praeesset,
1391 3490 1708 3554 rationem
1755 3508 1881 3553 non
1929 3488 2310 3554 reddidisset
2355 3491 2604 3556 civibus

256 3611 307 3656 se
356 3595 415 3658 id
472 3594 673 3662 faeere
736 3600 996 3683 propter
1040 3596 1323 3681 auspicia
1338 3615 1353 3672 ;
1406 3602 1670 3680 apparet
1717 3595 2109 3680 Pompeium
2155 3599 2605 3682 praerogativa

258 3705 581 3767 renuntiata
642 3703 767 3766 abio
819 3702 922 3765 die
968 3701 1239 3779 dixissen
1291 3702 1367 3773 ὦς
1421 3697 1456 3774 ἦ
1506 3725 1573 3764 τε
1621 3701 1824 3776 πρώτη
1878 3703 2172 3775 κληθεῖσα
2223 3703 2340 3766 τῶν
2387 3708 2605 3776 Φυλῶν

256 3806 441 3872 ἐκεῖνον
480 3809 820 3892 ἀπέδειξεν,
854 3806 1149 3884 ἐξαίφνης
1176 3808 1203 3871 ὃ
1234 3807 1545 3886 Πομπήιος
1572 3807 1830 3888 βροντῆς
1859 3807 2182 3882 ἀκηκοέναι
2211 3807 2604 3886 ψευσάμενος

256 3911 531 3993 αἴσχιστα
572 3915 811 3980 διέλυσε
856 3916 965 3987 την
1008 3915 1364 3992 ἐκκλησίαν,
1408 3913 1756 3989 εἰθισμένων
1797 3915 2199 3993 ἀφοσιοῦσθαι
2235 3917 2320 3980 τὰ
2344 3919 2608 3980 τοιαῦτα.

261 4019 345 4082 καὶ
386 4023 563 4096 μηδὲν
612 4023 923 4101 ἐπικυροῦν
972 4021 1292 4096 διοσημίας
1342 4023 1697 4097 γενομένης.
1747 4017 1876 4087 Gfr.
1928 4019 2104 4085 Plut.
2154 4020 2382 4108 Pomp.
2439 4021 2547 4087 52.

336 4123 397 4190 7⁰
438 4125 565 4194 Cic.
616 4127 782 4194 Phil.
830 4127 895 4192 2.
924 4127 1031 4193 33.
1060 4127 1146 4193 82
1172 4148 1267 4212 sq.
1317 4128 1395 4192 A.
1446 4125 1533 4190 44
1588 4125 1858 4193 Caesare
1909 4133 1974 4192 et
2019 4127 2297 4194 Antonio
2340 4127 2614 4223 consuli-

262 4228 379 4294 bus.
434 4229 707 4300 Comitia
774 4233 1131 4300 consularia
1200 4255 1359 4319 quae
1422 4254 1459 4298 a
1522 4230 1790 4299 Caesare
1851 4233 2250 4299 habebantur
2312 4234 2610 4300 dirimere

264 4347 493 4406 conatus
549 4349 647 4406 est
704 4343 1027 4406 Antonius
1092 4343 1205 4428 qui
1266 4349 1602 4426 tamquam
1666 4360 1878 4427 augur
1939 4339 2192 4419 aderat,
2239 4363 2392 4407 voce
2441 4340 2615 4405 edita
