3192 5009
518 252 658 327 ‘184
1470 281 1915 329 Ams‘ro‘rnnns.

523 448 684 522 μνᾶς
754 444 825 508 τὸ
894 444 1206 509 τάλαντον
1275 448 1591 524 ἀγούσας,
1668 450 1772 511 καὶ
1839 446 2380 523 ἐπιδιενεμήθησαν
2444 448 2568 529 [αἱ]
2625 452 2794 521 μναῖ
2835 446 2932 526 τῷ

521 560 779 629 στατῆρι
829 550 933 615 καὶ
983 560 1107 623 τοῖς
1156 550 1373 625 ἄλλοις
1424 555 1748 629 σταθμοῖς.
2065 620 2071 626 ,

611 659 778 722 Ante
818 660 1033 723 omnia
1067 661 1137 723 in
1175 680 1371 724 suum
1408 659 1624 726 locum
1667 660 2020 725 reducenda
2057 666 2209 724 sunt
2233 658 2544 725 vocabula
2582 667 2740 738 τρεῖς
2785 658 2929 723 καὶ.

519 763 898 850 Legendum
935 770 1064 829 est:
1108 767 1141 839 ἧ
1184 770 1311 840 μνᾶ
1354 765 1637 845 πρότερον
1678 762 1932 848 [μὲνῖἳ]
1973 764 2212 846 ἔχουσα
2237 765 2670 846 παραπλήσιον
2699 770 2930 842 (τρεῖς

404 888 411 897 ·
520 870 678 943 καὶ)
725 869 1149 948 ἑβδομήκοντα
1199 870 1492 950 δραχμὰς
1541 872 1934 949 ἀνεπληρώθη
1977 879 2121 943 ταῖς
2170 872 2384 951 (τότε
2432 868 2620 949 εἷς’ἷ)
2667 870 2926 935 ἑκατόν.

524 970 588 1047 ἦν
636 976 700 1041 δὲ
747 976 775 1040 ὅ
823 977 1084 1056 ἀρχαῖος
1137 978 1464 1057 χαρακτὴρ
1512 985 1743 1058 (nonne
1791 980 2026 1056 στατηρ
2045 975 2097 1059 ?)
2145 978 2503 1057 δίδραχμον.
2554 978 2802 1049 ἐποίησε
2857 978 2930 1041 δὲ

520 1082 629 1146 καὶ
678 1083 952 1156 σταθμὸν
992 1082 1135 1159 πρὸς
1176 1082 1247 1146 τὸ
1291 1083 1605 1159 νόμισμα,
1651 1083 1945 1158 ἐξήκοντα
1983 1088 2146 1159 μνᾶς
2171 1082 2242 1147 τὸ
2266 1085 2578 1147 τάλαντον
2601 1082 2925 1161 ἀγούσας.

610 1186 750 1252 Iam
813 1186 1124 1252 habemus
1185 1192 1571 1255 sententiam
1637 1189 2056 1275 aequabiliter
2117 1192 2272 1254 satis
2320 1190 2760 1255 decurrentem
2781 1237 2799 1266 ‚
2857 1195 2931 1254 at

521 1294 789 1360 eandem
855 1297 1115 1381 egregie
1188 1295 1549 1359 absurdam.
1625 1296 2011 1359 Imminutum
2073 1316 2110 1360 a
2169 1295 2400 1361 Solone
2463 1316 2598 1361 esse
2657 1296 2926 1381 pondus

518 1420 939 1464 nummorum
985 1403 1128 1485 quis
1175 1404 1411 1479 nescit3
1465 1422 1579 1487 pro
1626 1404 1922 1488 graviore
1963 1405 2232 1486 pecunia
2250 1450 2266 1479 ‚
2306 1422 2433 1488 qua
2465 1401 2929 1487 Peloponnesii

520 1508 717 1571 etiam
754 1511 975 1591 postea
1010 1510 1110 1571 uti
1147 1507 1500 1593 pergebant
1525 1544 1610 1555 -—
1637 1509 2012 1594 Aeginetica
2041 1504 2092 1587 1)
2123 1510 2340 1573 vocari
2363 1506 2525 1573 solet
2549 1546 2636 1555 -
2657 1510 2930 1574 invexit

519 1610 911 1688 Euboicam;
982 1615 1150 1677 inter
1218 1620 1559 1699 utramque
1622 1619 1840 1678 autem
1911 1634 1985 1679 ea
2044 1614 2382 1679 intercedit
2439 1617 2602 1679 ratio
2651 1620 2730 1677 ut
2783 1613 2926 1679 138

521 1718 857 1801 drachmae
896 1717 1217 1789 Euboicae
1256 1719 1531 1804 pondere
1571 1726 1844 1805 aequent
1884 1719 2216 1785 drachmas
2239 1721 2646 1807 Aegineticas
2676 1720 2814 1785 100
2844 1719 2922 1798 2),

519 1823 627 1890 vel
696 1823 824 1887 100
882 1823 1217 1889 drachmae
1264 1825 1584 1891 Euboicae
1630 1827 2038 1913 Aegineticas
2086 1826 2216 1891 fere
2267 1823 2372 1891 73.
2424 1825 2546 1891 Sed
2594 1829 2740 1911 quis
2787 1829 2927 1892 nisi

520 1932 833 2015 desipiens
880 1929 987 1995 vel
1033 1934 1357 1995 somnians
1404 1952 1479 1999 ex
1528 1932 1706 1997 hisce
1751 1952 2176 1997 numerorum
2221 1932 2448 2019 figuris
2494 1932 2728 1997 efficiat
2776 1956 2926 1997 auc-

518 2045 640 2102 tum
694 2038 902 2122 igitur
960 2056 1095 2101 esse
1157 2037 1405 2122 pondus
1450 2039 1755 2124 pecuniae
1805 2040 2055 2103 Atticae
2105 2058 2143 2102 a
2187 2037 2413 2103 Solone
2433 2086 2451 2115 ,
2496 2059 2648 2102 cum
2693 2037 2925 2123 plures

516 2164 714 2229 quam
752 2147 939 2207 antea
983 2140 1153 2207 oboli
1190 2141 1297 2208 vel
1342 2143 1682 2208 drachmae
1729 2143 1957 2208 excudi
1993 2149 2250 2229 possent
2289 2166 2367 2209 ex
2407 2144 2631 2209 eadem
2654 2148 2924 2230 argenti

514 2246 799 2313 lamina?
846 2247 1043 2313 Estne
1088 2250 1213 2313 viri
1260 2249 1593 2336 prudentis
1611 2298 1628 2327 ,
1678 2252 1923 2336 sagacis
1941 2298 1957 2327 ,
2004 2252 2070 2313 in
2109 2250 2408 2314 omnibus
2452 2250 2582 2315 fere
2623 2252 2922 2316 scientiis

518 2356 1067 2432 exercitatissimi,
1132 2357 1201 2419 in
1262 2360 1398 2419 tam
1460 2354 1786 2420 ludicrum
1847 2377 2128 2421 errorem
2189 2353 2510 2421 incidere?
2555 2355 2643 2421 Et
2687 2362 2921 2423 tamen
3021 2410 3024 2417 .

517 2463 938 2546 apertissimis
985 2461 1198 2526 verbis
1246 2460 1444 2527 Solon
1489 2463 1660 2547 apud
1696 2462 2116 2528 Aristotelem
2155 2462 2392 2527 dicitur
2429 2462 2689 2539 amec,
2731 2464 2924 2527 maio-

516 2590 613 2631 res
656 2566 993 2631 reddidisse
1036 2586 1337 2632 nummos
1384 2569 1660 2657 pondera
1707 2589 2062 2635 mensuras.

609 2671 783 2751 Quae
826 2672 984 2737 dum
1027 2693 1285 2737 mecum
1331 2674 1650 2759 perpendo
1669 2722 1686 2752 ‚
1731 2674 1898 2739 redit
1938 2676 2007 2737 in
2047 2669 2332 2739 mentem
2372 2672 2707 2739 Plutarchi
2729 2673 2922 2739 locus

514 2778 625 2843 ille
673 2780 1049 2843 notissimus
1094 2780 1160 2842 in
1208 2781 1345 2843 vita
1383 2778 1637 2844 Solonis
1674 2800 1727 2844 c.
1776 2779 1879 2857 15,
1923 2780 2037 2844 ubi
2083 2780 2343 2844 eaedem
2389 2801 2489 2845 res
2532 2786 2917 2845 narrantur:

516 2884 713 2949 καίτοι
785 2885 941 2957 τινὲς
1008 2881 1313 2965 ἔγραψαν,
1380 2880 1456 2948 ὦν
1521 2884 1686 2950 ἐστιν
1750 2885 2119 2963 Ἀνδροτίων,
2185 2886 2291 2949 οὐκ
2353 2886 2638 2966 ἀποκοπῇ
2711 2892 2918 2965 χρεῶν

514 2991 693 3056 ἀλλὰ
749 2989 938 3055 τόκων
984 2990 1334 3068 μετριότητι
1383 2990 1820 3069 κουφισθέντας
1863 2993 2201 3068 ἀγαπῆσαι
2246 2991 2386 3063 τοὺς
2436 2992 2746 3069 πένητας,
2797 2992 2911 3055 καὶ

514 3096 908 3175 σεισάχθειαν
956 3094 1253 3172 ὀνομάσαι
1300 3096 1369 3160 τὸ
1417 3099 1948 3175 Φιλανθρώπευμα
1992 3102 2170 3163 τοῦτο
2221 3098 2323 3163 καὶ
2368 3101 2479 3169 την
2523 3095 2666 3174 ἅμα
2703 3097 2910 3180 τούτῳ

514 3203 848 3281 γενομένην
917 3208 1030 3266 τῶν
1096 3226 1165 3266 τε
1228 3202 1463 3281 μέτρων
1526 3203 1865 3281 ἐπαύξησιν
1928 3202 2031 3268 καὶ
2097 3211 2310 3281 (τῆς)
2357 3208 2467 3269 τοῦ
2511 3204 2909 3281 νομίσματος

514 3317 699 3385 τιμῆς
730 3306 814 3388 3)·
880 3308 1095 3373 ἑκατὸν
1159 3308 1284 3386 γὰρ
1350 3309 1593 3384 ἐποίησε
1657 3311 1955 3389 δραχμῶν
2005 3318 2118 3384 τῆν
2166 3312 2348 3388 μνᾶν,
2398 3311 2678 3391 πρότερον
2733 3312 2914 3390 ἕβδο-

512 3416 793 3495 μήκοντα
855 3414 957 3478 καὶ
1024 3419 1193 3492 τριῶν
1248 3409 1452 3479 οὖσαν.
1504 3452 1590 3463 -—
1641 3415 1909 3480 Dudum
1955 3421 2053 3481 est
2099 3417 2544 3493 observatum,
2590 3422 2912 3483 contortis

514 3522 776 3609 quidem
835 3526 900 3586 et
963 3525 1220 3585 tantum
1281 3543 1405 3586 non
1451 3525 1703 3587 vitiosis
1749 3523 1960 3587 verbis
2009 3544 2206 3588 usum
2251 3544 2388 3588 esse
2437 3521 2870 3589 Plutarchum
2891 3575 2909 3603 ‚

513 3627 670 3715 quid
731 3633 946 3692 tamen
1007 3626 1213 3693 dicere
1259 3628 1541 3693 voluerit
1589 3649 1713 3693 non
1763 3648 1898 3694 esse
1948 3629 2323 3707 obscurum;
2374 3650 2606 3714 nempe
2651 3650 2732 3695 ex
2779 3632 2914 3695 An—

514 3735 817 3801 drotionis
884 3736 1201 3799 sententia
1260 3756 1384 3799 non
1444 3733 1657 3801 deleta
1716 3756 1754 3799 a
1818 3734 2052 3800 Solone
2116 3756 2252 3801 esse
2295 3738 2435 3821 ipsa
2479 3735 2726 3813 debita,
2777 3758 2912 3803 non

581 3980 636 4042 l)
670 3979 743 4028 Cl'.
782 3977 967 4044 Diphili
1002 3978 1064 4027 fr.
1101 3977 1165 4026 66
1205 3976 1363 4034 Kock,
1402 3977 1549 4029 Tbuo.
1588 3978 1630 4027 V
1667 3976 1733 4031 47
1766 3977 1854 4041 56,
1893 3976 2111 4042 Xenoph.
2149 3976 2282 4026 Hell.
2323 3977 2360 4025 V
2397 3977 2429 4025 2
2463 3978 2584 4040 581.

579 4061 631 4121 2)
665 4060 794 4109 cIG.
834 4059 948 4109 123.
1215 4105 1221 4111 .

580 4144 633 4203 8)
679 4141 758 4189 Sic
802 4140 996 4205 scripsi3
1043 4142 1120 4189 edi
1166 4139 1290 4189 solet
1324 4138 1409 4187 καῖ
1444 4141 1536 4189 τοῦ
1573 4142 1890 4200 νομίσματος
1923 4140 2092 4200 τιμήν,
2125 4157 2247 4206 quae
2280 4157 2375 4191 non
2411 4140 2656 4206 intellego.
2703 4143 2910 4193 Banus

510 4222 771 4276 coniciebat
815 4222 933 4272 olim
981 4222 1074 4279 τῆν
1120 4222 1231 4287 ἅμα
1279 4220 1445 4283 τούτῳ
1491 4220 1755 4284 γενομένην
1803 4228 1901 4271 τῶν
1951 4220 2142 4284 μέτρων
2191 4221 2462 4288 ἐπαύξησιν
2507 4226 2572 4287 τῇ
2607 4226 2701 4271 τοῦ
2735 4226 2909 4285 νομίσ-

512 4322 678 4370 ματος
712 4308 867 4368 τιμῇ.
900 4308 1036 4355 acute
1070 4306 1153 4355 sod
1186 4320 1356 4371 parum
1391 4304 1720 4371 probabiliter,
1755 4321 1865 4355 nem
1902 4321 1998 4355 non
2031 4304 2188 4354 solnm
2221 4318 2445 4354 nummos
2471 4306 2552 4353 sed
2581 4304 2761 4366 etiam,
2780 4322 2909 4370 qnae

511 4395 644 4441 certa
678 4388 864 4439 ratione
898 4403 1007 4437 cum
1042 4387 1103 4436 ii·
1137 4387 1413 4447 cohaerent,
1449 4388 1660 4452 pondera
1686 4390 1736 4437 et
1764 4403 2010 4438 mensura·
2039 4402 2067 4436 a
2099 4385 2280 4437 Solone
2306 4386 2566 4437 imminuta
2584 4392 2909 4439 emcomtat.
