3192 5009
543 243 677 310 350
1378 262 1672 311 orimum
1719 263 2075 311 s1nrnnmA.

630 428 776 493 Alia
833 427 1126 503 licentia,
1195 427 1271 492 de
1318 448 1444 512 qua
1491 431 1632 513 egit
1679 428 1885 493 Rzach
1933 432 2000 492 in
2045 429 2304 506 libello,
2357 431 2579 507 „Neue
2625 429 2918 516 Beitriige

539 557 651 598 zur
700 533 984 598 Technik
1048 534 1157 597 des
1203 534 1806 599 nachhomerischen
1855 533 2317 600 Hexameters”
2369 559 2434 621 p.
2489 536 2594 613 12,
2643 538 2918 602 cernitur

538 638 692 704 XIV
740 637 871 704 276

809 747 893 818 εἷς
943 743 1174 825 ἄφενον
1221 744 1544 809 σπεύδοντι
1593 745 1726 808 ἐπὶ
1777 744 2140 810 δυοκαίδεκα
2189 753 2390 820 μῆνας
2411 795 2428 822 ,

535 851 1029 934 consulaturque
1090 848 1265 914 idem
1327 849 1569 915 ibidem
1631 871 1778 936 pag.
1829 849 1920 914 30
1981 851 2058 916 de
2121 851 2429 935 producta
2489 854 2676 918 brevi
2721 850 2920 917 vocali

534 965 679 1022 ante
726 955 1013 1022 vocalem
1060 958 1127 1019 in
1173 978 1268 1020 vs.
1320 954 1417 1019 XI
1470 955 1620 1020 156.

624 1064 925 1146 Synizesee
970 1061 1379 1127 notabiliores
1427 1061 1660 1148 collegi
1708 1063 1928 1127 hasce:
1979 1062 2010 1125 I
2055 1061 2142 1127 26
2192 1062 2568 1142 παραδείσου
2607 1063 2915 1142 ἐριθηλέος,

535 1172 641 1232 cui
680 1167 886 1232 editor
926 1166 1199 1231 contulit
1236 1165 1400 1232 ἄστυ
1445 1167 1701 1246 ἐρικυδές
1743 1170 1812 1242 in
1852 1168 2106 1233 oraculo
2149 1168 2316 1253 apud
2355 1168 2594 1234 Herod.
2621 1167 2744 1234 VII
2765 1167 2914 1232 220.

533 1272 588 1336 V
616 1272 743 1337 142
768 1275 1201 1350 θεατροκοπῶν.
1229 1271 1381 1336 VIII
1406 1270 1538 1336 488
1564 1273 1845 1348 ε’ώμεσθα
1871 1273 2318 1358 (depravat-um
2341 1274 2536 1344 ἐάσας
2561 1273 2726 1339 xm
2746 1272 2920 1350 102).

532 1378 685 1443 VIII
710 1376 796 1444 52
837 1379 1259 1457 πολιὸκρανος,
1301 1381 1636 1443 verissime
1671 1381 2050 1443 restitutum
2091 1379 2168 1444 ab
2210 1377 2539 1465 Opsopoeo
2565 1401 2646 1444 ex
2669 1377 2764 1444 111
2793 1376 2920 1444 176

534 1505 648 1570 pro
709 1484 979 1549 absurdo
1040 1483 1413 1563 πολύκρανος
1435 1533 1452 1560 ,
1503 1483 1673 1568 quod
1717 1487 1786 1548 in
1833 1489 2018 1548 textu
2064 1486 2338 1549 retinuit
2383 1483 2614 1549 Rzach.
2671 1482 2922 1549 Similia

534 1595 687 1654 sunt
748 1587 1051 1653 Ἰουδαίων
1113 1588 1199 1652 IV
1253 1586 1401 1654 127.
1468 1588 1525 1652 V
1572 1588 1726 1653 249.
1795 1585 1894 1656 Of.
1957 1588 2054 1652 IX
2101 1587 2255 1654 239.
2322 1588 2377 1652 V
2426 1589 2582 1656 263.
2631 1588 2924 1670 Ἰορδάνου

535 1694 624 1758 VI
672 1693 733 1758 5.
798 1693 918 1759 VH
966 1692 1051 1759 67
1100 1694 1258 1771 alia,
1308 1695 1385 1760 de
1436 1696 1670 1781 quibus
1719 1695 1799 1760 cf.
1851 1693 2212 1760 Volkmann
2259 1717 2320 1781 p.
2374 1695 2482 1760 24.
2552 1701 2694 1761 Νῶε
2740 1695 2922 1762 modo

536 1809 633 1868 est
675 1800 1195 1887 monosyllabum
1214 1849 1229 1878 ,
1278 1801 1470 1866 modo
1519 1804 1801 1886 priorem
1844 1800 2129 1866 vocalem
2167 1801 2505 1866 contrahit.
2563 1800 2926 1888 Synizesios

535 1907 909 1974 vocularum
972 1908 1043 1979 δὴ
1106 1908 1214 1972 οὐκ
1276 1906 1534 1972 nullum
1599 1913 1696 1973 est
1760 1911 1827 1972 in
1885 1907 2224 1994 Sibyllinis
2272 1907 2650 1993 exemplum
2667 1957 2684 1986 ,
2735 1927 2924 1993 quare

535 2034 659 2078 non
702 2013 901 2098 probo
950 2011 1297 2078 Rzachium
1344 2012 1399 2076 V
1448 2011 1577 2078 353
1628 2014 2010 2078 scribentem

717 2117 903 2190 αὐτὸς
954 2118 1287 2194 δυσμενέας
1338 2117 1392 2182 δ’
1446 2117 1666 2199 ἄνδρας
1714 2119 1862 2183 τότε
1912 2116 1999 2189 δὲ
2047 2125 2188 2203 (pro
2235 2120 2315 2198 δ’)
2364 2120 2473 2183 οὐκ
2519 2119 2786 2192 ἐλεήσει.

624 2223 793 2290 Cum
862 2223 1231 2289 melioribus
1300 2223 1481 2288 libris
1551 2229 1658 2302 (Φ)
1734 2223 2021 2288 deleatur
2104 2222 2159 2288 δ’
2237 2207 2478 2288 errrore
2549 2226 2918 2308 repetitum.

534 2329 899 2416 Legitimus
948 2333 1119 2394 enim
1168 2338 1266 2395 est
1311 2331 1528 2395 hiatus
1576 2335 1724 2394 ante
1773 2330 2082 2394 diaeresin
2127 2329 2504 2394 bucolicam.

632 2439 837 2499 Otaces
872 2439 1027 2500 satis
1068 2436 1425 2520 frequentes
1462 2442 1613 2499 sunt
1633 2485 1646 2511 ,
1699 2434 2078 2520 plerumque
2129 2436 2330 2500 factae
2378 2456 2495 2520 ope
2542 2435 2815 2521 copulae
2861 2441 2924 2499 et

538 2541 816 2606 articuli.

628 2647 861 2711 Versus
917 2645 1231 2727 spondaici
1278 2647 1491 2712 crebro
1540 2652 1882 2711 occurrunt
1902 2695 1916 2723 ‚
1963 2650 2034 2710 in
2080 2646 2244 2711 libro
2289 2646 2340 2724 Ι,
2389 2649 2446 2710 si
2489 2653 2662 2711 recte
2706 2667 2924 2710 nume-

533 2756 705 2829 ravi,
760 2751 847 2816 36
891 2755 959 2815 in
1006 2750 1139 2815 400
1186 2772 1335 2827 vss.,
1381 2754 1449 2815 in
1490 2751 1585 2814 III
1623 2749 1782 2830 (829
1823 2759 1982 2831 vss.)
2021 2750 2144 2828 483
2189 2750 2406 2816 nullus
2445 2757 2669 2816 autem
2709 2755 2924 2837 peccat
3059 2849 3070 2860 ·

535 2864 755 2925 contra
802 2859 995 2922 metri
1043 2856 1237 2941 leg-es.

622 2962 795 3042 Quae
838 2963 1167 3046 hucusque
1205 2960 1487 3025 vidimus
1528 2961 1606 3025 de
1647 2960 2138 3048 Sibyllistarum
2179 2968 2315 3027 arte
2353 2965 2624 3028 metrica
2645 2962 2923 3047 plerum-

530 3089 654 3154 que
720 3073 835 3132 aut
902 3066 1115 3132 levem
1175 3073 1291 3130 aut
1352 3065 1597 3130 nullam
1659 3067 1896 3132 habent
1959 3068 2390 3133 offensionem.
2461 3066 2588 3132 Sed
2634 3071 2924 3154 graviter

528 3175 729 3240 iidem
790 3193 974 3257 saepe
1036 3179 1299 3259 peccant
1358 3178 1577 3237 contra
1637 3172 1959 3237 vocalium
2023 3175 2470 3259 quantitatem.
2519 3171 2660 3252 Quo
2703 3176 2924 3238 minus

528 3280 731 3346 refero
801 3279 969 3364 quod
1040 3280 1472 3362 antiquiorum
1535 3277 1831 3362 exemplo
1893 3299 2018 3342 non
2079 3285 2335 3343 tantum
2396 3276 2648 3344 vocales
2665 3325 2681 3354 ‚
2731 3285 2814 3344 ut
2857 3281 2924 3342 in

533 3390 673 3451 Νῶε
734 3385 838 3464 (cf.
892 3385 1067 3463 ἥρωος
1114 3387 1307 3461 sim.),
1375 3383 1482 3447 sed
1532 3386 1730 3447 etiam
1778 3383 2253 3470 diphthongum
2301 3407 2368 3446 αι
2415 3387 2485 3448 in
2532 3383 2768 3449 mediis
2817 3405 2924 3449 vo-

531 3490 773 3557 cabulis
820 3497 965 3554 ante
1010 3488 1299 3554 vocalem
1344 3491 1732 3573 corripiunt,
1781 3496 1856 3552 ut
1899 3491 1971 3552 in
2019 3491 2275 3554 nomine
2319 3488 2613 3566 ·Εβραῒοι
2659 3487 2726 3552 Π
2771 3487 2920 3556 170.

537 3595 685 3662 173.
720 3593 869 3660 175.
918 3593 1022 3670 aL,
1070 3597 1137 3656 in
1186 3592 1415 3661 δίκαιος
1466 3590 1529 3655 Π
1577 3591 1707 3656 261
1757 3591 1863 3669 aL,
1914 3596 1982 3657 in
2031 3593 2317 3669 ματαίως
2367 3591 2464 3657 ΙΠ
2502 3591 2612 3670 29,
2651 3595 2720 3658 in
2761 3595 2918 3671 γαίη

528 3701 625 3767 III
674 3699 827 3765 361.
878 3697 962 3762 VI
1012 3697 1095 3762 21
1150 3697 1254 3774 al„
1296 3701 1363 3762 in
1406 3699 1615 3776 κεραίη
1656 3696 1712 3759 V
1752 3697 1859 3762 22.
1889 3698 1974 3762 25
2013 3705 2079 3763 et
2117 3701 2392 3784 passim;
2437 3719 2600 3783 quae
2623 3699 2920 3784 exempla

527 3809 772 3873 faciunt
820 3813 896 3870 ut
939 3826 1055 3890 pro
1103 3811 1401 3888 corrupta
1446 3803 1740 3868 codicum
1785 3803 2057 3869 lectione
2104 3801 2266 3868 XIII
2305 3801 2346 3868 8
2395 3807 2651 3881 γεγαώς
2701 3809 2918 3890 potius

434 3915 437 3920 ’
525 3937 571 3990 y
590 3936 617 3975 ε
636 3936 667 3991 ρ
684 3936 725 3975 α
745 3936 762 3975 ι
782 3910 814 3975 ό
828 3935 857 3982 ς
909 3911 1229 3994 corrigam
1279 3929 1474 3994 qnam
1521 3931 1566 3984 y
1586 3933 1617 3972 ε
1634 3931 1665 3987 ρ
1683 3933 1726 3972 α
1745 3909 1775 3972 ό
1791 3933 1820 3980 ς
1843 3957 1859 3985 ,
1912 3909 2081 3994 quod
2131 3908 2336 3973 editor
2381 3911 2667 3974 restituit
2703 3926 2738 3974 e
2781 3907 2918 3994 pul·

526 4017 677 4081 chra
725 4013 1066 4079 Alexandri
1120 4015 1497 4078 coniectura.
1561 4013 1784 4098 Neque
1824 4013 2173 4080 admodum
2213 4017 2499 4099 graviter
2537 4014 2668 4080 fero
2687 4063 2704 4092 ,
2747 4013 2916 4100 quod

526 4121 591 4184 Π
637 4120 723 4184 29
786 4137 971 4206 poeta
1035 4120 1306 4183 scribere
1354 4119 1477 4183 sibi
1524 4121 1818 4202 permisit
1867 4122 1934 4182 in
1983 4119 2271 4184 clausula
2317 4118 2501 4183 σύνε
2522 4143 2598 4184 σε
2619 4145 2648 4192 ς
2699 4116 2912 4195 ἔσται,
3035 4191 3046 4202 ‚

526 4228 677 4310 quia
738 4227 805 4287 in
866 4224 1149 4288 Homero
1200 4244 1315 4288 suo
1362 4223 1608 4309 legerat
1654 4247 1837 4288 συνε
1857 4224 2002 4302 χὲς
2053 4223 2198 4287 αἰεί.
2253 4223 2472 4288 Etiam
2517 4223 2914 4302 αεσημβρίκς

526 4331 621 4396 ΙΠ
670 4330 755 4394 26
804 4327 883 4393 al.
949 4329 1255 4412 producta
1315 4330 1491 4394 brevi
1558 4328 1810 4430 syllaba
1857 4333 2026 4394 inter
2074 4329 2233 4394 duas
2279 4329 2538 4416 longas,
2590 4351 2742 4396 voce
2789 4329 2916 4394 Ho-
