3192 5009
550 256 683 325 220
1305 276 1391 323 An
1438 274 1788 323 ms'ronuu
1834 274 2168 323 scnmcffl,

551 442 897 528 „quiddam
958 449 1055 508 est
1116 463 1485 528 perpessae,
1554 462 1743 507 senex
1806 444 1975 506 enim
2023 444 2091 505 in
2140 440 2536 506 Simonidem
2581 446 2678 505 est
2717 446 2924 503 muta-

549 555 697 625 „tus
716 598 732 626 ,
796 552 887 614 ita
948 556 1023 613 ut
1081 550 1244 615 lucri
1298 570 1487 613 causa
1506 556 1513 563 ‘
1533 546 1640 613 vel
1683 552 1750 611 in
1797 553 1964 612 crate
2011 550 2292 612 viminea
2339 549 2640 633 navigare
2685 548 2780 611 sit
2825 565 2924 630 pa·

550 655 835 731 ‚,1·atus”.
887 654 1236 721 Smomnns
1282 674 1499 719 sorim
1546 671 1748 719 Pon-u
1797 670 2222 719 GRANDAnvus
2264 672 2330 716 m
2378 652 2669 718 SICILIAM
2714 670 2921 725 snm,

544 763 683 825 auri
745 782 956 826 amore
1020 762 1381 846 perductus.
1446 760 1608 825 Illuc
1671 764 1864 825 etiam
1927 758 2270 844 Sophocles
2331 760 2448 823 sub
2510 762 2684 823 vitae
2733 758 2924 821 finem

542 869 911 953 navigarat,
960 887 1164 951 neque
1211 869 1403 930 nimis
1453 866 1876 931 abstinentem
1923 866 2015 929 ibi
2063 886 2130 929 se
2181 865 2528 931 ostendisse
2570 865 2920 929 ferebatur:

542 993 666 1059 quo
714 972 1085 1038 divitiarum
1132 972 1342 1036 studio
1389 992 1557 1036 nune
1605 974 1672 1035 in
1720 974 2004 1035 maxima
2052 970 2332 1056 pericula
2373 977 2470 1035 est
2510 969 2826 1035 adductus
2863 974 2922 1031 et

542 1081 747 1163 patria
790 1086 977 1143 caret.
1029 1077 1134 1143 Sic
1173 1084 1424 1164 aptam,
1468 1084 1541 1142 ut
1581 1098 1762 1163 spero
1782 1126 1797 1153 ,
1843 1077 2332 1163 explicationem
2371 1077 2562 1142 habet
2587 1074 2920 1157 naviyandi

544 1185 815 1250 verbum
858 1188 927 1249 in
974 1184 1290 1249 locutione
1338 1183 1451 1248 illa
1499 1184 1612 1248 κᾶν
1666 1184 1762 1245 ἐπὶ
1815 1184 1978 1261 ῥιπὸς
2031 1184 2286 1247 πλέοι.

634 1290 976 1377 Sophocles
1036 1294 1244 1377 igitur
1305 1296 1491 1375 poeta
1551 1292 1843 1375 tangitur
1905 1309 1942 1354 a
2003 1292 2244 1355 comico
2291 1288 2476 1354 Pacis
2521 1288 2637 1366 1.1.,
2685 1288 2801 1355 sed
2844 1287 2924 1352 le·

548 1402 713 1463 niter
782 1397 1127 1462 admodum
1196 1398 1505 1482 tangitur.
1587 1394 1860 1460 Iamiam
1931 1396 2252 1461 rediturus
2321 1403 2455 1460 erat
2525 1399 2816 1482 tragicus
2847 1392 2920 1471 ¹):

546 1507 763 1589 itaque
828 1504 902 1568 de
949 1505 1233 1569 absentia
1280 1506 1417 1567 eius
1463 1505 1667 1567 iocare
1716 1502 1871 1588 quid
1920 1499 2220 1567 vetabat?
2268 1505 2473 1567 immo
2522 1504 2633 1578 fle,
2685 1504 2800 1588 qui
2848 1500 2924 1563 fa·

548 1610 781 1674 vebant
850 1617 1105 1694 poetae,
1180 1630 1292 1693 per
1356 1612 1571 1673 iocum
1635 1610 1852 1692 potius
1914 1608 2546 1673 commemorandum
2607 1614 2746 1671 erat
2793 1609 2922 1672 eius

550 1714 820 1781 exilium
883 1736 1075 1799 quam
1124 1715 1377 1780 silentio
1423 1714 1876 1799 premendum,
1931 1720 2238 1799 tanquam
2287 1734 2476 1779 senex
2529 1716 2740 1799 turpis
2785 1712 2922 1776 faci·

548 1825 717 1886 noris
777 1842 1043 1906 poenam
1088 1820 1296 1885 lueret
1343 1823 1862 1908 ignominiosam.
1912 1819 2056 1884 Non
2102 1820 2396 1884 credebat
2444 1820 2714 1884 fortasse
2763 1818 2924 1883 Aris-

548 1926 855 2012 tophanes
874 1976 891 2003 ‚
963 1948 999 1991 a
1068 1926 1302 1992 Siculis
1372 1934 1746 2013 corruptum
1815 1923 2192 2010 Sophoclem
2265 1927 2398 1988 suis
2463 1928 2676 2011 magis
2737 1944 2918 2010 quam

547 2037 789 2118 patriae
859 2033 1209 2098 commodis
1278 2035 1678 2110 inserviisse;
1755 2038 2038 2095 attamen
2107 2034 2161 2094 si
2221 2031 2640 2095 abstinentiae
2704 2030 2921 2094 fuisset

546 2144 713 2205 inter
773 2160 992 2205 omnes
1056 2146 1241 2205 notae
1261 2190 1276 2218 ,
1342 2162 1419 2205 ne
1480 2142 1654 2204 nasci
1717 2138 1978 2224 quidem
2022 2140 2335 2222 potuisset
2381 2135 2529 2201 talis
2579 2138 2916 2205 accusatio;

548 2244 817 2330 denique
881 2246 1167 2330 qu'allait
1226 2245 1280 2307 il
1322 2246 1511 2330 faire
1559 2246 1711 2306 dam
1757 2252 1904 2307 cette
1943 2241 2213 2323 yalbre?
2248 2241 2402 2328 quid
2446 2244 2699 2307 homini
2748 2261 2922 2329 gran·

549 2351 745 2415 daevo
765 2401 780 2428 ,
846 2358 1069 2437 poetae
1132 2372 1419 2427 summ0‚
1482 2372 1640 2436 opus
1703 2350 1830 2414 fuit
1889 2349 2112 2413 Musas
2173 2350 2456 2413 deserere
2505 2355 2580 2412 ut
2624 2346 2848 2433 procul
2887 2366 2919 2407 a

547 2478 663 2521 sua
731 2460 936 2544 patria
1006 2478 1243 2542 suaque
1314 2478 1499 2522 scena
1568 2462 1854 2521 remotus
1919 2454 2090 2520 bella
2157 2463 2410 2541 gereret
2472 2476 2676 2540 neque
2739 2452 2919 2519 utilia

551 2585 754 2649 neque
800 2560 1187 2629 honorifica?

638 2669 869 2735 Veram
931 2672 1155 2755 igitur,
1221 2671 1346 2732 nisi
1409 2670 1624 2733 omnia
1688 2689 1792 2732 me
1837 2668 2108 2744 fallunt,
2157 2670 2279 2731 ioci
2329 2667 2784 2752 Aristophanei
2829 2686 2918 2729 ex·

547 2776 957 2863 plicationem
1022 2774 1289 2859 protulit
1356 2780 1822 2839 commentator
1881 2777 1938 2838 is
1987 2776 2096 2859 qui
2143 2776 2506 2838 annotavit:
2557 2770 2646 2835 ὅτι
2701 2774 2770 2836 ἐκ
2820 2779 2914 2841 τῆς

546 2885 928 2957 στρατηγίας
983 2882 1387 2957 ἦργυρίσκτο,
1436 2880 1906 2965 expeditionem
1957 2878 2242 2943 Siculam
2289 2882 2595 2966 cogitans.
2669 2877 2918 2942 Stultis-

546 2990 748 3052 simus
810 3008 958 3051 vero
1018 2986 1142 3049 fuit
1189 2984 1383 3049 homo
1430 2990 1542 3070 qui
1588 2994 1806 3071 postea
1857 2988 2148 3071 appinxit
2193 2987 2388 3050 verba
2432 2992 2540 3056 τῆς
2592 2987 2652 3047 ἓν
2709 2984 2915 3058 Σάμῳ.

546 3093 715 3158 Nam
782 3091 1277 3177 Aristophanem
1346 3090 1528 3155 Pacis
1590 3091 1728 3156 loco
1789 3113 1916 3156 non
1979 3094 2284 3177 respicere
2335 3112 2432 3156 res
2481 3112 2641 3176 quae
2691 3089 2917 3177 viginti

548 3202 726 3265 annis
790 3206 933 3262 ante
996 3198 1399 3273 accidissent,
1464 3197 1531 3261 id
1594 3218 1719 3261 non
1781 3218 1894 3262 nos
1958 3196 2078 3261 soli
2125 3201 2471 3274 sentimus,
2523 3200 2768 3282 opinor,
2821 3192 2918 3261 sed

550 3304 819 3391 quilibet
884 3306 1102 3367 statim
1172 3302 1496 3390 intellegit
1516 3352 1529 3379 ‚
1606 3324 1807 3388 neque
1877 3311 2122 3368 veteres
2190 3306 2599 3390 grammatici
2659 3307 2728 3368 in
2795 3310 2916 3370 tam

548 3412 961 3476 manifestum
1009 3429 1284 3473 errorem
1330 3416 1622 3495 poterant
1669 3409 1962 3474 incidere.

640 3514 913 3581 Aliunde
974 3520 1192 3579 autem
1254 3522 1499 3579 constat
1518 3564 1534 3591 ‚
1601 3514 1980 3600 Sophoclem
2041 3523 2296 3600 poetam
2361 3516 2804 3603 grandaevum
2861 3516 2917 3577 in

545 3626 647 3688 ius
716 3628 1015 3687 vocatum
1084 3643 1218 3687 esse
1238 3642 1253 3700 3
1327 3642 1478 3685 nam
1549 3621 1922 3686 Aristoteles
1979 3620 2297 3687 Rhetoric.
2364 3621 2460 3687 III
2511 3620 2616 3699 15,
2647 3622 2688 3687 3
2753 3622 2919 3686 affert

546 3730 793 3795 dictum
856 3728 1136 3793 facetum
1197 3726 1313 3792 illa
1362 3730 1681 3792 occasione
1731 3726 1809 3791 ab
1857 3726 1969 3791 illo
2017 3726 2376 3811 prolatum:
2433 3736 2756 3803 Σοφοκλῆς
2808 3728 2916 3801 ἔφη

543 3836 784 3911 τρέμειν
836 3836 991 3923 οὐχ,
1042 3836 1114 3902 ὥς
1168 3834 1193 3895 ὅ
1245 3832 1610 3908 διαβάλλων
1657 3830 1819 3908 ἔφη,
1865 3829 1965 3894 ἵνκ
2007 3832 2146 3912 δοκῇ
2197 3833 2387 3908 γέρων
2437 3828 2612 3916 εἶναι,
2665 3834 2820 3897 ἀλλ’
2862 3826 2919 3905 ἐξ

546 3940 863 4016 ἀνάγκης·
933 3938 997 4000 οὐ
1061 3938 1187 4016 γὰρ
1252 3938 1445 4001 ἑκόντι
1515 3941 1684 4016 αὐτῷ
1734 3934 1884 4001 εἶναι
1935 3937 2040 4008 ἔτη
2091 3938 2485 4013 ὀγδοήκοντα.
2533 3938 2678 4005 Hoc
2726 3942 2918 4026 igitur

543 4047 896 4110 certissimo
962 4046 1327 4109 testimonio
1388 4045 1626 4109 scimus
1693 4049 1952 4129 poetam
2011 4046 2492 4129 octogenarium
2561 4052 2914 4109 accusatum

620 4302 668 4365 1)
704 4300 863 4360 Hinc,
898 4302 948 4351 ni
986 4301 1142 4360 fallor,
1178 4302 1305 4351 inter
1342 4303 1467 4350 dona
1498 4318 1621 4367 quae
1655 4303 1754 4354 Pu
1789 4318 1898 4355 mox
1931 4307 2003 4352 est
2039 4301 2412 4360 Atheniensibus
2445 4302 2655 4356 austun
2691 4318 2920 4355 mensen-

550 4388 635 4435 tm·
668 4385 812 4435 etiam
849 4381 979 4445 μέλη
1011 4382 1315 4449 Σοφοκλέους
1352 4399 1417 4436 νο.
1456 4385 1568 4438 531,
