3192 5009
537 321 668 389 404
1593 338 1837 390 minoe.

535 509 710 574 Τάδε
758 507 979 574 διέθετο
1024 513 1238 573 νοοῦσα
1285 508 1390 573 καὶ
1438 513 1743 589 φρονοῦσα
1782 507 2136 584 Ἐπικτήτα
2179 507 2434 589 Γρίννου.
2478 545 2563 556 -
2608 515 2901 578 Δαυλιεῒς

536 615 794 687 νοέοντες
843 614 946 680 καὶ
993 615 1340 697 φρονέοντες
1378 616 1677 692 άνέθηκαν
1718 621 1803 698 τᾷ
1846 612 2100 698 Ἀθάνα.
2149 613 2315 696 Quid
2356 617 2410 680 si
2447 614 2665 680 Isaeus
2706 614 2909 692 ὑγιαί-

536 746 645 787 νων
689 727 916 803 φρονῶν
961 727 1098 787 νοῶν
1146 720 1428 789 dederit?
1495 731 1730 803 Φρονεῖν
1781 725 1954 787 enim
2001 721 2106 787 vel
2150 725 2289 787 sine
2334 717 2402 786 εὖ
2448 742 2666 808 sapere
2714 723 2911 808 sig-ni-

535 829 699 894 ficat.
763 829 863 893 Ad
923 829 1159 893 nubem
1219 827 1660 915 exemplorum
1679 878 1694 905 ‚
1760 849 1953 914 quam
2014 826 2256 895 Contus
2304 832 2618 894 contraxit
2634 877 2653 905 ,
2702 847 2909 892 unum

535 936 766 1002 addam
812 956 890 1000 ex
934 936 1243 1001 Aeschine
1287 934 1401 1012 III,
1454 934 1539 1000 94
1587 935 1705 1005 τὰς
1754 935 1824 1012 ἐξ
1872 936 2097 1014 Ὠρεοῦ
2145 933 2467 1010 συντάξεις
2515 933 2621 997 καὶ
2670 935 2785 1005 τὰς
2834 930 2909 1008 ἐξ

532 1043 846 1122 Ἐρετρίας
873 1079 959 1092 -
984 1039 1242 1121 δρώντων
1279 1040 1645 1123 φρονούντων
1685 1042 2043 1120 βλεπόντων
2084 1040 2296 1106 ἔλαθον
2326 1042 2489 1118 ὑμῶν
2515 1039 2905 1118 ὑφελόμενοι.

623 1148 708 1227 II,
763 1147 844 1213 19
903 1146 992 1214 ὅτι
1043 1147 1106 1213 δὲ
1153 1151 1218 1214 οὑ
1270 1156 1583 1229 παρανοῶν
1630 1148 1761 1214 οὐδὲ
1810 1150 2055 1227 γυναικὶ
2106 1149 2453 1224 πειθόμενος
2502 1148 2530 1212 ὃ
2578 1154 2905 1220 Μενεκλῆς

537 1257 885 1330 ἐποιήσατο.
947 1255 1102 1319 Post
1161 1257 1385 1340 partic.
1432 1252 1782 1332 πειθόμενος
1830 1257 2161 1342 interpone
2207 1255 2640 1320 necessarium
2680 1273 2911 1340 prono-

535 1381 685 1428 men
735 1359 866 1437 ἐμέ.

625 1466 760 1532 Ibd.
823 1472 1053 1545 πρῶτον
1114 1466 1228 1537 μὲν
1287 1463 1414 1546 γάρ
1463 1470 1496 1542 ἦ
1546 1467 1793 1548 ἀδελφὴ
1844 1505 1930 1516 —-
1979 1468 2186 1547 πολλῷ
2237 1466 2519 1546 πρότερον
2566 1461 2635 1541 ἦν
2682 1463 2915 1529 ἐκδεδο-

537 1573 686 1652 μένη
750 1577 885 1652 πρὶν
929 1572 1134 1654 (codd.
1183 1573 1318 1652 πρὶν
1367 1573 1432 1654 ἢ)
1480 1575 1589 1649 τὴν
1642 1573 1879 1648 ποίησιν
1925 1574 2249 1652 γενέσθαι,
2298 1569 2441 1638 ὥστ’
2493 1571 2551 1637 εἵ
2594 1574 2662 1651 γ’
2712 1571 2911 1652 ἐκείνῃ

537 1678 804 1750 πεισθεὶς
850 1678 980 1744 τὸν
1028 1678 1150 1744 υἱὸν
1197 1678 1491 1757 ἐποιεῖτο,
1533 1684 1649 1742 τῶν
1690 1680 1914 1753 ἐκείνης
1956 1679 2187 1744 παίδων
2228 1679 2331 1743 τὸν
2368 1677 2566 1758 ἕτερον
2592 1676 2914 1753 ἐποιήσατ’

538 1784 635 1851 ἄν.
688 1788 831 1864 »τὸν
878 1785 1000 1850 υἱὸν
1042 1786 1321 1851 ἐποιεῖτο.
1365 1783 1693 1850 Articulus
1732 1807 1809 1851 ne
1850 1806 2043 1871 quem
2083 1785 2373 1852 offendat.
2423 1785 2541 1850 Est
2576 1785 2697 1850 hoc
2734 1784 2917 1849 idem

539 1913 610 1958 ac
657 1895 712 1957 si
759 1891 1022 1956 dixisset
1067 1891 1170 1956 τὸν
1217 1891 1340 1956 υίὸν
1387 1890 1689 1970 ἐσόμενον,
1738 1915 1866 1956 eum
1910 1915 2077 1978 quem
2104 1891 2315 1976 filium
2360 1891 2673 1955 habiturus
2718 1889 2914 1953 md’

538 1999 1028 2082 (Schoemann.).
1077 1998 1394 2083 Equidem
1430 1998 1818 2064 mutandum
1857 2001 2034 2064 artic.
2074 2019 2297 2064 censeo
2332 2001 2403 2063 in
2440 2018 2727 2083 pronom.
2770 2019 2809 2059 τ
2826 2020 2847 2060 ι
2864 1997 2917 2058 ν’

541 2107 685 2172 υἱόν.
755 2105 1084 2172 Facillime
1143 2108 1212 2170 in
1271 2105 1452 2171 libris
1498 2109 1950 2192 manuscriptis
1998 2107 2099 2170 τὸν
2148 2113 2213 2172 et
2259 2105 2368 2171 τιν’
2414 2104 2915 2174 confunduntur.

539 2213 773 2278 Editur
829 2213 1000 2298 apud
1063 2211 1389 2278 Demosth.
1451 2211 1633 2290 XIX,
1680 2210 1847 2278 257:
1910 2212 2212 2292 ἅνθρωπος
2275 2213 2685 2293 (Aeschinem
2728 2217 2918 2297 puta)

543 2321 752 2385 πολλὰ
815 2319 916 2383 καὶ
982 2317 1144 2383 δεινὰ
1207 2318 1599 2398 πρεσβεύσας
1661 2320 1766 2384 καὶ
1828 2320 2035 2401 χώρας
2083 2318 2423 2391 ἐκδεδωκὼς
2443 2369 2460 2399 ,
2512 2320 2572 2382 ἐν
2620 2312 2719 2390 αἷς
2768 2316 2918 2388 τοὺς

545 2531 986 2598 ὑπακούσαντά
1036 2537 1175 2596 τιν’
1223 2532 1412 2596 αὑτοῦ
1461 2534 1817 2612 κατήγορον.
1868 2531 1969 2598 Ad
2015 2553 2175 2617 quae
2215 2531 2501 2598 Blassius
2540 2533 2915 2597 annotavit:

542 2640 620 2706 cf.
682 2639 905 2704 Liban.
967 2637 1076 2716 IV,
1129 2636 1278 2716 553,
1313 2637 1432 2704 15:
1499 2643 1828 2709 καλοῦντος
1894 2639 1997 2720 ἐφ’
2059 2639 2274 2704 ἑαυτὸν
2337 2644 2443 2703 τοῦ
2492 2643 2718 2717 μοιχοῦ
2769 2637 2919 2714 μήθ’

543 2748 890 2822 ὑπακοῦσαι
931 2746 1094 2823 μήτε
1136 2743 1302 2819 δίκην
1344 2745 1589 2823 λαβεῖν.
1634 2744 1778 2822 „Ad
1815 2746 2087 2811 verbum
2112 2745 2435 2810 ὑπακούειν
2456 2743 2919 2810 illustrandum

537 2856 721 2918 iuvat
785 2852 938 2917 haec
1007 2871 1337 2936 apponere.
1410 2849 1610 2918 Cobet
1683 2849 1942 2917 GoHect.
2014 2854 2155 2917 crit.
2219 2874 2282 2937 p.
2335 2849 2499 2916 505:
2574 2850 2919 2916 discrimen

539 2965 759 3023 tamen
805 2964 901 3022 est
939 2961 1186 3022 certum
1225 2963 1290 3022 et
1327 2957 1800 3043 perspicuum.”
1843 2961 2037 3038 (inter
2076 2957 2396 3023 ἐπακούειν
2433 2963 2499 3022 et
2538 2956 2920 3035 ὑπακούειν).

545 3063 899 3143 „Vocatum
963 3061 1093 3143 (vel
1139 3064 1436 3142 citatum)
1482 3063 1857 3150 respondere
1871 3113 1887 3142 ,
1934 3066 2152 3131 venire
2170 3111 2187 3140 ‚
2236 3062 2449 3128 adesse
2498 3065 2555 3126 si
2600 3063 2743 3147 quis
2788 3063 2923 3126 ius-

543 3173 697 3236 serit
760 3174 824 3235 et
885 3167 1122 3234 similia
1181 3169 1281 3233 his
1345 3173 1560 3234 omnia
1624 3172 1950 3236 ὑπακούειν
2008 3169 2325 3236 dicuntur.
2376 3169 2921 3255 Frequentissime

543 3279 803 3363 ponitur
849 3276 926 3341 de
970 3277 1237 3342 ianitore
1256 3325 1273 3354 ,
1322 3280 1433 3362 qui
1478 3298 1682 3362 quum
1730 3279 1875 3362 quis
1912 3279 2151 3343 ostium
2192 3276 2508 3363 pulsasset
2549 3275 2919 3341 ὑπακούει.”

543 3382 786 3449 Attulit
833 3381 1109 3450 Cobetus
1155 3380 1281 3447 duo
1329 3381 1499 3448 locos
1551 3403 1586 3448 e
1636 3383 1967 3449 Plutarchi
2014 3383 2244 3450 Moral.
2296 3381 2427 3448 969
2451 3381 2502 3446 F
2550 3389 2617 3448 et
2664 3379 2795 3446 419
2822 3379 2880 3445 Β
2902 3431 2920 3460 ,

541 3493 610 3556 in
649 3490 879 3575 quibus
915 3510 979 3553 v.
1023 3488 1351 3554 ὑπακούειν
1387 3510 1538 3554 cum
1583 3488 1800 3556 dativo
1840 3496 1937 3556 est
1978 3493 2412 3556 coniunctum.
2460 3486 2555 3555 Cf.
2596 3487 2919 3574 Hyperid.

545 3594 661 3674 ΙΠ,
715 3594 830 3660 18:
893 3595 1042 3659 ἀλλ’
1099 3589 1166 3668 ἦν
1229 3594 1480 3660 σπάνιον
1543 3596 1687 3659 ἰδεῖν
1754 3598 1869 3660 ἀπ’
1923 3597 2342 3674 εἰσαγγελίας
2390 3594 2527 3660 τινα
2577 3594 2921 3674 κρινόμενον

550 3702 989 3769 ὑπακούσαντα
1053 3702 1136 3773 εἰς
1198 3701 1268 3766 τὸ
1330 3701 1691 3780 δικαςῆριον.
1754 3702 2046 3788 Xenoph.
2108 3703 2281 3767 Hist.
2345 3700 2457 3769 Gr.
2508 3700 2581 3784 V,
2634 3700 2696 3779 4,
2723 3699 2812 3766 24
2858 3703 2918 3766 01

549 3809 610 3874 δὲ
657 3805 856 3889 ἔφοροι
897 3806 1285 3872 ἀνεκάλεσάν
1324 3831 1392 3872 τε
1434 3808 1536 3872 τὸν
1580 3811 1891 3888 Σφοδρίαν
1935 3810 2039 3874 καὶ
2081 3810 2314 3887 ὑπῆγον
2350 3807 2648 3873 θανάτου·
2692 3807 2917 3879 ἐκεῖνος

548 3914 753 3993 μέντοι
813 3913 1198 3996 φοβούμενος
1245 3915 1366 3995 οὑχ
1414 3915 1782 3991 ὑπήκουσεν·
1838 3914 1997 3994 ὅμως
2047 3915 2109 3980 δὲ
2157 3917 2379 3995 καίπερ
2427 3917 2548 3996 οὑχ
2596 3914 2919 3981 ὑπακούων

548 4022 634 4091 εἷς
689 4023 796 4095 τὴν
845 4020 1035 4100 κρίσιν
1083 4021 1401 4102 άπέφυγε.
1451 4021 1765 4088 Similiter
1810 4027 2069 4109 ponitur
2111 4045 2173 4088 v.
2224 4023 2537 4087 άπαντοῖν.
2586 4023 2812 4088 Aesch.
2862 4021 2919 4100 I,

555 4124 683 4192 170
729 4123 875 4193 ὥστ’
923 4125 1046 4191 οὐδ’
1096 4127 1566 4202 άπαντῆσεσθαί
1610 4153 1692 4204 με
1738 4130 1823 4201 είς
1871 4129 1939 4193 τὸ
1981 4129 2319 4209 δικαστήριον
2355 4128 2919 4206 άπολογησόμενον.

549 4231 752 4298 Stahl.
812 4231 891 4296 ad
955 4231 1153 4298 Thuc.
1215 4231 1323 4311 IV,
1373 4231 1480 4312 89,
1511 4234 1568 4299 1.
1621 4233 1886 4321 Saepius
1935 4257 1997 4300 v.
2048 4235 2373 4300 ὑπακούειν
2418 4241 2767 4322 usurpatur
2812 4233 2925 4300 ab·

551 4337 756 4406 solute
799 4337 988 4404 Isocr.
1037 4337 1240 4417 XVII,
1293 4338 1379 4404 43
1431 4340 1670 4414 κληθεὶς
1719 4341 1825 4406 καὶ
1878 4342 2255 4413 ὑπακούσας.
2303 4340 2635 4407 Demosth.
2682 4339 2758 4419 L,
2806 4339 2918 4406 51.

550 4445 704 4512 Isae.
767 4443 875 4523 IV,
922 4443 1030 4510 29.
1087 4444 1330 4511 Locum
1388 4445 1834 4512 Demosthenis
1897 4469 2089 4534 supra
2132 4450 2496 4536 appositum
2542 4451 2919 4534 corruptum
