3192 5009
1293 344 1806 424 mormsrus.
2605 340 2737 409 323

357 545 829 609 concinniorem
848 592 865 622 ,
914 545 1096 630 quasi
1141 544 1574 609 nominativus
1612 538 1745 606 8118
1783 539 1974 605 modo
2021 539 2100 604 ad
2138 542 2481 624 patronum
2519 531 2740 598 referri

357 650 587 734 possit.
657 649 788 715 Nec
860 649 1211 736 quidquam
1281 668 1505 714 causae
1565 647 1751 713 video
1812 667 1925 711 cur
1980 643 2095 710 ino
2155 641 2328 709 solus
2372 641 2495 706 sibi
2537 637 2740 704 soleas

358 777 574 821 emere
641 754 772 836 (vel
830 762 1141 836 coemere)
1205 759 1496 841 nequeat.
1559 753 1677 820 Est
1740 759 1955 819 tamen
2021 749 2315 836 expedita
2372 767 2493 812 res.
2563 743 2741 809 Haec

355 865 540 928 intus
583 869 894 948 aguntur:
942 862 1104 927 forte
1151 867 1296 947 post
1341 862 1715 926 convivium
1759 859 2057 924 dominus
2096 852 2380 941 crepidas
2420 852 2707 938 poposcit
2722 897 2739 926 ,

358 987 520 1054 (1888
588 967 744 1032 dum
813 967 1026 1033 induit
1044 1016 1060 1044 ,
1147 966 1443 1032 adulator
1509 965 1867 1030 formosum
1935 961 2164 1049 pedem
2234 959 2432 1025 stulte
2496 955 2739 1022 laudat.

359 1071 532 1153 Quid
575 1075 781 1160 igitur
816 1071 1018 1140 latet?
1055 1073 1116 1138 N
1118 1093 1304 1159 empo
1354 1073 1387 1136 ὖ
1405 1097 1452 1137 π
1471 1096 1498 1137 ο
1517 1073 1594 1137 ao
1614 1098 1647 1138 υ
1669 1096 1719 1147 μ
1737 1070 1764 1135 ἑ
1782 1095 1853 1136 νο
1873 1093 1907 1134 υ
1954 1075 2020 1136 et
2058 1071 2348 1153 superest
2386 1065 2742 1151 vestigium

354 1181 846 1265 praepositionis
894 1177 1012 1245 ὑπό
1028 1227 1045 1257 ,
1093 1199 1245 1245 nam
1286 1181 1356 1244 in
1392 1179 1701 1243 Parisinis
1738 1175 1921 1242 libris
1958 1180 2088 1242 est:
2129 1169 2563 1248 συνωνούμενος
2610 1169 2639 1232 ἐ
2653 1168 2738 1232 πὶ

359 1285 685 1366 munnae.

451 1391 613 1457 Ibid.
667 1392 780 1456 ,καὶ
848 1397 962 1455 τῶν
1023 1389 1360 1467 ὲςιωμένων
1420 1396 1646 1470 πρῶτος
1714 1388 2033 1460 ἐπαινέσαι
2098 1386 2205 1450 τὸν
2252 1379 2399 1450 οἶνον
2446 1381 2549 1447 καὶ
2608 1403 2743 1444 πα-

359 1497 721 1576 ραμένων
783 1499 1006 1563 εἰπεῖν·
1055 1499 1130 1570 ὥς
1182 1502 1484 1571 μαλακῶς
1532 1495 1783 1573 ἐσθίεις,
1832 1491 1933 1558 κα)
1982 1493 2137 1572 ἄρας
2185 1516 2248 1555 τι
2295 1496 2408 1554 τῶν
2455 1485 2581 1553 ἀπὸ
2629 1492 2741 1558 τῆς

352 1602 670 1684 τραπέζης
735 1613 934 1682 Φῆσαι
957 1627 971 1644 ·
1037 1605 1202 1670 τουτὶ
1270 1602 1418 1684 ἄρα
1485 1605 1562 1676 ὥς
1628 1601 1856 1685 χρῇς-όν
1919 1603 2030 1668 ἑςι.
2078 1599 2197 1666 Est
2240 1598 2741 1681 uniuscuiusque

348 1713 710 1797 corrigere:
759 1711 925 1775 τουτὶ
972 1709 1009 1776 ὅ
1020 1735 1049 1787 ρ
1069 1735 1112 1774 α
1157 1711 1233 1781 ὥς
1280 1710 1510 1792 χρῇς-όν
1558 1711 1650 1779 lere
1668 1758 1685 1788 ,
1740 1707 1910 1795 quod
1947 1711 2120 1773 viros
2158 1705 2372 1770 doctos
2410 1703 2742 1786 hucusque

347 1817 571 1880 nescio
618 1816 936 1901 quomodo
981 1814 1195 1883 latuit.
1246 1813 1414 1884 Cum
1458 1819 1529 1881 in
1573 1814 2017 1900 Rhedigerano
2063 1813 2321 1900 legatur
2366 1805 2741 1888 παρακειμέ-

353 1945 493 2000 νων,
555 1918 918 1989 Gronovius
979 1923 1082 1988 καὶ
1145 1925 1228 2003 τῷ
1278 1919 1707 2003 παρακειμένῳ
1753 1921 2039 2005 scripsit,
2087 1919 2312 1983 Astius
2357 1920 2575 1980 autem
2622 1935 2742 1977 πα-

353 2027 716 2107 ρακείμενος
737 2078 754 2107 ,
817 2029 926 2095 sed
987 2034 1302 2116 quantum
1361 2031 1514 2095 novi
1558 2027 1989 2114 Rhedigerani
2032 2025 2211 2090 illius
2257 2021 2436 2088 88118
2476 2021 2745 2086 auctori-

353 2141 463 2200 tas
484 2182 501 2212 ,
570 2157 684 2201 nec
750 2136 1028 2200 traditur
1094 2136 1461 2202 accubuisse
1520 2137 1877 2221 parasitum
1936 2134 2121 2197 iuxta
2182 2149 2409 2196 coenae
2470 2132 2740 2213 patrem.

355 2239 564 2306 Unice
624 2241 1050 2327 quaerendum
1104 2247 1201 2307 est
1248 2241 1404 2328 quid
1449 2239 1614 2306 illud
1661 2239 2027 2320 παραμένων
2068 2241 2247 2304 intus
2292 2235 2471 2302 celet.
2520 2233 2745 2300 Homi-

357 2367 514 2413 nem
575 2347 847 2414 dixerim
908 2353 1174 2433 patrono
1235 2346 1478 2433 aliquid
1545 2348 2044 2412 insusurravisse
2090 2347 2157 2409 in
2201 2363 2424 2408 aurem
2441 2390 2458 2420 ,
2504 2362 2584 2406 ne
2630 2339 2745 2405 alii

359 2453 740 2520 exaudiant:
790 2454 912 2519 hoc
955 2455 1386 2520 obtinebimus
1431 2456 1552 2519 sic:
1595 2453 1701 2517 καὶ
1752 2451 2003 2533 ἠρέμα
2051 2453 2280 2516 εἷπεῖν·
2320 2452 2399 2522 ὥς
2437 2454 2741 2526 μαλακῶς

361 2559 601 2629 ἐσθίεις.

459 2662 610 2752 Cap.
663 2665 724 2731 3.
772 2666 1176 2746 ἀδολεσχίας.

377 2765 384 2770 ’
458 2773 560 2837 καὶ
643 2775 720 2844 ὥς
805 2773 1230 2854 Βοηδρομιῶνος
1301 2771 1416 2849 μέν
1491 2775 1576 2841 (ἔς-ι
1652 2773 1736 2837 τὰ
1808 2773 2074 2849 μυςῆρια
2093 2820 2111 2849 ,
2184 2772 2604 2844 Πυανεψιῶνος
2680 2764 2745 2830 δὲ

363 2877 771 2958 Ἀπατούρια.
820 2879 1004 2944 Α888
1056 2877 1251 2957 1852,
1303 2877 1474 2964 quod
1519 2880 1890 2944 meminisse
1928 2881 2131 2955 iuvat,
2172 2897 2320 2942 cum
2356 2876 2562 2940 amico
2600 2893 2746 2938 meo

365 2983 626 3050 Kiehlio
685 2985 964 3051 Parisios
1025 2985 1346 3073 profectus
1393 3006 1540 3050 sum
1561 3034 1578 3064 ‚
1627 2983 1815 3070 plane
1860 2991 1937 3050 ut
1980 2983 2250 3049 Horatio
2296 2982 2757 3067 obtemperare-

367 3112 516 3156 mus
576 3097 641 3156 et
691 3090 884 3156 utilia
927 3091 1222 3157 dulcibus
1269 3094 1703 3157 misceremus.
1753 3090 1975 3177 Itaque
2020 3091 2193 3156 horis
2239 3087 2754 3155 antemeridianis

367 3203 444 3263 ut
490 3195 1081 3283 palaeographicam
1128 3200 1460 3262 scientiam
1506 3197 2028 3263 confirmaremus
2045 3245 2061 3273 ‚
2110 3199 2179 3260 in
2225 3193 2480 3281 publica
2523 3193 2753 3260 biblio-

369 3303 552 3369 theca
598 3302 842 3368 codices
887 3303 1132 3390 aliquot
1181 3300 1453 3369 Graecos
1502 3305 1901 3389 inspeximus
1946 3307 2011 3368 et
2056 3300 2444 3368 contulimus
2462 3350 2478 3379 ‚
2528 3298 2751 3366 deinde

367 3431 482 3496 per
545 3407 868 3493 reliquum
923 3407 1051 3474 diei
1095 3414 1354 3494 tempus
1403 3411 1696 3474 animum
1742 3407 2201 3474 relaxabamus.
2273 3406 2393 3472 Est
2436 3405 2606 3492 apud
2650 3426 2756 3471 me

369 3514 624 3581 collatio
673 3515 906 3580 codicis
951 3514 1227 3579 Parisini
1276 3513 1476 3593 2977,
1527 3536 1724 3602 quam
1772 3514 2071 3580 Kiehlius
2118 3513 2461 3600 diligenter
2492 3511 2759 3578 confecit

367 3623 462 3687 ita
521 3625 597 3685 ut
658 3620 868 3686 multa
914 3623 1375 3706 scripturarum
1423 3621 1800 3707 compendia
1847 3642 2041 3707 quam
2086 3622 2561 3686 accuratissime
2609 3617 2761 3684 deli-

369 3733 608 3793 nearet.
647 3726 814 3807 Quid
851 3729 1057 3814 igitur
1097 3732 1194 3794 est
1232 3731 1301 3792 in
1336 3726 1596 3795 codice?
1638 3727 2081 3793 Minutissima
2125 3730 2440 3813 scriptura
2476 3731 2575 3792 est
2592 3775 2607 3804 ,
2648 3724 2759 3790 sed

371 3855 644 3920 agnosco
684 3833 1061 3899 articulum:
1103 3839 1527 3909 Πυανεψιῶνος
1567 3836 1630 3899 δὲ
1655 3833 2069 3912 τῶπατούρια,
2110 3854 2270 3921 (1888
2292 3832 2483 3899 lectio
2506 3834 2762 3898 etiamsi

371 3940 531 4007 alios
548 3990 564 4018 ,
614 3941 782 4027 quod
822 3943 1030 4006 nescio
1048 3990 1064 4019 ‚
1105 3941 1369 4007 fortasse
1409 3962 1532 4007 non
1573 3939 1872 4020 latuerit,
1911 3940 2105 4006 latuit
2144 3945 2312 4006 certe
2352 3937 2714 4026 Ussing-em.

464 4045 618 4132 Gap.
671 4045 734 4111 4.
784 4049 1128 4124 α’γροικΙας.

453 4149 613 4224 ,ὅταν
662 4151 716 4216 δ’
761 4151 858 4232 ἴδη
906 4153 1058 4230 βοῦν
1106 4154 1139 4229 ἢ
1191 4153 1314 4218 ὄνον
1363 4153 1397 4226 ἢ
1449 4152 1679 4234 τράγον
1730 4153 1951 4227 {cumbe
2002 4154 2249 4231 θεωρεῖν.
2296 4151 2425 4218 Hic
2470 4150 2763 4216 additum

374 4257 618 4344 aliquid
687 4262 970 4344 oportuit
989 4307 1006 4336 ,
1079 4279 1205 4344 quo
1275 4261 1656 4325 rusticitatis
1728 4261 1969 4324 crimen
2032 4261 2243 4344 mag-is
2299 4262 2550 4344 pateat,
2612 4277 2762 4322 nam

372 4363 608 4430 bovem
691 4362 798 4430 vel
865 4367 1119 4429 asinum
1189 4370 1502 4450 spectasse
1571 4385 1685 4450 per
1754 4386 1821 4430 se
1889 4385 2014 4429 non
2084 4369 2182 4430 est
2247 4361 2760 4450 improbandum.

373 4468 654 4556 Suppleo
723 4469 952 4549 τράγον
1024 4471 1380 4551 (ὀχεύοντα)
1457 4470 1681 4543 {enacim
1751 4472 2000 4550 θεωρεῖν,
2071 4468 2207 4548 vel,
2296 4470 2354 4536 si
2420 4470 2487 4537 id
2555 4471 2764 4538 mavis
