3192 5009
575 339 704 405 342
1369 361 1454 408 nn
1501 359 1771 408 ramus
1816 359 2119 408 ROMANIS.

571 525 800 608 quibus
845 531 1156 610 augurato
1204 525 1355 609 quid
1401 514 1869 591 consecraretur
1886 575 1901 602 ,
1950 531 2224 613 augusta
2270 527 2560 592 dicantur
2574 573 2591 604 ‚
2632 526 2709 590 ab
2746 530 2937 590 auctu

569 628 674 695 vel
718 630 795 694 ab
839 633 1063 695 avium
1105 636 1296 717 gestu
1342 633 1689 718 gustuve.'’
1740 632 1877 713 (cfr.
1926 631 2049 697 Dio
2099 631 2205 698 53.
2237 632 2341 697 16.
2370 631 2459 712 8).

661 735 835 802 Serv,
877 738 1032 802 Aen.
1078 736 1180 801 11.
1223 735 1390 802 235;
1423 744 1709 815 „tectum
1732 746 2073 819 unqu-stum,
2099 741 2143 803 i.
2169 759 2223 805 e.
2250 738 2521 824 augurio
2544 736 2937 802 conditum.”

659 840 1053 907 Vocabulum
1096 844 1495 929 „augustus”
1537 848 1735 909 etiam
1774 845 1851 908 ab
1874 845 2337 928 antiquioribus
2360 843 2772 928 scriptoribus
2794 863 2945 906 non-

570 969 924 1032 numquam
962 949 1040 1012 ad
1079 948 1462 1015 vocabulum
1491 947 1890 1034 „templum”
1919 953 2284 1035 appositum
2305 949 2587 1036 legimus
2614 947 2684 1029 1).
2708 947 2945 1028 Quam-

570 1075 761 1139 quam
801 1075 874 1118 ea
911 1076 1009 1120 res
1049 1063 1428 1142 argumento
1467 1077 1591 1120 non
1632 1062 1762 1134 est,
1805 1056 1923 1120 hoc
1962 1055 2345 1122 vocabulum
2370 1059 2461 1121 eis
2486 1075 2706 1121 revera
2726 1057 2945 1119 visum

569 1181 704 1226 esse
766 1182 1024 1225 omnem
1079 1165 1587 1249 inaugurationis
1654 1161 2030 1248 relig-ionem
2086 1161 2615 1248 comprehendere
2661 1167 2725 1227 et
2770 1161 2943 1226 idem

570 1266 922 1354 significare
982 1267 1148 1352 quod
1211 1269 1741 1356 ,‚inauguratus”,
1807 1275 2022 1334 tamen
2083 1268 2220 1334 fieri
2278 1274 2491 1354 potest
2550 1273 2627 1332 ut
2682 1270 2813 1332 iam
2872 1267 2947 1330 hi

571 1378 889 1450 auctores,
957 1377 1228 1459 permoti
1291 1377 1565 1461 quadam
1624 1375 2045 1441 similitudine
2108 1378 2248 1441 soni
2274 1374 2327 1456 2)
2347 1424 2362 1453 ‚
2425 1375 2577 1439 huic
2632 1371 2951 1440 vocabulo

571 1481 978 1544 attribuerint
1022 1483 1344 1547 notionem
1388 1485 1802 1548 caerimoniae
1850 1482 2163 1563 amm-alis
2208 1489 2271 1547 et
2320 1480 2814 1548 confirmationis
2864 1480 2951 1544 ab

569 1586 774 1648 avibus
819 1589 1074 1671 petitae.
1123 1586 1246 1652 Sed
1289 1593 1502 1653 tamen
1549 1589 1819 1654 dubium
1863 1609 1987 1654 non
2034 1594 2131 1653 est
2149 1637 2164 1665 ,
2210 1591 2367 1673 quin
2411 1588 2515 1653 hic
2560 1607 2716 1652 usus
2760 1605 2951 1650 vocar

570 1691 706 1757 buli
773 1695 1193 1779 ,‚augustus'’,
1257 1697 1311 1758 si
1369 1716 1677 1780 umquam
1740 1696 1896 1771 fuit,
1955 1695 2149 1760 fuerit
2194 1695 2399 1759 factus
2445 1700 2511 1759 et
2556 1713 2635 1758 ex
2680 1693 2955 1758 arbitrio

571 1803 880 1883 arreptus.
934 1798 1046 1862 Vis
1093 1802 1389 1864 universa
1433 1801 1627 1865 huius
1674 1799 1966 1866 vocabuli
2013 1807 2149 1866 tam
2196 1800 2404 1866 multo
2453 1799 2712 1886 longius
2758 1800 2963 1884 perti·

571 1911 712 1981 net,
761 1911 1081 1989 praeterea
1129 1908 1264 1970 eius
1311 1910 1573 1992 etymon
1620 1907 1726 1986 (ab
1772 1907 2093 1992 augendo)
2134 1913 2270 1972 tam
2306 1904 2662 1971 dilucidum
2702 1911 2799 1971 est
2817 1952 2831 1980 ‚
2878 1911 2963 1966 ut

572 2010 754 2076 facile
817 2017 1116 2096 appareat
1177 2033 1301 2076 non
1363 2011 1542 2076 illam
1604 2033 1737 2078 esse
1784 2031 2004 2079 veram
2050 2019 2115 2078 et
2161 2016 2482 2098 propriam
2528 2015 2667 2078 eius
2714 2010 2963 2098 sig-nifi-

573 2121 908 2182 cationem.
977 2117 1101 2182 Sed
1151 2123 1362 2184 tamen
1409 2118 1546 2184 fieri
1592 2142 1719 2185 non
1763 2125 1971 2205 potest
2018 2121 2170 2206 quin
2220 2119 2554 2205 aliquando
2602 2119 2795 2184 fuerit
2840 2117 2964 2183 ali·

573 2223 740 2309 quod
802 2223 1114 2288 eiusmodi
1173 2224 1588 2302 vocabulum,
1655 2247 1779 2311 quo
1842 2227 2190 2292 sacerdotes
2253 2230 2505 2313 proprie
2550 2229 2655 2290 usi
2700 2229 2829 2291 sint
2874 2224 2962 2288 ad

573 2329 1054 2416 significandam
1097 2329 1474 2418 religionem
1511 2330 1795 2398 locorum
1820 2335 2394 2419 inauguratorum;
2421 2333 2539 2398 hoc
2562 2330 2963 2397 vocabulum

574 2442 789 2501 autem
856 2437 1192 2512 „sanctus”
1260 2437 1455 2502 fuisse
1517 2458 1757 2503 censeo.
1823 2437 2094 2503 Minime
2150 2439 2409 2523 quidem
2455 2459 2619 2525 nego
2638 2487 2653 2515 ,
2702 2458 2783 2502 ne
2829 2437 2963 2501 hoc

574 2540 956 2607 vocabulum
1018 2543 1275 2627 quidem
1336 2544 1412 2608 ab
1469 2551 1689 2630 etymo
1749 2547 2063 2629 pertinere
2124 2545 2202 2608 ad
2266 2547 2550 2630 auspicia
2568 2593 2582 2619 ,
2640 2563 2847 2629 neque
2896 2547 2965 2608 ei

576 2650 788 2714 deesse
841 2652 980 2713 vim
1039 2649 1322 2734 aliquam
1381 2649 1757 2738 longissime
1804 2655 2230 2736 pertinentem
2248 2700 2264 2729 ‚
2314 2671 2439 2736 qua
2486 2657 2779 2716 sanctum
2828 2648 2967 2713 dici

574 2758 773 2840 possit
812 2755 1120 2840 quidquid
1159 2759 1476 2822 sanctione
1513 2756 1679 2843 legis
1718 2762 1830 2821 aut
1868 2760 2187 2822 sanctione
2226 2760 2385 2822 iuris
2426 2756 2631 2822 divini
2671 2756 2750 2821 ab
2772 2758 2965 2820 omni

574 2860 920 2925 violatione
985 2861 1314 2927 defensum
1369 2866 1486 2940 sit,
1537 2863 1641 2928 vel
1690 2866 1885 2927 etiam
1931 2862 2100 2948 quod
2146 2861 2264 2928 tali
2309 2865 2630 2928 sanctione
2675 2861 2961 2948 dignum

575 2989 709 3032 esse
771 2966 1065 3032 videat-ur
1092 2966 1175 3048 3);
1239 2968 1504 3034 concedo
1568 2968 1861 3055 quidem,
1910 2968 2148 3033 multas
2192 2989 2290 3034 res
2338 2974 2403 3034 et
2448 2988 2743 3054 personas
2788 2968 2963 3056 hanc

577 3074 656 3138 ob
717 3093 972 3137 causam
1033 3073 1156 3139 dici
1217 3078 1499 3159 potuisse
1561 3081 1806 3139 sanctas
1828 3115 1869 3152 ,-
1908 3096 1944 3139 a
2005 3075 2233 3159 quibus
2292 3073 2485 3161 longe
2532 3073 2739 3140 aliena
2784 3079 2963 3138 esset

574 3182 1015 3264 inauguratio;
1065 3179 1190 3244 alja
1237 3182 1408 3244 enim
1446 3186 1792 3266 potuerunt
1830 3203 1997 3244 sacro
2038 3183 2106 3262 (i.
2134 3201 2188 3245 e.
2229 3183 2367 3246 iure
2408 3179 2700 3260 iurando)
2739 3187 2968 3244 sancta

579 3306 711 3351 esse
730 3334 745 3361 ,
809 3283 935 3349 alia
995 3286 1119 3365 leffe
1137 3333 1152 3360 ,
1217 3285 1340 3350 alia
1391 3307 1542 3351 vero
1593 3285 1900 3372 religione
1948 3287 2159 3371 aliqua
2203 3293 2316 3350 aut
2362 3293 2541 3352 metu
2589 3284 2693 3351 vel
2739 3287 2965 3351 existi-

579 3393 856 3456 matione
916 3398 981 3456 et
1027 3394 1378 3457 reverentia
1424 3392 1780 3457 hominum.
1830 3389 1950 3457 Sed
1996 3395 2066 3456 in
2112 3395 2251 3458 iure
2299 3392 2515 3458 divino
2557 3399 2621 3456 et
2666 3413 2965 3456 sermone

579 3495 950 3562 sacerdotali
997 3517 1099 3561 eas
1139 3517 1238 3561 res
1277 3504 1341 3562 et
1379 3517 1675 3582 personas
1712 3497 1873 3562 solas
1913 3503 2158 3562 sanctas
2198 3497 2397 3562 dictas
2434 3517 2569 3563 esse
2608 3497 2921 3562 contendo
2944 3547 2962 3574 ‚

581 3623 740 3688 quae
785 3623 896 3686 per
939 3605 1498 3688 inaugurationem
1543 3601 1883 3669 inviolatae
1932 3603 2131 3668 factae
2180 3609 2423 3682 essent3
2477 3607 2789 3688 quatenus
2838 3603 2967 3668 hoc

651 3819 705 3882 1>
741 3819 838 3868 Cic.
876 3818 999 3866 dom.
1039 3818 1118 3866 53.
1142 3816 1262 3868 137:
1303 3815 1384 3864 ‚in
1417 3814 1596 3880 templo
1632 3814 1916 3878 inaugurato
1956 3852 1967 3863 .
1989 3851 2032 3863 ..
2068 3815 2119 3863 in
2154 3813 2259 3862 loco
2295 3811 2557 3874 augusto'';
2592 3813 2694 3862 Liv.
2731 3814 2776 3861 1.
2797 3812 2879 3862 29.
2900 3817 2971 3864 δι

585 3899 795 3964 ‚templa
845 3895 1102 3962 augusta”;
1157 3895 1384 3948 8.17.52
1441 3896 1854 3960 -augustissimam
1903 3895 2039 3945 illam
2091 3897 2283 3944 domum
2330 3895 2459 3943 Iovis
2508 3895 2570 3944 Ο.
2608 3893 2743 3953 M&
2788 3894 2963 3944 4282

587 3980 850 4045 ..templum
887 3975 1323 4042 augustissimum’'.
1361 4005 1424 4014 —
1460 3977 1518 4042 2)
1557 3977 1658 4025 cfr.
1695 3993 1857 4026 versus
1890 3977 2060 4026 Ennii:
2103 3981 2333 4041 ..augusto
2364 3977 2567 4040 augurio
2596 3979 2851 4041 pontquam
2886 3976 2971 4027 in-

587 4064 701 4112 clita
745 4062 936 4111 condita
971 4063 1121 4110 Roma
1156 4059 1275 4108 «καθ’.
1325 4089 1390 4097 -
1437 4062 1486 4121 8)
1521 4060 1726 4108 Eatenus
1760 4065 1887 4109 recte
1922 4061 2011 4109 hoc
2046 4058 2325 4108 vocabulum
2360 4059 2594 4108 definiunt
2628 4058 2752 4108 iuris
2784 4059 2965 4124 peritig

589 4145 824 4194 Marcion.
877 4144 979 4207 Dig.
1019 4144 1062 4190 1.
1084 4145 1130 4191 8.
1152 4145 1183 4191 8
1215 4158 1312 4207 pn:
1367 4148 1611 4190 ‚sanetum
1652 4149 1723 4192 eut
1768 4143 1893 4206 quod
1940 4141 1997 4190 ab
2041 4143 2220 4191 iniuria
2256 4141 2503 4191 hominum
2538 4141 2783 4190 defensum
2817 4147 2969 4206 atque

587 4227 828 4277 munitum
871 4223 1002 4284 est'’;
1039 4225 1231 4290 Ulpian.
1269 4225 1375 4288 Dig.
1417 4226 1526 4273 1.8.
1548 4226 1594 4275 9.
1632 4226 1687 4274 3:
1731 4225 1951 4290 ..proprie
1983 4224 2183 4273 dicimus
2216 4228 2404 4283 uncta,
2441 4239 2561 4289 quae
2714 4225 2971 4275 unctione

587 4311 790 4374 quedam
823 4310 1102 4358 confirmata
1135 4305 1302 4364 sunt'';
1351 4307 1520 4356 Isidor.
1562 4306 1697 4377 Qrig.
1736 4311 1875 4357 nm.
1912 4333 1976 4343 —
2012 4306 2179 4356 Cicero
2214 4306 2356 4369 (Bab.
2397 4306 2525 4356 Post.
2562 4308 2685 4368 4.8)
2718 4305 2866 4367 dicit,
2912 4307 2969 4358 in

585 4391 688 4455 lege
737 4391 939 4456 quadam
973 4389 1128 4439 multa
1168 4389 1395 4438 ‚tenerius
1427 4395 1478 4437 et
1505 4389 1721 4438 sanetius
1750 4388 1929 4454 scripta
1962 4403 2061 4440 oue
2091 4403 2230 4458 quam
2262 4389 2315 4440 in
2346 4388 2561 4455 antiquie
2596 4388 2799 4452 teqib-ae.
2838 4389 2869 4442 i.
2890 4405 2933 4439 e.
2960 4431 2977 4452 ‚

591 4473 838 4540 ..gravibus
872 4473 1035 4542 poenis
1069 4471 1238 4522 melius
1269 4469 1597 4521 confirmata’'.
