<?xml version="1.0" encoding="UTF-8"?>
<!DOCTYPE html PUBLIC "-//W3C//DTD XHTML 1.0 Transitional//EN"
    "http://www.w3.org/TR/xhtml1/DTD/xhtml1-transitional.dtd">
<html xmlns="http://www.w3.org/1999/xhtml" xml:lang="en" lang="en">
 <head>
  <title>
</title>
<meta http-equiv="Content-Type" content="text/html;charset=utf-8" />
  <meta name='ocr-system' content='tesseract 3.04.00' />
  <meta name='ocr-capabilities' content='ocr_page ocr_carea ocr_par ocr_line ocrx_word'/>
</head>
<body>
  <div class='ocr_page' id='page_1' title='image "./mnemosyne07servgoog_0420.png"; bbox 0 0 3192 5009; ppageno 0'>
   <div class='ocr_carea' id='block_1_1' title="bbox 402 217 2150 284">
    <p class='ocr_par' dir='ltr' id='par_1_1' title="bbox 402 217 2150 284">
     <span class='ocr_line' id='line_1_1' title="bbox 402 217 2150 284; baseline 0 -4"><span class='ocrx_word' id='word_1_1' title='bbox 402 217 535 282; x_wconf 83' lang='lat'><strong>412</strong></span> <span class='ocrx_word' id='word_1_2' title='bbox 1045 235 1130 280; x_wconf 77' lang='lat' dir='ltr'><strong>Da</strong></span> <span class='ocrx_word' id='word_1_3' title='bbox 1174 234 1800 284; x_wconf 62' lang='lat' dir='ltr'><strong>mmeuaanomus</strong></span> <span class='ocrx_word' id='word_1_4' title='bbox 1845 233 2150 282; x_wconf 70' lang='lat' dir='ltr'><strong>nomme.</strong></span> 
     </span>
    </p>
   </div>
   <div class='ocr_carea' id='block_1_2' title="bbox 396 399 2811 3562">
    <p class='ocr_par' dir='ltr' id='par_1_2' title="bbox 396 399 2811 3562">
     <span class='ocr_line' id='line_1_2' title="bbox 400 399 2785 486; baseline -0 -22"><span class='ocrx_word' id='word_1_5' title='bbox 400 399 641 464; x_wconf 83' lang='lat' dir='ltr'>Tamen</span> <span class='ocrx_word' id='word_1_6' title='bbox 703 399 871 483; x_wconf 89' lang='lat' dir='ltr'><strong>quod</strong></span> <span class='ocrx_word' id='word_1_7' title='bbox 931 401 998 463; x_wconf 89' lang='lat' dir='ltr'><strong>in</strong></span> <span class='ocrx_word' id='word_1_8' title='bbox 1048 400 1163 464; x_wconf 89' lang='lat' dir='ltr'><strong>hac</strong></span> <span class='ocrx_word' id='word_1_9' title='bbox 1210 406 1391 485; x_wconf 91' lang='lat' dir='ltr'><strong>parte</strong></span> <span class='ocrx_word' id='word_1_10' title='bbox 1435 400 1733 465; x_wconf 74' lang='lat' dir='ltr'><strong>interfuit</strong></span> <span class='ocrx_word' id='word_1_11' title='bbox 1779 401 1947 464; x_wconf 88' lang='lat' dir='ltr'><strong>inter</strong></span> <span class='ocrx_word' id='word_1_12' title='bbox 1991 420 2174 486; x_wconf 87' lang='lat' dir='ltr'><strong>reges</strong></span> <span class='ocrx_word' id='word_1_13' title='bbox 2219 403 2286 464; x_wconf 87' lang='lat' dir='ltr'><strong>et</strong></span> <span class='ocrx_word' id='word_1_14' title='bbox 2328 401 2751 485; x_wconf 86' lang='lat' dir='ltr'><strong>magistratus</strong></span> <span class='ocrx_word' id='word_1_15' title='bbox 2769 447 2785 476; x_wconf 89' lang='lat'><strong>,</strong></span> 
     </span>
     <span class='ocr_line' id='line_1_3' title="bbox 396 504 2789 592; baseline -0 -22"><span class='ocrx_word' id='word_1_16' title='bbox 396 509 461 570; x_wconf 92' lang='lat' dir='ltr'><strong>in</strong></span> <span class='ocrx_word' id='word_1_17' title='bbox 513 506 801 570; x_wconf 89' lang='lat' dir='ltr'><strong>moribus</strong></span> <span class='ocrx_word' id='word_1_18' title='bbox 847 510 1104 572; x_wconf 88' lang='lat' dir='ltr'><strong>tantum</strong></span> <span class='ocrx_word' id='word_1_19' title='bbox 1150 509 1535 573; x_wconf 70' lang='lat' dir='ltr'><strong>consistebat</strong></span> <span class='ocrx_word' id='word_1_20' title='bbox 1554 556 1570 586; x_wconf 92' lang='lat'><strong>,</strong></span> <span class='ocrx_word' id='word_1_21' title='bbox 1622 528 1826 592; x_wconf 90' lang='lat' dir='ltr'><strong>neque</strong></span> <span class='ocrx_word' id='word_1_22' title='bbox 1873 505 2279 570; x_wconf 84' lang='lat' dir='ltr'><strong>referendum</strong></span> <span class='ocrx_word' id='word_1_23' title='bbox 2325 509 2423 570; x_wconf 91' lang='lat' dir='ltr'><strong>est</strong></span> <span class='ocrx_word' id='word_1_24' title='bbox 2458 505 2544 569; x_wconf 88' lang='lat' dir='ltr'><strong>ad</strong></span> <span class='ocrx_word' id='word_1_25' title='bbox 2583 504 2789 571; x_wconf 87' lang='lat' dir='ltr'><strong>diver-</strong></span> 
     </span>
     <span class='ocr_line' id='line_1_4' title="bbox 398 612 2790 698; baseline -0.001 -22"><span class='ocrx_word' id='word_1_26' title='bbox 398 615 675 692; x_wconf 46' lang='lat' dir='ltr'><strong>sitatem,</strong></span> <span class='ocrx_word' id='word_1_27' title='bbox 705 614 867 676; x_wconf 90' lang='lat' dir='ltr'><strong>iuris</strong></span> <span class='ocrx_word' id='word_1_28' title='bbox 911 614 1199 698; x_wconf 87' lang='lat' dir='ltr'><strong>utrisque</strong></span> <span class='ocrx_word' id='word_1_29' title='bbox 1248 615 1547 678; x_wconf 77' lang='lat' dir='ltr'><strong>concessi.</strong></span> <span class='ocrx_word' id='word_1_30' title='bbox 1599 612 1808 698; x_wconf 81' lang='lat' dir='ltr'><strong>Reges</strong></span> <span class='ocrx_word' id='word_1_31' title='bbox 1857 617 2027 678; x_wconf 89' lang='lat' dir='ltr'><strong>certe</strong></span> <span class='ocrx_word' id='word_1_32' title='bbox 2074 631 2199 676; x_wconf 89' lang='lat' dir='ltr'><strong>non</strong></span> <span class='ocrx_word' id='word_1_33' title='bbox 2239 617 2580 676; x_wconf 87' lang='lat' dir='ltr'><strong>caruerunt</strong></span> <span class='ocrx_word' id='word_1_34' title='bbox 2619 631 2790 697; x_wconf 87' lang='lat' dir='ltr'><strong>spec-</strong></span> 
     </span>
     <span class='ocr_line' id='line_1_5' title="bbox 398 716 2786 803; baseline -0 -22"><span class='ocrx_word' id='word_1_35' title='bbox 398 719 569 782; x_wconf 88' lang='lat' dir='ltr'><strong>tione</strong></span> <span class='ocrx_word' id='word_1_36' title='bbox 588 766 605 794; x_wconf 99' lang='lat'><strong>,</strong></span> <span class='ocrx_word' id='word_1_37' title='bbox 679 737 804 802; x_wconf 89' lang='lat' dir='ltr'><strong>qua</strong></span> <span class='ocrx_word' id='word_1_38' title='bbox 868 720 1289 803; x_wconf 77' lang='lat' dir='ltr'><strong>magistratus</strong></span> <span class='ocrx_word' id='word_1_39' title='bbox 1356 717 1591 784; x_wconf 84' lang='lat' dir='ltr'><strong>liberae</strong></span> <span class='ocrx_word' id='word_1_40' title='bbox 1661 716 2048 803; x_wconf 88' lang='lat' dir='ltr'><strong>reipublicae</strong></span> <span class='ocrx_word' id='word_1_41' title='bbox 2110 719 2212 781; x_wconf 89' lang='lat' dir='ltr'><strong>usi</strong></span> <span class='ocrx_word' id='word_1_42' title='bbox 2277 722 2428 781; x_wconf 88' lang='lat' dir='ltr'><strong>sunt</strong></span> <span class='ocrx_word' id='word_1_43' title='bbox 2439 737 2456 794; x_wconf 86' lang='grc'><strong>;</strong></span> <span class='ocrx_word' id='word_1_44' title='bbox 2522 716 2592 781; x_wconf 89' lang='lat' dir='ltr'><strong>id</strong></span> <span class='ocrx_word' id='word_1_45' title='bbox 2650 718 2786 781; x_wconf 91' lang='lat' dir='ltr'><strong>iam</strong></span> 
     </span>
     <span class='ocr_line' id='line_1_6' title="bbox 398 823 2788 911; baseline 0 -22"><span class='ocrx_word' id='word_1_46' title='bbox 398 823 715 889; x_wconf 84' lang='lat' dir='ltr'><strong>refellitur</strong></span> <span class='ocrx_word' id='word_1_47' title='bbox 771 826 911 908; x_wconf 90' lang='lat' dir='ltr'><strong>ipsa</strong></span> <span class='ocrx_word' id='word_1_48' title='bbox 967 827 1212 891; x_wconf 88' lang='lat' dir='ltr'><strong>ratione</strong></span> <span class='ocrx_word' id='word_1_49' title='bbox 1230 874 1245 903; x_wconf 93' lang='lat'><strong>,</strong></span> <span class='ocrx_word' id='word_1_50' title='bbox 1312 827 1463 910; x_wconf 90' lang='lat' dir='ltr'><strong>quia</strong></span> <span class='ocrx_word' id='word_1_51' title='bbox 1526 827 1766 911; x_wconf 87' lang='lat' dir='ltr'><strong>spectio</strong></span> <span class='ocrx_word' id='word_1_52' title='bbox 1832 826 2089 910; x_wconf 91' lang='lat' dir='ltr'><strong>seiungi</strong></span> <span class='ocrx_word' id='word_1_53' title='bbox 2135 844 2261 888; x_wconf 91' lang='lat' dir='ltr'><strong>non</strong></span> <span class='ocrx_word' id='word_1_54' title='bbox 2305 826 2518 910; x_wconf 88' lang='lat' dir='ltr'><strong>potest</strong></span> <span class='ocrx_word' id='word_1_55' title='bbox 2564 844 2601 888; x_wconf 91' lang='lat' dir='ltr'><strong>a</strong></span> <span class='ocrx_word' id='word_1_56' title='bbox 2646 825 2788 889; x_wconf 88' lang='lat' dir='ltr'><strong>iure</strong></span> 
     </span>
     <span class='ocr_line' id='line_1_7' title="bbox 400 929 2790 1018; baseline 0 -24"><span class='ocrx_word' id='word_1_57' title='bbox 400 929 663 1016; x_wconf 84' lang='lat' dir='ltr'><strong>agendi,</strong></span> <span class='ocrx_word' id='word_1_58' title='bbox 730 933 796 994; x_wconf 93' lang='lat' dir='ltr'><strong>et</strong></span> <span class='ocrx_word' id='word_1_59' title='bbox 854 951 1076 1017; x_wconf 87' lang='lat' dir='ltr'><strong>regem</strong></span> <span class='ocrx_word' id='word_1_60' title='bbox 1138 934 1249 1017; x_wconf 90' lang='lat' dir='ltr'><strong>qui</strong></span> <span class='ocrx_word' id='word_1_61' title='bbox 1310 937 1549 997; x_wconf 79' lang='lat' dir='ltr'><strong>careret</strong></span> <span class='ocrx_word' id='word_1_62' title='bbox 1596 934 1919 1018; x_wconf 85' lang='lat' dir='ltr'><strong>spectione</strong></span> <span class='ocrx_word' id='word_1_63' title='bbox 1938 979 1954 1009; x_wconf 93' lang='lat'><strong>,</strong></span> <span class='ocrx_word' id='word_1_64' title='bbox 2005 933 2203 996; x_wconf 89' lang='lat' dir='ltr'><strong>etiam</strong></span> <span class='ocrx_word' id='word_1_65' title='bbox 2248 932 2426 995; x_wconf 90' lang='lat' dir='ltr'><strong>omni</strong></span> <span class='ocrx_word' id='word_1_66' title='bbox 2473 935 2790 1015; x_wconf 80' lang='lat' dir='ltr'><strong>potestate</strong></span> 
     </span>
     <span class='ocr_line' id='line_1_8' title="bbox 398 1037 2790 1123; baseline -0.001 -21"><span class='ocrx_word' id='word_1_67' title='bbox 398 1039 675 1102; x_wconf 80' lang='lat' dir='ltr'><strong>caruisse</strong></span> <span class='ocrx_word' id='word_1_68' title='bbox 732 1057 984 1101; x_wconf 89' lang='lat' dir='ltr'><strong>necesse</strong></span> <span class='ocrx_word' id='word_1_69' title='bbox 1046 1042 1162 1102; x_wconf 87' lang='lat' dir='ltr'><strong>est.</strong></span> <span class='ocrx_word' id='word_1_70' title='bbox 1228 1037 1419 1102; x_wconf 81' lang='lat' dir='ltr'><strong>Ratio</strong></span> <span class='ocrx_word' id='word_1_71' title='bbox 1482 1059 1595 1102; x_wconf 89' lang='lat' dir='ltr'><strong>nos</strong></span> <span class='ocrx_word' id='word_1_72' title='bbox 1660 1039 1868 1123; x_wconf 91' lang='lat' dir='ltr'><strong>cogit,</strong></span> <span class='ocrx_word' id='word_1_73' title='bbox 1935 1039 2175 1122; x_wconf 90' lang='lat' dir='ltr'><strong>opinor,</strong></span> <span class='ocrx_word' id='word_1_74' title='bbox 2239 1040 2522 1101; x_wconf 86' lang='lat' dir='ltr'><strong>statuere</strong></span> <span class='ocrx_word' id='word_1_75' title='bbox 2538 1083 2556 1113; x_wconf 93' lang='lat'><strong>,</strong></span> <span class='ocrx_word' id='word_1_76' title='bbox 2605 1055 2790 1122; x_wconf 88' lang='lat' dir='ltr'><strong>reges</strong></span> 
     </span>
     <span class='ocr_line' id='line_1_9' title="bbox 401 1142 2791 1228; baseline -0 -21"><span class='ocrx_word' id='word_1_77' title='bbox 401 1146 595 1208; x_wconf 88' lang='lat' dir='ltr'><strong>etiam</strong></span> <span class='ocrx_word' id='word_1_78' title='bbox 658 1145 832 1227; x_wconf 88' lang='lat' dir='ltr'><strong>ipsos</strong></span> <span class='ocrx_word' id='word_1_79' title='bbox 891 1145 1175 1228; x_wconf 86' lang='lat' dir='ltr'><strong>auspicia</strong></span> <span class='ocrx_word' id='word_1_80' title='bbox 1230 1148 1483 1228; x_wconf 89' lang='lat' dir='ltr'><strong>captare</strong></span> <span class='ocrx_word' id='word_1_81' title='bbox 1530 1146 1814 1228; x_wconf 90' lang='lat' dir='ltr'><strong>potuisse</strong></span> <span class='ocrx_word' id='word_1_82' title='bbox 1861 1149 1926 1208; x_wconf 91' lang='lat' dir='ltr'><strong>et</strong></span> <span class='ocrx_word' id='word_1_83' title='bbox 1974 1142 2352 1228; x_wconf 87' lang='lat' dir='ltr'><strong>plerumque</strong></span> <span class='ocrx_word' id='word_1_84' title='bbox 2397 1145 2791 1228; x_wconf 80' lang='lat' dir='ltr'><strong>captaviss03</strong></span> 
     </span>
     <span class='ocr_line' id='line_1_10' title="bbox 400 1248 2792 1335; baseline 0 -23"><span class='ocrx_word' id='word_1_85' title='bbox 400 1270 527 1314; x_wconf 89' lang='lat' dir='ltr'><strong>non</strong></span> <span class='ocrx_word' id='word_1_86' title='bbox 590 1248 851 1334; x_wconf 88' lang='lat' dir='ltr'><strong>quidem</strong></span> <span class='ocrx_word' id='word_1_87' title='bbox 896 1251 1121 1334; x_wconf 90' lang='lat' dir='ltr'><strong>utique</strong></span> <span class='ocrx_word' id='word_1_88' title='bbox 1168 1271 1246 1313; x_wconf 83' lang='lat' dir='ltr'><strong>ex</strong></span> <span class='ocrx_word' id='word_1_89' title='bbox 1296 1251 1524 1314; x_wconf 86' lang='lat' dir='ltr'><strong>avibus</strong></span> <span class='ocrx_word' id='word_1_90' title='bbox 1543 1298 1561 1326; x_wconf 89' lang='lat'><strong>,</strong></span> <span class='ocrx_word' id='word_1_91' title='bbox 1615 1250 1724 1315; x_wconf 89' lang='lat' dir='ltr'><strong>sed</strong></span> <span class='ocrx_word' id='word_1_92' title='bbox 1769 1271 1848 1315; x_wconf 81' lang='lat' dir='ltr'><strong>ex</strong></span> <span class='ocrx_word' id='word_1_93' title='bbox 1893 1252 2062 1314; x_wconf 82' lang='lat' dir='ltr'><strong>extis</strong></span> <span class='ocrx_word' id='word_1_94' title='bbox 2107 1249 2492 1335; x_wconf 88' lang='lat' dir='ltr'><strong>plerumque</strong></span> <span class='ocrx_word' id='word_1_95' title='bbox 2510 1296 2527 1325; x_wconf 89' lang='lat'><strong>,</strong></span> <span class='ocrx_word' id='word_1_96' title='bbox 2577 1254 2652 1312; x_wconf 90' lang='lat' dir='ltr'><strong>ut</strong></span> <span class='ocrx_word' id='word_1_97' title='bbox 2699 1248 2792 1312; x_wconf 84' lang='lat' dir='ltr'><strong>vi-</strong></span> 
     </span>
     <span class='ocr_line' id='line_1_11' title="bbox 402 1354 2795 1442; baseline 0 -24"><span class='ocrx_word' id='word_1_98' title='bbox 402 1354 590 1420; x_wconf 87' lang='lat' dir='ltr'><strong>detur</strong></span> <span class='ocrx_word' id='word_1_99' title='bbox 604 1375 621 1432; x_wconf 81' lang='lat'>3</span> <span class='ocrx_word' id='word_1_100' title='bbox 672 1354 895 1438; x_wconf 89' lang='lat' dir='ltr'><strong>quodsi</strong></span> <span class='ocrx_word' id='word_1_101' title='bbox 940 1361 1266 1440; x_wconf 88' lang='lat' dir='ltr'><strong>praeterea</strong></span> <span class='ocrx_word' id='word_1_102' title='bbox 1310 1358 1507 1421; x_wconf 90' lang='lat' dir='ltr'><strong>etiam</strong></span> <span class='ocrx_word' id='word_1_103' title='bbox 1556 1375 1834 1442; x_wconf 79' lang='lat' dir='ltr'><strong>augures</strong></span> <span class='ocrx_word' id='word_1_104' title='bbox 1881 1355 2264 1420; x_wconf 85' lang='lat' dir='ltr'><strong>adhibebant</strong></span> <span class='ocrx_word' id='word_1_105' title='bbox 2301 1354 2379 1419; x_wconf 91' lang='lat' dir='ltr'><strong>ad</strong></span> <span class='ocrx_word' id='word_1_106' title='bbox 2419 1375 2566 1419; x_wconf 89' lang='lat' dir='ltr'><strong>suas</strong></span> <span class='ocrx_word' id='word_1_107' title='bbox 2605 1356 2795 1418; x_wconf 90' lang='lat' dir='ltr'><strong>actio-</strong></span> 
     </span>
     <span class='ocr_line' id='line_1_12' title="bbox 402 1451 2793 1548; baseline -0.001 -23"><span class='ocrx_word' id='word_1_108' title='bbox 402 1483 513 1526; x_wconf 89' lang='lat' dir='ltr'><strong>nes</strong></span> <span class='ocrx_word' id='word_1_109' title='bbox 572 1451 1047 1547; x_wconf 82' lang='lat' dir='ltr'><strong>inaugurandas</strong></span> <span class='ocrx_word' id='word_1_110' title='bbox 1064 1510 1081 1538; x_wconf 99' lang='lat'><strong>,</strong></span> <span class='ocrx_word' id='word_1_111' title='bbox 1143 1462 1245 1526; x_wconf 89' lang='lat' dir='ltr'><strong>his</strong></span> <span class='ocrx_word' id='word_1_112' title='bbox 1300 1465 1690 1548; x_wconf 89' lang='lat' dir='ltr'><strong>potestatem</strong></span> <span class='ocrx_word' id='word_1_113' title='bbox 1736 1460 1970 1526; x_wconf 89' lang='lat' dir='ltr'><strong>dabant</strong></span> <span class='ocrx_word' id='word_1_114' title='bbox 2017 1463 2117 1525; x_wconf 89' lang='lat' dir='ltr'><strong>sui</strong></span> <span class='ocrx_word' id='word_1_115' title='bbox 2163 1462 2434 1546; x_wconf 85' lang='lat' dir='ltr'><strong>auspicii</strong></span> <span class='ocrx_word' id='word_1_116' title='bbox 2483 1458 2793 1537; x_wconf 80' lang='lat' dir='ltr'><strong>vitiandi,</strong></span> 
     </span>
     <span class='ocr_line' id='line_1_13' title="bbox 402 1567 2799 1654; baseline -0.002 -20"><span class='ocrx_word' id='word_1_117' title='bbox 402 1567 867 1654; x_wconf 89' lang='lat' dir='ltr'><strong>superandique</strong></span> <span class='ocrx_word' id='word_1_118' title='bbox 928 1571 1195 1654; x_wconf 87' lang='lat' dir='ltr'><strong>auspicii</strong></span> <span class='ocrx_word' id='word_1_119' title='bbox 1254 1569 1405 1634; x_wconf 90' lang='lat' dir='ltr'><strong>boni</strong></span> <span class='ocrx_word' id='word_1_120' title='bbox 1421 1617 1437 1647; x_wconf 93' lang='lat'><strong>,</strong></span> <span class='ocrx_word' id='word_1_121' title='bbox 1504 1568 1676 1654; x_wconf 89' lang='lat' dir='ltr'><strong>quod</strong></span> <span class='ocrx_word' id='word_1_122' title='bbox 1733 1570 1860 1653; x_wconf 90' lang='lat' dir='ltr'><strong>ipsi</strong></span> <span class='ocrx_word' id='word_1_123' title='bbox 1905 1570 2250 1653; x_wconf 88' lang='lat' dir='ltr'><strong>impetrare</strong></span> <span class='ocrx_word' id='word_1_124' title='bbox 2297 1571 2557 1654; x_wconf 84' lang='lat' dir='ltr'><strong>possent</strong></span> <span class='ocrx_word' id='word_1_125' title='bbox 2573 1615 2590 1644; x_wconf 91' lang='lat'><strong>,</strong></span> <span class='ocrx_word' id='word_1_126' title='bbox 2639 1587 2799 1630; x_wconf 90' lang='lat' dir='ltr'><strong>nun-</strong></span> 
     </span>
     <span class='ocr_line' id='line_1_14' title="bbox 402 1671 2798 1761; baseline -0.002 -21"><span class='ocrx_word' id='word_1_127' title='bbox 402 1677 667 1740; x_wconf 89' lang='lat' dir='ltr'><strong>tiatione</strong></span> <span class='ocrx_word' id='word_1_128' title='bbox 736 1676 997 1760; x_wconf 86' lang='lat' dir='ltr'><strong>augurii</strong></span> <span class='ocrx_word' id='word_1_129' title='bbox 1062 1674 1475 1761; x_wconf 86' lang='lat' dir='ltr'><strong>prohibentis.</strong></span> <span class='ocrx_word' id='word_1_130' title='bbox 1546 1674 1841 1739; x_wconf 81' lang='lat' dir='ltr'><strong>Iamvero</strong></span> <span class='ocrx_word' id='word_1_131' title='bbox 1912 1677 1980 1738; x_wconf 92' lang='lat' dir='ltr'><strong>in</strong></span> <span class='ocrx_word' id='word_1_132' title='bbox 2051 1671 2373 1739; x_wconf 89' lang='lat' dir='ltr'><strong>nonnullis</strong></span> <span class='ocrx_word' id='word_1_133' title='bbox 2430 1673 2630 1737; x_wconf 82' lang='lat' dir='ltr'><strong>rebus</strong></span> <span class='ocrx_word' id='word_1_134' title='bbox 2649 1720 2666 1750; x_wconf 90' lang='lat'>‚</span> <span class='ocrx_word' id='word_1_135' title='bbox 2729 1675 2798 1736; x_wconf 92' lang='lat' dir='ltr'><strong>in</strong></span> 
     </span>
     <span class='ocr_line' id='line_1_15' title="bbox 404 1778 2801 1867; baseline -0 -22"><span class='ocrx_word' id='word_1_136' title='bbox 404 1780 661 1867; x_wconf 88' lang='lat' dir='ltr'><strong>legibus</strong></span> <span class='ocrx_word' id='word_1_137' title='bbox 730 1778 1007 1844; x_wconf 86' lang='lat' dir='ltr'><strong>ferendis</strong></span> <span class='ocrx_word' id='word_1_138' title='bbox 1076 1779 1303 1846; x_wconf 87' lang='lat' dir='ltr'><strong>saltem</strong></span> <span class='ocrx_word' id='word_1_139' title='bbox 1325 1829 1341 1857; x_wconf 95' lang='lat'><strong>,</strong></span> <span class='ocrx_word' id='word_1_140' title='bbox 1406 1783 1690 1866; x_wconf 86' lang='lat' dir='ltr'><strong>auspicia</strong></span> <span class='ocrx_word' id='word_1_141' title='bbox 1749 1800 2074 1867; x_wconf 89' lang='lat' dir='ltr'><strong>augurum</strong></span> <span class='ocrx_word' id='word_1_142' title='bbox 2140 1781 2340 1844; x_wconf 90' lang='lat' dir='ltr'><strong>etiam</strong></span> <span class='ocrx_word' id='word_1_143' title='bbox 2404 1782 2637 1844; x_wconf 89' lang='lat' dir='ltr'><strong>natura</strong></span> <span class='ocrx_word' id='word_1_144' title='bbox 2681 1798 2801 1844; x_wconf 89' lang='lat' dir='ltr'><strong>sua</strong></span> 
     </span>
     <span class='ocr_line' id='line_1_16' title="bbox 408 1885 2804 1974; baseline -0 -24"><span class='ocrx_word' id='word_1_145' title='bbox 408 1885 555 1973; x_wconf 86' lang='lat' dir='ltr'><strong>plus</strong></span> <span class='ocrx_word' id='word_1_146' title='bbox 598 1885 898 1950; x_wconf 82' lang='lat' dir='ltr'><strong>valebant</strong></span> <span class='ocrx_word' id='word_1_147' title='bbox 945 1907 1140 1970; x_wconf 89' lang='lat' dir='ltr'><strong>quam</strong></span> <span class='ocrx_word' id='word_1_148' title='bbox 1186 1889 1469 1972; x_wconf 89' lang='lat' dir='ltr'><strong>auspicia</strong></span> <span class='ocrx_word' id='word_1_149' title='bbox 1515 1908 1747 1974; x_wconf 87' lang='lat' dir='ltr'><strong>regum</strong></span> <span class='ocrx_word' id='word_1_150' title='bbox 1795 1892 1862 1952; x_wconf 92' lang='lat' dir='ltr'><strong>et</strong></span> <span class='ocrx_word' id='word_1_151' title='bbox 1909 1887 2420 1972; x_wconf 89' lang='lat' dir='ltr'><strong>magistratuum</strong></span> <span class='ocrx_word' id='word_1_152' title='bbox 2438 1934 2455 1963; x_wconf 89' lang='lat'><strong>,</strong></span> <span class='ocrx_word' id='word_1_153' title='bbox 2496 1891 2574 1950; x_wconf 90' lang='lat' dir='ltr'><strong>ut</strong></span> <span class='ocrx_word' id='word_1_154' title='bbox 2614 1903 2804 1972; x_wconf 86' lang='lat' dir='ltr'><strong>appa-</strong></span> 
     </span>
     <span class='ocr_line' id='line_1_17' title="bbox 405 1991 2804 2079; baseline 0 -23"><span class='ocrx_word' id='word_1_155' title='bbox 405 1997 505 2057; x_wconf 87' lang='lat' dir='ltr'><strong>ret</strong></span> <span class='ocrx_word' id='word_1_156' title='bbox 551 2013 630 2058; x_wconf 81' lang='lat' dir='ltr'><strong>ex</strong></span> <span class='ocrx_word' id='word_1_157' title='bbox 676 1994 815 2076; x_wconf 89' lang='lat' dir='ltr'><strong>ipso</strong></span> <span class='ocrx_word' id='word_1_158' title='bbox 864 1992 983 2057; x_wconf 89' lang='lat' dir='ltr'><strong>hoc</strong></span> <span class='ocrx_word' id='word_1_159' title='bbox 1030 1995 1303 2078; x_wconf 88' lang='lat' dir='ltr'><strong>augurio</strong></span> <span class='ocrx_word' id='word_1_160' title='bbox 1352 1993 1494 2058; x_wconf 87' lang='lat' dir='ltr'><strong>Atti</strong></span> <span class='ocrx_word' id='word_1_161' title='bbox 1543 1992 1605 2057; x_wconf 91' lang='lat' dir='ltr'>N</span> <span class='ocrx_word' id='word_1_162' title='bbox 1607 1996 1756 2058; x_wconf 81' lang='lat' dir='ltr'><strong>avii.</strong></span> <span class='ocrx_word' id='word_1_163' title='bbox 1807 1991 2235 2079; x_wconf 86' lang='lat' dir='ltr'><strong>Magistratus</strong></span> <span class='ocrx_word' id='word_1_164' title='bbox 2283 1996 2350 2056; x_wconf 91' lang='lat' dir='ltr'><strong>et</strong></span> <span class='ocrx_word' id='word_1_165' title='bbox 2395 2013 2601 2078; x_wconf 88' lang='lat' dir='ltr'><strong>reges,</strong></span> <span class='ocrx_word' id='word_1_166' title='bbox 2651 2013 2804 2056; x_wconf 89' lang='lat' dir='ltr'><strong>cum</strong></span> 
     </span>
     <span class='ocr_line' id='line_1_18' title="bbox 407 2096 2805 2185; baseline 0 -23"><span class='ocrx_word' id='word_1_167' title='bbox 407 2098 484 2163; x_wconf 90' lang='lat' dir='ltr'><strong>de</strong></span> <span class='ocrx_word' id='word_1_168' title='bbox 543 2117 709 2163; x_wconf 86' lang='lat' dir='ltr'><strong>nova</strong></span> <span class='ocrx_word' id='word_1_169' title='bbox 768 2096 913 2184; x_wconf 88' lang='lat' dir='ltr'><strong>lege</strong></span> <span class='ocrx_word' id='word_1_170' title='bbox 974 2101 1471 2184; x_wconf 83' lang='lat' dir='ltr'><strong>auspicarentur,</strong></span> <span class='ocrx_word' id='word_1_171' title='bbox 1522 2099 1674 2164; x_wconf 90' lang='lat' dir='ltr'><strong>deos</strong></span> <span class='ocrx_word' id='word_1_172' title='bbox 1719 2098 2199 2185; x_wconf 86' lang='lat' dir='ltr'><strong>interrogabant</strong></span> <span class='ocrx_word' id='word_1_173' title='bbox 2221 2147 2236 2176; x_wconf 93' lang='lat'><strong>,</strong></span> <span class='ocrx_word' id='word_1_174' title='bbox 2285 2101 2427 2184; x_wconf 91' lang='lat' dir='ltr'><strong>ipso</strong></span> <span class='ocrx_word' id='word_1_175' title='bbox 2477 2098 2578 2163; x_wconf 89' lang='lat' dir='ltr'><strong>die</strong></span> <span class='ocrx_word' id='word_1_176' title='bbox 2621 2117 2805 2184; x_wconf 87' lang='lat' dir='ltr'><strong>roga-</strong></span> 
     </span>
     <span class='ocr_line' id='line_1_19' title="bbox 407 2203 2798 2292; baseline -0 -23"><span class='ocrx_word' id='word_1_177' title='bbox 407 2207 637 2280; x_wconf 89' lang='lat' dir='ltr'><strong>tionis,</strong></span> <span class='ocrx_word' id='word_1_178' title='bbox 700 2225 862 2268; x_wconf 90' lang='lat' dir='ltr'><strong>num</strong></span> <span class='ocrx_word' id='word_1_179' title='bbox 906 2206 1026 2270; x_wconf 91' lang='lat' dir='ltr'><strong>hoc</strong></span> <span class='ocrx_word' id='word_1_180' title='bbox 1073 2205 1173 2270; x_wconf 86' lang='lat' dir='ltr'><strong>die</strong></span> <span class='ocrx_word' id='word_1_181' title='bbox 1220 2227 1372 2271; x_wconf 89' lang='lat' dir='ltr'><strong>cum</strong></span> <span class='ocrx_word' id='word_1_182' title='bbox 1419 2206 1658 2292; x_wconf 91' lang='lat' dir='ltr'><strong>populo</strong></span> <span class='ocrx_word' id='word_1_183' title='bbox 1708 2209 1816 2292; x_wconf 87' lang='lat' dir='ltr'><strong>agi</strong></span> <span class='ocrx_word' id='word_1_184' title='bbox 1862 2205 2084 2271; x_wconf 86' lang='lat' dir='ltr'><strong>liceret</strong></span> <span class='ocrx_word' id='word_1_185' title='bbox 2127 2204 2296 2286; x_wconf 89' lang='lat' dir='ltr'><strong>(Vid.</strong></span> <span class='ocrx_word' id='word_1_186' title='bbox 2347 2205 2590 2270; x_wconf 89' lang='lat' dir='ltr'><strong>Mnem.</strong></span> <span class='ocrx_word' id='word_1_187' title='bbox 2635 2203 2798 2268; x_wconf 86' lang='lat' dir='ltr'><strong>XIX</strong></span> 
     </span>
     <span class='ocr_line' id='line_1_20' title="bbox 407 2307 2797 2398; baseline 0 -25"><span class='ocrx_word' id='word_1_188' title='bbox 407 2333 470 2396; x_wconf 90' lang='lat' dir='ltr'><strong>p.</strong></span> <span class='ocrx_word' id='word_1_189' title='bbox 522 2307 636 2388; x_wconf 84' lang='lat'><strong>85)</strong></span> <span class='ocrx_word' id='word_1_190' title='bbox 653 2330 669 2387; x_wconf 91' lang='lat'>;</span> <span class='ocrx_word' id='word_1_191' title='bbox 690 2336 702 2355; x_wconf 87' lang='lat'>·</span> <span class='ocrx_word' id='word_1_192' title='bbox 722 2325 1013 2396; x_wconf 75' lang='lat' dir='ltr'><strong>augures</strong></span> <span class='ocrx_word' id='word_1_193' title='bbox 1074 2332 1225 2376; x_wconf 82' lang='lat' dir='ltr'><strong>vero</strong></span> <span class='ocrx_word' id='word_1_194' title='bbox 1286 2312 1767 2397; x_wconf 87' lang='lat' dir='ltr'><strong>interrogabant</strong></span> <span class='ocrx_word' id='word_1_195' title='bbox 1831 2312 1908 2377; x_wconf 90' lang='lat' dir='ltr'><strong>de</strong></span> <span class='ocrx_word' id='word_1_196' title='bbox 1969 2315 2110 2397; x_wconf 91' lang='lat' dir='ltr'><strong>ipsa</strong></span> <span class='ocrx_word' id='word_1_197' title='bbox 2157 2314 2490 2398; x_wconf 89' lang='lat' dir='ltr'><strong>rogatione</strong></span> <span class='ocrx_word' id='word_1_198' title='bbox 2508 2359 2524 2388; x_wconf 90' lang='lat'>‚</span> <span class='ocrx_word' id='word_1_199' title='bbox 2572 2315 2797 2375; x_wconf 87' lang='lat' dir='ltr'><strong>utrum</strong></span> 
     </span>
     <span class='ocr_line' id='line_1_21' title="bbox 407 2416 2800 2496; baseline 0.001 -17"><span class='ocrx_word' id='word_1_200' title='bbox 407 2416 573 2480; x_wconf 89' lang='lat' dir='ltr'><strong>bona</strong></span> <span class='ocrx_word' id='word_1_201' title='bbox 640 2435 718 2480; x_wconf 91' lang='lat' dir='ltr'><strong>an</strong></span> <span class='ocrx_word' id='word_1_202' title='bbox 787 2416 958 2481; x_wconf 90' lang='lat' dir='ltr'><strong>mala</strong></span> <span class='ocrx_word' id='word_1_203' title='bbox 1026 2424 1211 2483; x_wconf 86' lang='lat' dir='ltr'><strong>esset.</strong></span> <span class='ocrx_word' id='word_1_204' title='bbox 1282 2417 1708 2484; x_wconf 86' lang='lat' dir='ltr'><strong>Manifestum</strong></span> <span class='ocrx_word' id='word_1_205' title='bbox 1769 2422 1902 2496; x_wconf 87' lang='lat' dir='ltr'><strong>est,</strong></span> <span class='ocrx_word' id='word_1_206' title='bbox 1967 2419 2202 2482; x_wconf 88' lang='lat' dir='ltr'><strong>Attum</strong></span> <span class='ocrx_word' id='word_1_207' title='bbox 2263 2419 2547 2484; x_wconf 86' lang='lat' dir='ltr'><strong>Navium</strong></span> <span class='ocrx_word' id='word_1_208' title='bbox 2566 2466 2582 2495; x_wconf 89' lang='lat'><strong>,</strong></span> <span class='ocrx_word' id='word_1_209' title='bbox 2648 2439 2800 2482; x_wconf 90' lang='lat' dir='ltr'><strong>cum</strong></span> 
     </span>
     <span class='ocr_line' id='line_1_22' title="bbox 409 2520 2803 2611; baseline 0.001 -26"><span class='ocrx_word' id='word_1_210' title='bbox 409 2520 832 2606; x_wconf 82' lang='lat' dir='ltr'><strong>Tarquinium</strong></span> <span class='ocrx_word' id='word_1_211' title='bbox 893 2544 1088 2588; x_wconf 82' lang='lat' dir='ltr'><strong>novas</strong></span> <span class='ocrx_word' id='word_1_212' title='bbox 1150 2525 1359 2590; x_wconf 84' lang='lat' dir='ltr'><strong>tribus</strong></span> <span class='ocrx_word' id='word_1_213' title='bbox 1404 2525 1608 2590; x_wconf 90' lang='lat' dir='ltr'><strong>facere</strong></span> <span class='ocrx_word' id='word_1_214' title='bbox 1656 2547 1770 2611; x_wconf 91' lang='lat' dir='ltr'><strong>per</strong></span> <span class='ocrx_word' id='word_1_215' title='bbox 1819 2527 2173 2611; x_wconf 88' lang='lat' dir='ltr'><strong>augurium</strong></span> <span class='ocrx_word' id='word_1_216' title='bbox 2223 2525 2623 2610; x_wconf 84' lang='lat' dir='ltr'><strong>prohiberet,</strong></span> <span class='ocrx_word' id='word_1_217' title='bbox 2674 2546 2803 2589; x_wconf 90' lang='lat' dir='ltr'><strong>non</strong></span> 
     </span>
     <span class='ocr_line' id='line_1_23' title="bbox 412 2626 2804 2716; baseline 0.002 -25"><span class='ocrx_word' id='word_1_218' title='bbox 412 2627 645 2692; x_wconf 80' lang='lat' dir='ltr'><strong>dixisse</strong></span> <span class='ocrx_word' id='word_1_219' title='bbox 692 2626 865 2692; x_wconf 91' lang='lat' dir='ltr'><strong>diem</strong></span> <span class='ocrx_word' id='word_1_220' title='bbox 910 2628 1213 2695; x_wconf 89' lang='lat' dir='ltr'><strong>idoneum</strong></span> <span class='ocrx_word' id='word_1_221' title='bbox 1257 2653 1383 2695; x_wconf 91' lang='lat' dir='ltr'><strong>non</strong></span> <span class='ocrx_word' id='word_1_222' title='bbox 1427 2652 1565 2696; x_wconf 82' lang='lat' dir='ltr'><strong>esse</strong></span> <span class='ocrx_word' id='word_1_223' title='bbox 1585 2679 1602 2708; x_wconf 88' lang='lat'><strong>,</strong></span> <span class='ocrx_word' id='word_1_224' title='bbox 1653 2630 1766 2696; x_wconf 87' lang='lat' dir='ltr'><strong>sed</strong></span> <span class='ocrx_word' id='word_1_225' title='bbox 1811 2633 2019 2716; x_wconf 90' lang='lat' dir='ltr'><strong>ipsam</strong></span> <span class='ocrx_word' id='word_1_226' title='bbox 2058 2633 2462 2716; x_wconf 88' lang='lat' dir='ltr'><strong>rogationem</strong></span> <span class='ocrx_word' id='word_1_227' title='bbox 2503 2630 2638 2696; x_wconf 90' lang='lat' dir='ltr'><strong>deis</strong></span> <span class='ocrx_word' id='word_1_228' title='bbox 2675 2651 2804 2695; x_wconf 90' lang='lat' dir='ltr'><strong>non</strong></span> 
     </span>
     <span class='ocr_line' id='line_1_24' title="bbox 411 2732 2806 2823; baseline 0.001 -26"><span class='ocrx_word' id='word_1_229' title='bbox 411 2732 664 2818; x_wconf 89' lang='lat' dir='ltr'><strong>probari</strong></span> <span class='ocrx_word' id='word_1_230' title='bbox 681 2755 696 2811; x_wconf 91' lang='lat'>;</span> <span class='ocrx_word' id='word_1_231' title='bbox 761 2754 972 2820; x_wconf 89' lang='lat' dir='ltr'><strong>augur</strong></span> <span class='ocrx_word' id='word_1_232' title='bbox 1031 2739 1144 2818; x_wconf 87' lang='lat' dir='ltr'><strong>qui</strong></span> <span class='ocrx_word' id='word_1_233' title='bbox 1205 2736 1638 2823; x_wconf 88' lang='lat' dir='ltr'><strong>inaugurabat</strong></span> <span class='ocrx_word' id='word_1_234' title='bbox 1705 2736 1990 2800; x_wconf 87' lang='lat' dir='ltr'><strong>Numam</strong></span> <span class='ocrx_word' id='word_1_235' title='bbox 2053 2757 2273 2823; x_wconf 88' lang='lat' dir='ltr'><strong>regem</strong></span> <span class='ocrx_word' id='word_1_236' title='bbox 2292 2784 2308 2813; x_wconf 89' lang='lat'><strong>,</strong></span> <span class='ocrx_word' id='word_1_237' title='bbox 2371 2756 2496 2801; x_wconf 90' lang='lat' dir='ltr'><strong>non</strong></span> <span class='ocrx_word' id='word_1_238' title='bbox 2543 2757 2622 2801; x_wconf 88' lang='lat' dir='ltr'><strong>ex</strong></span> <span class='ocrx_word' id='word_1_239' title='bbox 2670 2736 2806 2801; x_wconf 88' lang='lat' dir='ltr'><strong>deis</strong></span> 
     </span>
     <span class='ocr_line' id='line_1_25' title="bbox 412 2839 2804 2920; baseline 0.001 -18"><span class='ocrx_word' id='word_1_240' title='bbox 412 2839 853 2904; x_wconf 85' lang='lat' dir='ltr'><strong>sciscitabatur</strong></span> <span class='ocrx_word' id='word_1_241' title='bbox 894 2861 1056 2904; x_wconf 89' lang='lat' dir='ltr'><strong>num</strong></span> <span class='ocrx_word' id='word_1_242' title='bbox 1102 2862 1175 2906; x_wconf 89' lang='lat' dir='ltr'><strong>eo</strong></span> <span class='ocrx_word' id='word_1_243' title='bbox 1226 2842 1329 2907; x_wconf 86' lang='lat' dir='ltr'><strong>die</strong></span> <span class='ocrx_word' id='word_1_244' title='bbox 1350 2892 1365 2920; x_wconf 96' lang='lat'><strong>,</strong></span> <span class='ocrx_word' id='word_1_245' title='bbox 1416 2843 1527 2907; x_wconf 90' lang='lat' dir='ltr'><strong>sed</strong></span> <span class='ocrx_word' id='word_1_246' title='bbox 1572 2865 1728 2907; x_wconf 90' lang='lat' dir='ltr'><strong>num</strong></span> <span class='ocrx_word' id='word_1_247' title='bbox 1780 2845 2038 2907; x_wconf 90' lang='lat' dir='ltr'><strong>omnino</strong></span> <span class='ocrx_word' id='word_1_248' title='bbox 2086 2843 2254 2906; x_wconf 91' lang='lat' dir='ltr'><strong>hunc</strong></span> <span class='ocrx_word' id='word_1_249' title='bbox 2301 2841 2629 2906; x_wconf 88' lang='lat' dir='ltr'><strong>hominem</strong></span> <span class='ocrx_word' id='word_1_250' title='bbox 2685 2843 2804 2905; x_wconf 90' lang='lat' dir='ltr'><strong>im-</strong></span> 
     </span>
     <span class='ocr_line' id='line_1_26' title="bbox 413 2946 2804 3032; baseline 0.001 -24"><span class='ocrx_word' id='word_1_251' title='bbox 413 2947 667 3029; x_wconf 91' lang='lat' dir='ltr'><strong>perium</strong></span> <span class='ocrx_word' id='word_1_252' title='bbox 706 2948 987 3031; x_wconf 82' lang='lat' dir='ltr'><strong>accipere</strong></span> <span class='ocrx_word' id='word_1_253' title='bbox 1026 2949 1324 3012; x_wconf 87' lang='lat' dir='ltr'><strong>sinerent.</strong></span> <span class='ocrx_word' id='word_1_254' title='bbox 1374 2947 1551 3015; x_wconf 90' lang='lat' dir='ltr'><strong>Huic</strong></span> <span class='ocrx_word' id='word_1_255' title='bbox 1588 2951 1684 3012; x_wconf 89' lang='lat' dir='ltr'><strong>rei</strong></span> <span class='ocrx_word' id='word_1_256' title='bbox 1725 2950 2057 3025; x_wconf 85' lang='lat' dir='ltr'><strong>convenit,</strong></span> <span class='ocrx_word' id='word_1_257' title='bbox 2099 2946 2268 3032; x_wconf 90' lang='lat' dir='ltr'><strong>quod</strong></span> <span class='ocrx_word' id='word_1_258' title='bbox 2307 2949 2376 3011; x_wconf 88' lang='lat' dir='ltr'><strong>in</strong></span> <span class='ocrx_word' id='word_1_259' title='bbox 2398 2946 2804 3011; x_wconf 88' lang='lat' dir='ltr'><strong>adnotatione</strong></span> 
     </span>
     <span class='ocr_line' id='line_1_27' title="bbox 412 3049 2806 3139; baseline 0 -24"><span class='ocrx_word' id='word_1_260' title='bbox 412 3049 774 3129; x_wconf 88' lang='lat' dir='ltr'><strong>ostendam,</strong></span> <span class='ocrx_word' id='word_1_261' title='bbox 825 3073 975 3117; x_wconf 89' lang='lat' dir='ltr'><strong>cum</strong></span> <span class='ocrx_word' id='word_1_262' title='bbox 1023 3052 1099 3117; x_wconf 90' lang='lat' dir='ltr'><strong>de</strong></span> <span class='ocrx_word' id='word_1_263' title='bbox 1146 3051 1358 3139; x_wconf 88' lang='lat' dir='ltr'><strong>aliqua</strong></span> <span class='ocrx_word' id='word_1_264' title='bbox 1405 3075 1473 3119; x_wconf 88' lang='lat' dir='ltr'><strong>re</strong></span> <span class='ocrx_word' id='word_1_265' title='bbox 1524 3056 2008 3138; x_wconf 85' lang='lat' dir='ltr'><strong>auspicarentur</strong></span> <span class='ocrx_word' id='word_1_266' title='bbox 2053 3073 2334 3138; x_wconf 88' lang='lat' dir='ltr'><strong>augures</strong></span> <span class='ocrx_word' id='word_1_267' title='bbox 2353 3101 2369 3130; x_wconf 89' lang='lat'><strong>,</strong></span> <span class='ocrx_word' id='word_1_268' title='bbox 2419 3055 2509 3116; x_wconf 89' lang='lat' dir='ltr'><strong>eis</strong></span> <span class='ocrx_word' id='word_1_269' title='bbox 2555 3073 2682 3117; x_wconf 90' lang='lat' dir='ltr'><strong>non</strong></span> <span class='ocrx_word' id='word_1_270' title='bbox 2727 3059 2806 3116; x_wconf 88' lang='lat' dir='ltr'><strong>ut</strong></span> 
     </span>
     <span class='ocr_line' id='line_1_28' title="bbox 411 3157 2808 3243; baseline 0 -23"><span class='ocrx_word' id='word_1_271' title='bbox 411 3157 902 3242; x_wconf 82' lang='lat' dir='ltr'><strong>magistratibus</strong></span> <span class='ocrx_word' id='word_1_272' title='bbox 963 3159 1189 3243; x_wconf 89' lang='lat' dir='ltr'><strong>utique</strong></span> <span class='ocrx_word' id='word_1_273' title='bbox 1249 3180 1501 3224; x_wconf 89' lang='lat' dir='ltr'><strong>necesse</strong></span> <span class='ocrx_word' id='word_1_274' title='bbox 1566 3159 1799 3234; x_wconf 87' lang='lat' dir='ltr'><strong>fuisse,</strong></span> <span class='ocrx_word' id='word_1_275' title='bbox 1866 3158 1931 3223; x_wconf 91' lang='lat' dir='ltr'><strong>id</strong></span> <span class='ocrx_word' id='word_1_276' title='bbox 1991 3158 2193 3222; x_wconf 87' lang='lat' dir='ltr'><strong>facere</strong></span> <span class='ocrx_word' id='word_1_277' title='bbox 2261 3158 2483 3224; x_wconf 90' lang='lat' dir='ltr'><strong>eodem</strong></span> <span class='ocrx_word' id='word_1_278' title='bbox 2531 3157 2632 3222; x_wconf 87' lang='lat' dir='ltr'><strong>die</strong></span> <span class='ocrx_word' id='word_1_279' title='bbox 2680 3178 2808 3243; x_wconf 91' lang='lat' dir='ltr'><strong>quo</strong></span> 
     </span>
     <span class='ocr_line' id='line_1_29' title="bbox 414 3260 2810 3351; baseline 0.001 -25"><span class='ocrx_word' id='word_1_280' title='bbox 414 3283 513 3327; x_wconf 91' lang='lat' dir='ltr'><strong>res</strong></span> <span class='ocrx_word' id='word_1_281' title='bbox 576 3262 823 3347; x_wconf 87' lang='lat' dir='ltr'><strong>agenda</strong></span> <span class='ocrx_word' id='word_1_282' title='bbox 884 3267 1053 3328; x_wconf 84' lang='lat' dir='ltr'><strong>esset</strong></span> <span class='ocrx_word' id='word_1_283' title='bbox 1083 3260 1149 3342; x_wconf 86' lang='lat'><strong>¹).</strong></span> <span class='ocrx_word' id='word_1_284' title='bbox 1222 3263 1449 3349; x_wconf 86' lang='lat' dir='ltr'><strong>Itaque</strong></span> <span class='ocrx_word' id='word_1_285' title='bbox 1512 3268 1580 3329; x_wconf 90' lang='lat' dir='ltr'><strong>in</strong></span> <span class='ocrx_word' id='word_1_286' title='bbox 1645 3264 1900 3351; x_wconf 88' lang='lat' dir='ltr'><strong>legibus</strong></span> <span class='ocrx_word' id='word_1_287' title='bbox 1961 3264 2239 3329; x_wconf 87' lang='lat' dir='ltr'><strong>ferendis</strong></span> <span class='ocrx_word' id='word_1_288' title='bbox 2306 3285 2458 3331; x_wconf 90' lang='lat' dir='ltr'><strong>cum</strong></span> <span class='ocrx_word' id='word_1_289' title='bbox 2503 3285 2619 3329; x_wconf 84' lang='lat' dir='ltr'><strong>rex</strong></span> <span class='ocrx_word' id='word_1_290' title='bbox 2663 3269 2810 3328; x_wconf 87' lang='lat' dir='ltr'><strong>tum</strong></span> 
     </span>
     <span class='ocr_line' id='line_1_30' title="bbox 414 3368 2810 3457; baseline -0.001 -21"><span class='ocrx_word' id='word_1_291' title='bbox 414 3391 625 3457; x_wconf 88' lang='lat' dir='ltr'><strong>augur</strong></span> <span class='ocrx_word' id='word_1_292' title='bbox 671 3368 869 3433; x_wconf 90' lang='lat' dir='ltr'><strong>simul</strong></span> <span class='ocrx_word' id='word_1_293' title='bbox 914 3373 1305 3455; x_wconf 86' lang='lat' dir='ltr'><strong>spectionem</strong></span> <span class='ocrx_word' id='word_1_294' title='bbox 1350 3391 1537 3436; x_wconf 87' lang='lat' dir='ltr'><strong>suam</strong></span> <span class='ocrx_word' id='word_1_295' title='bbox 1584 3385 1893 3457; x_wconf 85' lang='lat' dir='ltr'><strong>usurpare</strong></span> <span class='ocrx_word' id='word_1_296' title='bbox 1939 3376 2292 3455; x_wconf 86' lang='lat' dir='ltr'><strong>potuerunt</strong></span> <span class='ocrx_word' id='word_1_297' title='bbox 2344 3370 2612 3435; x_wconf 83' lang='lat' dir='ltr'><strong>diversis</strong></span> <span class='ocrx_word' id='word_1_298' title='bbox 2653 3375 2810 3434; x_wconf 87' lang='lat' dir='ltr'><strong>tem-</strong></span> 
     </span>
     <span class='ocr_line' id='line_1_31' title="bbox 428 3473 2811 3562; baseline -0.001 -21"><span class='ocrx_word' id='word_1_299' title='bbox 428 3475 694 3562; x_wconf 89' lang='lat' dir='ltr'><strong>poribus</strong></span> <span class='ocrx_word' id='word_1_300' title='bbox 756 3481 820 3539; x_wconf 89' lang='lat' dir='ltr'><strong>et</strong></span> <span class='ocrx_word' id='word_1_301' title='bbox 866 3473 1178 3555; x_wconf 81' lang='lat' dir='ltr'><strong>consiliis3</strong></span> <span class='ocrx_word' id='word_1_302' title='bbox 1230 3483 1568 3562; x_wconf 88' lang='lat' dir='ltr'><strong>postquam</strong></span> <span class='ocrx_word' id='word_1_303' title='bbox 1618 3496 1828 3561; x_wconf 88' lang='lat' dir='ltr'><strong>augur</strong></span> <span class='ocrx_word' id='word_1_304' title='bbox 1874 3475 2302 3540; x_wconf 82' lang='lat' dir='ltr'><strong>affirmaverat</strong></span> <span class='ocrx_word' id='word_1_305' title='bbox 2351 3475 2501 3540; x_wconf 88' lang='lat' dir='ltr'><strong>deos</strong></span> <span class='ocrx_word' id='word_1_306' title='bbox 2545 3475 2811 3560; x_wconf 89' lang='lat' dir='ltr'><strong>probare</strong></span> 
     </span>
    </p>
   </div>
   <div class='ocr_carea' id='block_1_3' title="bbox 433 3621 821 3632">
    <p class='ocr_par' dir='ltr' id='par_1_3' title="bbox 433 3621 821 3632">
     <span class='ocr_line' id='line_1_32' title="bbox 433 3621 821 3632; baseline 0 1377"><span class='ocrx_word' id='word_1_307' title='bbox 433 3621 821 3632; x_wconf 95' lang='lat' dir='ltr'><strong> </strong></span> 
     </span>
    </p>
   </div>
   <div class='ocr_carea' id='block_1_4' title="bbox 413 3692 2812 4414">
    <p class='ocr_par' dir='ltr' id='par_1_4' title="bbox 413 3692 2812 4414">
     <span class='ocr_line' id='line_1_33' title="bbox 420 3692 2811 3761; baseline -0.002 -15"><span class='ocrx_word' id='word_1_308' title='bbox 420 3710 565 3761; x_wconf 82' lang='lat' dir='ltr'><strong>quam</strong></span> <span class='ocrx_word' id='word_1_309' title='bbox 611 3695 703 3760; x_wconf 78' lang='lat' dir='ltr'><strong>ipsi</strong></span> <span class='ocrx_word' id='word_1_310' title='bbox 746 3694 996 3758; x_wconf 72' lang='lat' dir='ltr'><strong>abiissent3</strong></span> <span class='ocrx_word' id='word_1_311' title='bbox 1032 3695 1073 3744; x_wconf 81' lang='lat' dir='ltr'><strong>si</strong></span> <span class='ocrx_word' id='word_1_312' title='bbox 1105 3694 1300 3744; x_wconf 80' lang='lat' dir='ltr'><strong>omnino</strong></span> <span class='ocrx_word' id='word_1_313' title='bbox 1334 3693 1543 3759; x_wconf 75' lang='lat' dir='ltr'><strong>aliquam</strong></span> <span class='ocrx_word' id='word_1_314' title='bbox 1579 3694 1702 3743; x_wconf 78' lang='lat' dir='ltr'><strong>iuria</strong></span> <span class='ocrx_word' id='word_1_315' title='bbox 1737 3709 1954 3743; x_wconf 86' lang='lat' dir='ltr'><strong>normam</strong></span> <span class='ocrx_word' id='word_1_316' title='bbox 1991 3709 2018 3742; x_wconf 81' lang='grc' dir='ltr'><strong>ο</strong></span> <span class='ocrx_word' id='word_1_317' title='bbox 2049 3692 2202 3742; x_wconf 83' lang='lat' dir='ltr'><strong>libera</strong></span> <span class='ocrx_word' id='word_1_318' title='bbox 2238 3692 2481 3759; x_wconf 76' lang='lat' dir='ltr'><strong>republica</strong></span> <span class='ocrx_word' id='word_1_319' title='bbox 2515 3692 2574 3741; x_wconf 85' lang='lat' dir='ltr'><strong>ad</strong></span> <span class='ocrx_word' id='word_1_320' title='bbox 2609 3707 2811 3756; x_wconf 78' lang='lat' dir='ltr'><strong>regnum</strong></span> 
     </span>
     <span class='ocr_line' id='line_1_34' title="bbox 413 3775 2812 3840; baseline -0.002 -13"><span class='ocrx_word' id='word_1_321' title='bbox 413 3777 668 3827; x_wconf 72' lang='lat' dir='ltr'><strong>transferri</strong></span> <span class='ocrx_word' id='word_1_322' title='bbox 712 3776 850 3837; x_wconf 78' lang='lat' dir='ltr'><strong>licet,</strong></span> <span class='ocrx_word' id='word_1_323' title='bbox 887 3777 1001 3826; x_wconf 80' lang='lat' dir='ltr'><strong>haec</strong></span> <span class='ocrx_word' id='word_1_324' title='bbox 1035 3780 1165 3826; x_wconf 82' lang='lat' dir='ltr'><strong>certe</strong></span> <span class='ocrx_word' id='word_1_325' title='bbox 1200 3775 1407 3834; x_wconf 80' lang='lat' dir='ltr'><strong>valebit,</strong></span> <span class='ocrx_word' id='word_1_326' title='bbox 1442 3775 1517 3824; x_wconf 74' lang='lat' dir='ltr'><strong>ius</strong></span> <span class='ocrx_word' id='word_1_327' title='bbox 1550 3791 1704 3839; x_wconf 83' lang='lat' dir='ltr'><strong>neque</strong></span> <span class='ocrx_word' id='word_1_328' title='bbox 1737 3791 1766 3824; x_wconf 83' lang='lat' dir='ltr'><strong>a</strong></span> <span class='ocrx_word' id='word_1_329' title='bbox 1801 3791 1912 3839; x_wconf 77' lang='lat' dir='ltr'><strong>rege</strong></span> <span class='ocrx_word' id='word_1_330' title='bbox 1945 3775 2078 3833; x_wconf 84' lang='lat' dir='ltr'><strong>aolo,</strong></span> <span class='ocrx_word' id='word_1_331' title='bbox 2113 3791 2266 3840; x_wconf 80' lang='lat' dir='ltr'><strong>neque</strong></span> <span class='ocrx_word' id='word_1_332' title='bbox 2299 3792 2328 3824; x_wconf 83' lang='lat' dir='ltr'><strong>a</strong></span> <span class='ocrx_word' id='word_1_333' title='bbox 2361 3777 2564 3834; x_wconf 73' lang='lat' dir='ltr'><strong>senatu,</strong></span> <span class='ocrx_word' id='word_1_334' title='bbox 2595 3789 2750 3839; x_wconf 74' lang='lat' dir='ltr'><strong>neque</strong></span> <span class='ocrx_word' id='word_1_335' title='bbox 2784 3789 2812 3822; x_wconf 87' lang='lat' dir='ltr'><strong>a</strong></span> 
     </span>
     <span class='ocr_line' id='line_1_35' title="bbox 418 3856 2811 3925; baseline -0.002 -17"><span class='ocrx_word' id='word_1_336' title='bbox 418 3875 528 3924; x_wconf 78' lang='lat' dir='ltr'><strong>rege</strong></span> <span class='ocrx_word' id='word_1_337' title='bbox 578 3875 687 3908; x_wconf 85' lang='lat' dir='ltr'><strong>cum</strong></span> <span class='ocrx_word' id='word_1_338' title='bbox 735 3863 903 3909; x_wconf 73' lang='lat' dir='ltr'><strong>senatu</strong></span> <span class='ocrx_word' id='word_1_339' title='bbox 948 3859 1159 3925; x_wconf 78' lang='lat' dir='ltr'><strong>potuisse</strong></span> <span class='ocrx_word' id='word_1_340' title='bbox 1202 3858 1435 3908; x_wconf 79' lang='lat' dir='ltr'><strong>constitui</strong></span> <span class='ocrx_word' id='word_1_341' title='bbox 1479 3856 1674 3907; x_wconf 72' lang='lat' dir='ltr'><strong>civibus.</strong></span> <span class='ocrx_word' id='word_1_342' title='bbox 1725 3858 1812 3909; x_wconf 83' lang='lat' dir='ltr'><strong>Sin</strong></span> <span class='ocrx_word' id='word_1_343' title='bbox 1860 3873 1974 3907; x_wconf 79' lang='lat' dir='ltr'><strong>vero</strong></span> <span class='ocrx_word' id='word_1_344' title='bbox 2009 3857 2154 3908; x_wconf 83' lang='lat' dir='ltr'><strong>alicui</strong></span> <span class='ocrx_word' id='word_1_345' title='bbox 2188 3857 2380 3908; x_wconf 80' lang='lat' dir='ltr'><strong>videtur</strong></span> <span class='ocrx_word' id='word_1_346' title='bbox 2419 3873 2516 3906; x_wconf 86' lang='lat' dir='ltr'><strong>non</strong></span> <span class='ocrx_word' id='word_1_347' title='bbox 2551 3856 2811 3906; x_wconf 74' lang='lat' dir='ltr'><strong>tenendum</strong></span> 
     </span>
     <span class='ocr_line' id='line_1_36' title="bbox 418 3936 2811 4006; baseline -0.003 -15"><span class='ocrx_word' id='word_1_348' title='bbox 418 3957 518 3991; x_wconf 76' lang='lat' dir='ltr'><strong>ease</strong></span> <span class='ocrx_word' id='word_1_349' title='bbox 550 3941 599 3990; x_wconf 88' lang='lat' dir='ltr'><strong>id</strong></span> <span class='ocrx_word' id='word_1_350' title='bbox 632 3941 759 4005; x_wconf 88' lang='lat' dir='ltr'><strong>quod</strong></span> <span class='ocrx_word' id='word_1_351' title='bbox 791 3941 934 3991; x_wconf 81' lang='lat' dir='ltr'><strong>initio</strong></span> <span class='ocrx_word' id='word_1_352' title='bbox 968 3941 1131 4005; x_wconf 81' lang='lat' dir='ltr'><strong>posui,</strong></span> <span class='ocrx_word' id='word_1_353' title='bbox 1169 3939 1279 3990; x_wconf 84' lang='lat' dir='ltr'><strong>huic</strong></span> <span class='ocrx_word' id='word_1_354' title='bbox 1313 3940 1636 3989; x_wconf 70' lang='lat' dir='ltr'><strong>confitendum</strong></span> <span class='ocrx_word' id='word_1_355' title='bbox 1671 3943 1769 3998; x_wconf 76' lang='lat' dir='ltr'><strong>est,</strong></span> <span class='ocrx_word' id='word_1_356' title='bbox 1802 3940 1844 3988; x_wconf 83' lang='lat' dir='ltr'><strong>ai</strong></span> <span class='ocrx_word' id='word_1_357' title='bbox 1879 3940 2044 4006; x_wconf 77' lang='lat' dir='ltr'><strong>inepte</strong></span> <span class='ocrx_word' id='word_1_358' title='bbox 2077 3940 2310 3990; x_wconf 84' lang='lat' dir='ltr'><strong>hariolari</strong></span> <span class='ocrx_word' id='word_1_359' title='bbox 2345 3939 2558 3988; x_wconf 80' lang='lat' dir='ltr'><strong>noluerit</strong></span> <span class='ocrx_word' id='word_1_360' title='bbox 2585 3938 2644 3986; x_wconf 83' lang='lat' dir='ltr'><strong>de</strong></span> <span class='ocrx_word' id='word_1_361' title='bbox 2671 3936 2811 3987; x_wconf 76' lang='lat' dir='ltr'><strong>rebus</strong></span> 
     </span>
     <span class='ocr_line' id='line_1_37' title="bbox 418 4019 2810 4088; baseline -0.002 -16"><span class='ocrx_word' id='word_1_362' title='bbox 418 4023 620 4088; x_wconf 69' lang='lat' dir='ltr'><strong>ignotis,</strong></span> <span class='ocrx_word' id='word_1_363' title='bbox 658 4023 866 4072; x_wconf 78' lang='lat' dir='ltr'><strong>formam</strong></span> <span class='ocrx_word' id='word_1_364' title='bbox 898 4023 1109 4072; x_wconf 80' lang='lat' dir='ltr'><strong>civitatis</strong></span> <span class='ocrx_word' id='word_1_365' title='bbox 1142 4037 1261 4085; x_wconf 83' lang='lat' dir='ltr'><strong>quae</strong></span> <span class='ocrx_word' id='word_1_366' title='bbox 1295 4021 1383 4072; x_wconf 79' lang='lat' dir='ltr'><strong>aab</strong></span> <span class='ocrx_word' id='word_1_367' title='bbox 1418 4020 1608 4086; x_wconf 73' lang='lat' dir='ltr'><strong>regibus</strong></span> <span class='ocrx_word' id='word_1_368' title='bbox 1641 4021 1791 4070; x_wconf 76' lang='lat' dir='ltr'><strong>fuerit</strong></span> <span class='ocrx_word' id='word_1_369' title='bbox 1823 4021 1958 4070; x_wconf 86' lang='lat' dir='ltr'><strong>nulla</strong></span> <span class='ocrx_word' id='word_1_370' title='bbox 1992 4037 2048 4071; x_wconf 80' lang='lat' dir='ltr'><strong>ex</strong></span> <span class='ocrx_word' id='word_1_371' title='bbox 2085 4027 2222 4088; x_wconf 76' lang='lat' dir='ltr'><strong>parte</strong></span> <span class='ocrx_word' id='word_1_372' title='bbox 2251 4036 2385 4087; x_wconf 74' lang='lat' dir='ltr'><strong>posse</strong></span> <span class='ocrx_word' id='word_1_373' title='bbox 2411 4019 2472 4070; x_wconf 87' lang='lat' dir='ltr'><strong>ab</strong></span> <span class='ocrx_word' id='word_1_374' title='bbox 2499 4034 2556 4068; x_wconf 81' lang='lat' dir='ltr'><strong>eo</strong></span> <span class='ocrx_word' id='word_1_375' title='bbox 2573 4019 2810 4083; x_wconf 71' lang='lat' dir='ltr'><strong>cognosci,</strong></span> 
     </span>
     <span class='ocr_line' id='line_1_38' title="bbox 420 4100 2811 4169; baseline -0.002 -15"><span class='ocrx_word' id='word_1_376' title='bbox 420 4119 571 4168; x_wconf 82' lang='lat' dir='ltr'><strong>neque</strong></span> <span class='ocrx_word' id='word_1_377' title='bbox 606 4104 864 4168; x_wconf 83' lang='lat' dir='ltr'><strong>quidquam</strong></span> <span class='ocrx_word' id='word_1_378' title='bbox 894 4104 953 4153; x_wconf 83' lang='lat' dir='ltr'><strong>ab</strong></span> <span class='ocrx_word' id='word_1_379' title='bbox 986 4120 1041 4153; x_wconf 85' lang='lat' dir='ltr'><strong>eo</strong></span> <span class='ocrx_word' id='word_1_380' title='bbox 1076 4104 1304 4152; x_wconf 83' lang='lat' dir='ltr'><strong>affirmari</strong></span> <span class='ocrx_word' id='word_1_381' title='bbox 1338 4119 1471 4168; x_wconf 76' lang='lat' dir='ltr'><strong>posse</strong></span> <span class='ocrx_word' id='word_1_382' title='bbox 1503 4104 1561 4152; x_wconf 83' lang='lat' dir='ltr'><strong>de</strong></span> <span class='ocrx_word' id='word_1_383' title='bbox 1592 4103 1778 4154; x_wconf 70' lang='lat' dir='ltr'><strong>ratione</strong></span> <span class='ocrx_word' id='word_1_384' title='bbox 1807 4119 1902 4168; x_wconf 85' lang='lat' dir='ltr'><strong>qua</strong></span> <span class='ocrx_word' id='word_1_385' title='bbox 1929 4119 1986 4152; x_wconf 83' lang='lat' dir='ltr'><strong>eo</strong></span> <span class='ocrx_word' id='word_1_386' title='bbox 2017 4107 2232 4169; x_wconf 73' lang='lat' dir='ltr'><strong>tempore</strong></span> <span class='ocrx_word' id='word_1_387' title='bbox 2263 4103 2390 4166; x_wconf 74' lang='lat' dir='ltr'><strong>legen</strong></span> <span class='ocrx_word' id='word_1_388' title='bbox 2418 4101 2570 4151; x_wconf 69' lang='lat' dir='ltr'><strong>factae</strong></span> <span class='ocrx_word' id='word_1_389' title='bbox 2595 4100 2711 4150; x_wconf 78' lang='lat' dir='ltr'><strong>aiut.</strong></span> <span class='ocrx_word' id='word_1_390' title='bbox 2741 4127 2811 4139; x_wconf 85' lang='lat'><strong>—-</strong></span> 
     </span>
     <span class='ocr_line' id='line_1_39' title="bbox 424 4181 2812 4251; baseline -0.002 -16"><span class='ocrx_word' id='word_1_391' title='bbox 424 4187 477 4251; x_wconf 91' lang='lat'><strong>1)</strong></span> <span class='ocrx_word' id='word_1_392' title='bbox 522 4187 674 4235; x_wconf 75' lang='lat' dir='ltr'><strong>Locus</strong></span> <span class='ocrx_word' id='word_1_393' title='bbox 715 4202 813 4251; x_wconf 88' lang='lat' dir='ltr'><strong>quo</strong></span> <span class='ocrx_word' id='word_1_394' title='bbox 856 4185 1041 4235; x_wconf 73' lang='lat' dir='ltr'><strong>Gallius</strong></span> <span class='ocrx_word' id='word_1_395' title='bbox 1084 4186 1186 4250; x_wconf 75' lang='lat' dir='ltr'><strong>agit</strong></span> <span class='ocrx_word' id='word_1_396' title='bbox 1228 4186 1287 4234; x_wconf 85' lang='lat' dir='ltr'><strong>de</strong></span> <span class='ocrx_word' id='word_1_397' title='bbox 1318 4185 1455 4235; x_wconf 71' lang='lat' dir='ltr'><strong>scriis</strong></span> <span class='ocrx_word' id='word_1_398' title='bbox 1488 4185 1812 4250; x_wconf 67' lang='lat' dir='ltr'><strong>praecidania</strong></span> <span class='ocrx_word' id='word_1_399' title='bbox 1845 4185 1920 4249; x_wconf 79' lang='lat'><strong>(4.</strong></span> <span class='ocrx_word' id='word_1_400' title='bbox 1941 4186 1987 4235; x_wconf 78' lang='lat'><strong>6.</strong></span> <span class='ocrx_word' id='word_1_401' title='bbox 2011 4186 2097 4235; x_wconf 76' lang='lat'><strong>10:</strong></span> <span class='ocrx_word' id='word_1_402' title='bbox 2141 4184 2386 4251; x_wconf 62' lang='lat' dir='ltr'><strong>‚pontiflci</strong></span> <span class='ocrx_word' id='word_1_403' title='bbox 2421 4182 2630 4232; x_wconf 81' lang='lat' dir='ltr'><strong>maximo</strong></span> <span class='ocrx_word' id='word_1_404' title='bbox 2664 4181 2812 4231; x_wconf 72' lang='lat' dir='ltr'><strong>leriae</strong></span> 
     </span>
     <span class='ocr_line' id='line_1_40' title="bbox 420 4263 2812 4333; baseline -0.002 -17"><span class='ocrx_word' id='word_1_405' title='bbox 420 4268 757 4333; x_wconf 81' lang='lat' dir='ltr'><strong>praecidaneae</strong></span> <span class='ocrx_word' id='word_1_406' title='bbox 800 4269 852 4317; x_wconf 75' lang='lat' dir='ltr'><strong>in</strong></span> <span class='ocrx_word' id='word_1_407' title='bbox 892 4273 1055 4318; x_wconf 71' lang='lat' dir='ltr'><strong>atrum</strong></span> <span class='ocrx_word' id='word_1_408' title='bbox 1098 4269 1221 4318; x_wconf 70' lang='lat' dir='ltr'><strong>dieu·</strong></span> <span class='ocrx_word' id='word_1_409' title='bbox 1263 4268 1576 4331; x_wconf 76' lang='lat' dir='ltr'><strong>inauguratae</strong></span> <span class='ocrx_word' id='word_1_410' title='bbox 1621 4266 1767 4317; x_wconf 53' lang='grc' dir='ltr'><strong>καθ’</strong></span> <span class='ocrx_word' id='word_1_411' title='bbox 1811 4283 1851 4316; x_wconf 81' lang='lat' dir='ltr'><strong>e.</strong></span> <span class='ocrx_word' id='word_1_412' title='bbox 1873 4284 1920 4332; x_wconf 89' lang='lat' dir='ltr'><strong>q.</strong></span> <span class='ocrx_word' id='word_1_413' title='bbox 1939 4267 2002 4332; x_wconf 81' lang='lat' dir='ltr'><strong>a.)</strong></span> <span class='ocrx_word' id='word_1_414' title='bbox 2051 4267 2262 4317; x_wconf 70' lang='lat' dir='ltr'><strong>ostendit</strong></span> <span class='ocrx_word' id='word_1_415' title='bbox 2298 4267 2388 4316; x_wconf 86' lang='lat' dir='ltr'><strong>hoo</strong></span> <span class='ocrx_word' id='word_1_416' title='bbox 2420 4263 2676 4328; x_wconf 73' lang='lat' dir='ltr'><strong>augurium</strong></span> <span class='ocrx_word' id='word_1_417' title='bbox 2713 4278 2812 4312; x_wconf 84' lang='lat' dir='ltr'><strong>non</strong></span> 
     </span>
     <span class='ocr_line' id='line_1_41' title="bbox 424 4348 2153 4414; baseline 0.001 -16"><span class='ocrx_word' id='word_1_418' title='bbox 424 4349 587 4398; x_wconf 82' lang='lat' dir='ltr'><strong>codem</strong></span> <span class='ocrx_word' id='word_1_419' title='bbox 620 4349 698 4398; x_wconf 85' lang='lat' dir='ltr'><strong>dic</strong></span> <span class='ocrx_word' id='word_1_420' title='bbox 732 4353 890 4399; x_wconf 82' lang='lat' dir='ltr'><strong>actum</strong></span> <span class='ocrx_word' id='word_1_421' title='bbox 923 4365 1049 4410; x_wconf 75' lang='lat' dir='ltr'><strong>esso,</strong></span> <span class='ocrx_word' id='word_1_422' title='bbox 1082 4364 1177 4414; x_wconf 83' lang='lat' dir='ltr'><strong>quo</strong></span> <span class='ocrx_word' id='word_1_423' title='bbox 1213 4349 1391 4398; x_wconf 76' lang='lat' dir='ltr'><strong>factum</strong></span> <span class='ocrx_word' id='word_1_424' title='bbox 1434 4348 1497 4398; x_wconf 80' lang='lat' dir='ltr'><strong>sit</strong></span> <span class='ocrx_word' id='word_1_425' title='bbox 1533 4349 1848 4410; x_wconf 76' lang='lat' dir='ltr'><strong>sacrificium,</strong></span> <span class='ocrx_word' id='word_1_426' title='bbox 1884 4349 1964 4399; x_wconf 82' lang='lat' dir='ltr'><strong>aed</strong></span> <span class='ocrx_word' id='word_1_427' title='bbox 2000 4351 2153 4399; x_wconf 76' lang='lat' dir='ltr'><strong>antea.</strong></span> 
     </span>
    </p>
   </div>
  </div>
 </body>
</html>
