3192 5009
499 248 630 315 122
1556 266 1797 316 01011120.

583 432 756 498 VIII.
810 433 914 511 12,
942 431 1005 498 4.
1066 456 1277 518 ecquae
1324 432 1592 516 pacifica
1626 454 1887 514 per-sona
1931 434 2302 497 desider-etm-
2347 457 2426 496 cm
2473 434 2539 496 in
2583 432 2890 496 bellatore

490 540 618 604 sint
676 540 891 604 omnia.
963 538 1088 619 Qui
1147 540 1209 603 h.
1236 539 1280 603 1.
1345 537 1705 623 appellatur
1751 537 2020 621 pacifica
2053 561 2318 621 persona
2335 588 2350 617 ,
2400 539 2554 604 alibi
2600 544 2888 604 vocatur

478 646 841 730 pacificator
900 650 976 709 ut
1042 643 1182 708 XV.
1237 643 1341 710 11.
1392 643 1466 709 In
1514 644 1836 709 Martialis
1882 644 2028 709 XII.
2082 644 2190 723 62,
2216 644 2258 711 8
2291 646 2591 731 paceficvs
2629 646 2840 709 Numa
2859 696 2882 724 ,

488 750 659 816 VIII.
711 751 817 829 66,
850 749 884 816 1
920 751 1225 835 paceficuc
1270 750 1462 815 lamus
1505 750 1735 836 prodit.

575 968 747 1036 VIII.
802 969 886 1034 12
936 968 1033 1046 B.,
1084 970 1146 1034 2.
1197 975 1267 1033 ut
1300 968 1505 1053 primo
1552 992 1778 1055 quoque
1823 969 1923 1032 die
1965 969 2282 1033 bucer-iam
2329 970 2662 1033 advenio-ea.
2711 967 2882 1034 Otto

480 1081 651 1143 recte
708 1078 877 1140 inter
951 1077 1036 1139 ad
1097 1081 1161 1140 et
1208 1076 1441 1139 venire-9
1486 1099 1575 1139 me
1619 1074 1830 1153 addit,
1878 1074 2127 1140 collatis
2169 1075 2250 1139 11
2277 1076 2335 1140 A
2383 1097 2582 1139 cemco
2631 1076 2716 1138 ad
2757 1097 2880 1138 nos

428 1192 434 1199 '
488 1182 803 1245 Duceriam
856 1181 1080 1245 veniae.
1152 1180 1234 1244 12
1278 1177 1372 1259 0.,
1421 1180 1456 1244 1
1505 1182 1576 1244 in
1625 1182 1924 1245 Samnium
1970 1182 2054 1244 ad
2095 1204 2184 1245 mc
2227 1188 2552 1245 venturum.
2605 1179 2644 1245 3
2693 1204 2882 1268 quam

478 1288 746 1371 pm'mum
791 1288 876 1350 ad
917 1310 1006 1351 mc
1050 1287 1274 1351 venias.

578 1505 750 1571 VIII.
806 1505 912 1586 16,
938 1506 1002 1571 2.
1062 1506 1402 1589 propitium
1445 1507 1602 1569 hamc
1643 1514 1922 1589 sperant,
1974 1507 2152 1571 illum
2201 1506 2424 1570 iratum
2457 1512 2702 1589 putant.
2769 1502 2881 1572 Of.

492 1613 837 1679 Suetonius
898 1617 967 1678 in
1014 1610 1189 1680 Caes.
1243 1609 1363 1678 75:
1418 1612 1899 1691 „Denunciante
1945 1613 2253 1701 Pompeio
2302 1634 2416 1699 pro
2463 1613 2756 1678 hostibus
2801 1634 2882 1677 se

492 1720 869 1785 habiturum
888 1768 904 1797 ,
953 1722 1065 1805 qui
1106 1722 1200 1784 rei
1244 1717 1537 1804 publicae
1583 1719 1962 1797 defuissent,
2009 1722 2146 1805 ipse
2195 1718 2475 1799 (Caesar)
2523 1719 2767 1783 medios
2803 1724 2882 1783 et

490 1828 781 1891 neutrius
843 1828 1043 1912 partis
1105 1845 1369 1889 suorum
1428 1824 1550 1889 sibi
1615 1846 1877 1890 numero
1941 1826 2190 1891 futuros
2238 1824 2750 1912 pronunciavit”.
2795 1822 2884 1889 In

498 1932 780 1999 Terentii
842 1931 1154 2018 Adelphis
1213 1929 1264 1995 I.
1320 1931 1379 2009 1,
1408 1930 1447 1995 6
1510 1953 1675 1997 uxor
1719 1931 1884 1995 irata
1930 1934 2275 2019 opponitur
2321 1931 2690 2019 parentibus
2726 1952 2886 2015 pro·

481 2038 687 2122 pitiic.

579 2241 696 2307 IX.
755 2240 817 2320 5,
845 2241 907 2306 2.
958 2241 1113 2305 diem
1138 2279 1219 2291 —
1249 2241 1515 2305 Aliensis
1539 2264 1803 2323 puqnae.
1842 2240 1943 2306 Ita
1966 2244 2189 2327 scripsi
2212 2246 2466 2307 auctore
2491 2240 2874 2307 NiebuhriO.

495 2349 621 2415 Sed
667 2349 864 2415 codex
912 2347 1287 2414 Veronensis
1332 2348 1505 2413 Livii
1549 2346 1656 2413 VI.
1711 2348 1743 2412 1
1797 2348 2042 2414 cladem
2081 2348 2405 2412 Albiencem
2451 2354 2656 2424 vocat,
2707 2367 2884 2411 eem—

495 2476 619 2540 que
660 2476 880 2521 veram
917 2457 1303 2540 scripturam
1344 2475 1477 2520 esse
1516 2453 1698 2519 docet
1729 2454 2171 2519 Mommsenus
2193 2457 2261 2519 in
2285 2452 2356 2521 O.
2383 2452 2434 2519 Ι.
2460 2454 2534 2520 L.
2573 2454 2605 2519 I
2626 2476 2688 2540 p.
2717 2450 2880 2520 397.

493 2557 589 2628 Cf.
643 2581 892 2647 quoque
937 2560 1189 2625 Peerlk.
1241 2559 1320 2625 ad
1368 2558 1544 2647 Virg.
1593 2560 1750 2626 Aen.
1800 2560 1930 2626 vol.
1973 2556 2038 2623 H
2075 2580 2144 2645 p.
2196 2558 2302 2626 68.

582 2778 697 2846 IX.
744 2778 805 2856 6,
834 2777 894 2843 3.
945 2779 1157 2864 quibus
1197 2801 1339 2843 usuc
1375 2801 1493 2843 non
1531 2785 1618 2843 eet
1659 2799 1736 2844 ex
1781 2782 2043 2865 antiqua
2082 2779 2393 2857 formula,
2435 2800 2596 2865 quae
2620 2801 2658 2845 a
2679 2780 2882 2847 Livio

491 2906 742 2971 quoque
802 2884 1015 2949 XXX.
1068 2883 1153 2949 41
1217 2892 1473 2951 servata
1532 2892 1660 2962 est,
1727 2906 1764 2949 a
1825 2888 2129 2972 scriptore
2189 2886 2496 2972 epistolae
2544 2893 2884 2973 ponuntur

493 3012 606 3077 pro
652 2993 987 3057 usitatiore
1028 2991 1239 3075 quibus
1281 3013 1429 3074 opus
1472 3013 1592 3055 non
1638 2998 1743 3055 est.

580 3210 697 3276 IX.
752 3210 855 3289 10,
886 3208 946 3275 3.
997 3211 1142 3273 hacc
1186 3232 1275 3273 me
1302 3211 1690 3296 fefellerunt
1738 3232 1773 3277 o
1821 3210 1997 3277 Mod.
2045 3211 2481 3298 recipiendum
2529 3217 2645 3277 est.
2695 3210 2882 3279 Male

492 3320 636 3382 baec
680 3320 953 3382 iteratur
1000 3337 1033 3380 e
1082 3314 1229 3381 ficto
1278 3315 1452 3381 Bosii
1497 3316 1728 3383 codice.

584 3519 700 3584 IX.
753 3518 857 3605 10,
887 3518 949 3583 6.
998 3516 1241 3586 Ceteris
1288 3521 1668 3585 coniecturis
1715 3540 1752 3585 a
1797 3542 1905 3587 me
1941 3520 2217 3587 laudetis
2257 3528 2574 3609 praestare
2614 3522 2884 3588 videtur

490 3627 645 3691 haec
709 3623 999 3690 Ottonis:
1076 3626 1249 3707 Quod
1308 3626 1547 3710 quaeris
1609 3651 1648 3689 a
1693 3650 1782 3691 me
1811 3630 2116 3714 suqamne
2161 3630 2482 3714 defendam
2527 3652 2609 3693 aaz
2653 3652 2884 3693 moram

492 3732 797 3795 utiliorem
831 3738 1057 3814 putem.

580 3930 697 3996 IX.
754 3930 834 3994 11
842 3980 857 4009 ,
886 3929 947 3995 4.
987 3940 1131 4015 post
1152 3934 1383 4018 suqam
1419 3942 1682 3999 noctram
1719 3958 2016 4021 nunquam
2056 3957 2254 3999 aarum
2291 3936 2676 4000 intervalbum
2699 3936 2876 4023 fuit.

492 4038 598 4105 Sic
646 4037 1048 4104 scribendum
1095 4060 1314 4105 censeo
1366 4038 1589 4106 deletis
1636 4043 1848 4107 verbis
1893 4042 2013 4105 iam
2059 4049 2320 4106 nostrum
2337 4089 2353 4118 ,
2402 4063 2561 4127 quae
2601 4044 2678 4107 ab
2720 4046 2882 4108 osci-

490 4149 669 4211 tante
714 4143 975 4209 librario
1026 4166 1059 4210 e
1105 4148 1493 4233 praegressis
1525 4148 1758 4233 suqam
1803 4155 2064 4212 nostram
2109 4150 2380 4233 repetita
2429 4154 2600 4213 sunt.

585 4362 702 4428 IX.
758 4363 837 4435 11
882 4364 982 4441 A„
1025 4362 1086 4429 3.
1135 4373 1202 4431 uc
1248 4365 1509 4431 arbitror
1555 4373 1613 4431 et
1661 4369 1746 4433 ad
1795 4375 1955 4432 tumn
1977 4369 2171 4453 fidem
2205 4374 2262 4435 et
2299 4370 2384 4443 ad
2416 4392 2538 4441 rem
2562 4370 2878 4454 publicam
