3192 5009
561 259 693 328 366
1400 279 1693 327 ORActh
1739 280 2095 328 smmum.

651 444 803 511 VIII
853 445 959 511 56.
1008 444 1105 512 De
1149 445 1475 512 Hadriano
1520 449 1907 533 imperatore
1954 454 2020 513 et
2065 449 2344 513 Antinoo
2358 445 2438 528 (27)
2487 445 2756 515 dicitur:

920 553 1026 618 καὶ
1075 558 1362 631 μαγικῶν
1413 551 1648 618 ἀδύτων
1695 555 2004 634 μυστήρια
2052 554 2268 619 πάντα
2313 552 2590 632 μεθέξει,

918 657 1122 724 παῖδα
1169 660 1295 723 θεὸν
1343 659 1805 739 δεικνύσει,
1857 657 2565 740 άπαντα·σεβάσματα
2613 661 2830 740 λύσει,

920 761 1073 830 κεῖτ·
1121 765 1369 846 άρχαῒα
1419 765 1666 839 πλάνης
1713 770 2025 847 μυστήρια
2071 770 2262 832 πᾶσιν
2311 766 2556 846 ἀνοίξει.

552 871 931 957 Suspectam
990 892 1097 936 me
1141 871 1372 960 habere
1419 874 1581 937 hanc
1629 872 1814 958 plane
1861 874 2195 940 barbaram
2237 875 2442 939 futuri
2485 874 2762 940 formam
2811 877 2950 940 iam

550 982 776 1045 monui
820 981 888 1043 in
935 983 1116 1064 parte
1162 981 1608 1064 grammatica.
1661 978 1966 1065 Tempto:

817 1112 826 1119 ·
914 1085 1117 1149 παῖδα
1160 1082 1285 1148 θεὸν
1334 1083 1692 1162 δεικνύς,
1737 1086 1872 1150 καὶ
1916 1081 2177 1150 ἅπαντα
2217 1083 2612 1164 σεβάσματα
2653 1086 2854 1151 λύσει.

551 1191 659 1258 vel
702 1191 911 1257 lenius
960 1193 1157 1257 etiam
1201 1190 1515 1262 δεικνύς
1539 1239 1555 1269 ,
1608 1193 1701 1257 ἴδ’
1751 1190 2012 1258 ἅπαντα
2062 1194 2191 1258 κτὲ.

596 1297 750 1364 VIII
779 1297 907 1363 114
946 1296 1272 1374 τύμπανον
1318 1298 1427 1362 οὐκ
1476 1300 1643 1378 ἠχεῖ,
1696 1300 1761 1364 ού
1811 1298 2142 1376 κύμβαλον
2182 1297 2427 1378 (αὖτε
2471 1304 2856 1377 ,upon-emus).

550 1405 695 1472 Non
756 1404 926 1471 male
992 1402 1355 1469 Volkmann
1422 1407 1513 1470 ita
1565 1405 1856 1490 supplet,
1909 1407 2033 1470 nisi
2082 1405 2250 1491 quod
2296 1404 2714 1490 praetulerim
2755 1401 2862 1470 αὖ
2880 1407 2948 1470 01

558 1518 888 1592 κρατεῖται.

600 1616 764 1682 VIII
799 1615 930 1682 188
966 1615 1099 1682 οὐδέ
1146 1622 1297 1697 σφιν
1347 1616 1614 1681 πλούτου
1664 1616 1827 1696 κόρος
1879 1615 2166 1682 ἔσσεται·
2216 1617 2440 1683 άλλά
2487 1621 2547 1682 τ’
2594 1617 2858 1690 ἀναιδῶς

968 1722 1227 1787 πλείονα
1274 1723 1626 1797 συλήσουσι.

556 1831 730 1918 Lege
778 1829 1000 1894 άλλά
1049 1826 1143 1907 γ’,
1193 1833 1270 1894 ut
1314 1827 1369 1892 V
1418 1827 1573 1906 255,
1622 1828 1705 1894 al.
1756 1834 1821 1894 et
1868 1833 2107 1914 passim
2155 1829 2326 1917 apud
2373 1833 2710 1916 sequiores.
2760 1828 2952 1894 Idem

556 1935 868 2003 mendum
913 1938 1273 2022 corrigatur
1313 1935 1443 2000 XII
1491 1934 1599 2001 51.

648 2042 813 2109 VIII
850 2040 982 2108 279
1033 2042 1109 2108 de
1159 2039 1414 2108 Christo
1463 2043 1734 2107 dicitur:

964 2149 1069 2212 καὶ
1118 2148 1458 2213 καλέσει
1510 2148 1734 2227 ψυχὰς
1773 2145 2088 2228 μακάρων,
2132 2148 2398 2229 οἰκτροὺς
2442 2148 2492 2212 δ’
2516 2148 2845 2226 ἀγαπήσει
2868 2169 2884 2226 ;

964 2247 1017 2318 οἳ
1067 2253 1314 2318 ιιαιιὸν
1363 2253 1545 2317 άντὶ
1594 2256 1852 2318 καλοῦ
1903 2250 2354 2334 χλευαζόμενα
2409 2251 2756 2333 πράξουσιν.

554 2359 697 2426 Hoc
767 2361 985 2424 minus
1046 2361 1380 2444 proprium
1440 2356 1717 2435 Christi,
1783 2379 2010 2424 vocare
2073 2361 2321 2424 animos
2385 2359 2716 2424 beatorum
2733 2406 2749 2437 ,
2817 2360 2865 2426 i.
2893 2381 2949 2424 e.

553 2467 838 2532 divitum
906 2467 1141 2550 quique
1211 2466 1333 2530 sibi
1399 2465 1569 2530 beati
1632 2464 1952 2528 videntur.
2016 2463 2232 2529 Etiam
2295 2485 2564 2550 sequens
2627 2467 2946 2550 oppositio

552 2571 815 2636 suadere
859 2569 1149 2635 videtur:

964 2675 1070 2739 καὶ
1121 2677 1476 2741 κλάσσει
1522 2676 1748 2757 ψυχάς
1793 2675 2111 2756 μακάρων.

556 2781 627 2847 Si
690 2787 903 2846 tamen
969 2781 1219 2845 καλέσει
1282 2802 1512 2846 sanum
1530 2831 1546 2860 ‚
1610 2780 1906 2860 μακάρων
1967 2803 2078 2866 per
2123 2780 2444 2867 prolepsin
2490 2780 2947 2866 explicandum

556 2895 691 2965 est,
737 2893 813 2952 ut
852 2889 937 2951 sit
976 2887 1271 2951 hominum
1315 2887 1541 2951 animos
1582 2887 1809 2950 vocabit
1847 2887 1928 2952 ad
1960 2889 2168 2951 vitam
2191 2888 2445 2952 beatam
2467 2887 2784 2966 <futuram
2807 2893 2948 2968 sm).

645 2992 725 3057 In
770 2995 1061 3078 sequenti
1108 3014 1203 3057 vs.
1251 3015 1374 3059 non
1420 2994 1726 3080 intellego
1774 2995 2016 3078 primae
2063 2991 2280 3057 classis
2327 2995 2710 3078 scripturam
2757 2995 2952 3060 κακὸν

554 3099 691 3164 ἀντὶ
755 3102 969 3176 κακοῦ,
1035 3100 1443 3185 praeferoque
1506 3099 1902 3185 reliquorum
1964 3098 2254 3164 codicum
2318 3101 2703 3183 scripturam
2751 3099 2948 3164 καλὸν

554 3204 691 3270 ἀντὶ
744 3209 956 3282 κακοῦ,
1004 3225 1201 3289 quam
1248 3209 1441 3272 ceteri
1490 3206 1762 3271 editores
1810 3203 2092 3290 amplexi
2136 3209 2304 3268 sunt.

645 3309 810 3375 VIII
850 3309 983 3376 288
1027 3311 1305 3376 δώσουσιν
1354 3313 1418 3378 δὲ
1467 3314 1573 3392 θεῷ
1623 3311 2115 3391 ῥαπίσματα
2163 3309 2376 3390 χερσὶν
2422 3305 2740 3388 άνάγνοις.

552 3419 841 3484 Pessime
880 3415 1169 3497 ῥάπισμα
1210 3419 1501 3503 producit
1538 3420 1819 3503 primam
1861 3416 2199 3503 syllabam.
2251 3415 2375 3482 Sed
2415 3417 2682 3482 fortasse
2721 3423 2949 3482 auctor

555 3523 732 3590 dedit
777 3522 1363 3604 ραβδΙσματα,
1415 3529 1528 3588 aut
1573 3530 1718 3609 post
1765 3524 1872 3602 θεῷ
1921 3521 2157 3587 excidit
2205 3521 2520 3607 particula
2567 3547 2667 3601 γε.

599 3627 764 3694 VIII
789 3626 921 3694 29¹7
964 3630 1046 3692 ἐκ
1093 3629 1399 3707 καλάμων
1447 3630 1573 3708 γὰρ
1621 3629 1941 3706 σειομένων
1990 3628 2105 3692 ὑπὸ
2153 3627 2510 3703 πνεύματος
2563 3627 2762 3694 ἄλλον

963 3735 1405 3812 προσκλΙματα
1450 3739 1666 3815 ψυχῆς
1709 3735 1982 3814 ἐτράφη,
2023 3735 2264 3814 ὀργῆς
2307 3731 2438 3797 καὶ
2483 3733 2873 3811 ἀμοιβῆς.

552 3842 757 3909 Verba
806 3843 917 3906 vix
964 3861 1133 3906 sana.
1186 3839 1475 3907 Conieci:

956 3950 1050 4019 ὡς
1101 3946 1405 4023 καλάμων
1453 3948 1579 4028 γαρ
1631 3949 1945 4023 σειομένων
1998 3946 2114 4010 ὑπὸ
2165 3944 2518 4022 πνεύματος
2568 3944 2786 4022 ἄλλου,

957 4053 1400 4131 προσκλΙματα
1447 4059 1662 4132 ψυχῆς
1713 4054 1990 4133 ἐτράφη,
2040 4054 2230 4131 ὀργὴ
2282 4051 2418 4117 καὶ
2468 4051 2802 4129 άμοιβιὶ.

641 4160 803 4225 VIII
847 4159 978 4224 303
1023 4161 1081 4231 ἐς
1133 4159 1193 4224 δὲ
1240 4162 1309 4225 τὸ
1360 4160 1582 4238 βρῶμα
1631 4161 1828 4238 χολὴν
1877 4159 1980 4223 καὶ
2031 4166 2249 4224 πιεῖν
2295 4157 2422 4236 ὅξος
2477 4157 2726 4238 ἔδωκαν.

551 4269 658 4334 Sic
719 4267 903 4344 libri,
968 4269 1231 4353 corrigit
1280 4266 1484 4330 editor
1532 4268 1829 4341 πιέμεν
1853 4314 1866 4341 ,
1917 4265 2026 4330 sed
2072 4269 2332 4350 propter
2375 4264 2762 4351 productum
2809 4267 2942 4329 iota

538 4371 829 4440 nonnihil
902 4371 1143 4436 dubito.
1218 4371 1349 4436 Nec
1424 4371 1607 4436 valde
1679 4370 1888 4456 placet
1961 4389 2256 4458 praesens
2329 4370 2605 4447 πινέμεν,
2683 4370 2795 4435 sed
2861 4391 2936 4436 ex
