3192 5009
1344 338 1567 388 Puro.
1760 300 1768 309 ⁸
2522 322 2652 391 163

266 505 667 589 ineptissime
712 509 857 569 ante
905 503 1195 585 καθαρμῷ
1244 504 1553 569 articulus
1599 506 1682 583 τῷ
1728 506 2066 569 inseritur:
2121 506 2431 585 καθαρμός
2482 511 2655 573 8111111

270 616 335 675 et
396 614 567 679 λύσις
633 610 761 675 fere
807 631 1165 696 synonyma
1211 615 1380 675 sunt.
1432 609 1604 690 Quae
1653 616 2008 695 sequuntur
2054 615 2254 692 ταύτῃ
2305 662 2318 677 .
2349 663 2362 678 .
2393 663 2406 678 .
2437 662 2453 679 .
2505 616 2658 689 ὑφη-

268 725 482 793 γεῖται
528 719 597 780 in
641 716 959 781 codicibus
1002 719 1259 804 egregie
1306 723 1457 781 sunt
1496 720 1860 782 enuntiata:
1918 719 2058 804 ipsa
2096 721 2268 784 enim
2307 721 2656 786 verbositas

268 829 333 887 et
394 822 687 907 frequens
746 822 1032 888 eiusdem
1096 825 1187 887 rei
1246 825 1544 909 repetitio
1604 843 1912 909 magnam
1958 825 2194 889 habent
2238 827 2659 912 persuadendi

268 931 443 1006 vim,
506 935 695 1015 atque
759 932 1017 1016 egregie
1066 932 1453 995 conveniunt
1499 928 1605 994 illi
1649 931 1760 1015 qui
1808 929 1884 995 de
1929 950 1998 995 re
2043 935 2398 998 certissima
2442 932 2658 1019 loqua-

269 1041 395 1099 tur.
448 1034 522 1099 In
569 1056 811 1121 papyro
858 1038 1040 1100 nervi
1086 1038 1388 1101 orationis
1434 1034 1807 1101 inciduntur
1852 1042 1917 1101 et
1964 1039 2178 1122 inepte
2228 1040 2484 1103 additur
2521 1062 2660 1126 par-

269 1140 488 1206 ticula.
558 1141 831 1228 Legitur
901 1144 1074 1207 enim
1145 1143 1346 1219 ταύτῃ
1420 1142 1489 1215 δὴ
1554 1144 1879 1219 τρέπονται
1943 1139 1981 1223 ᾖ
2043 1147 2236 1217 ἐκείνη
2291 1146 2654 1225 ὑφηγεῖται.

267 1246 757 1312 Alienissimum
827 1256 1047 1313 autem
1114 1248 1192 1312 ab
1252 1248 1371 1313 1100
1431 1247 1567 1313 1000
1631 1252 1728 1313 est
1792 1247 1897 1321 δήτ
1961 1270 2084 1313 11011
2133 1252 2305 1315 enim
2353 1252 2434 1315 ad
2479 1255 2658 1337 prius

268 1354 440 1419 dicta
498 1353 815 1419 redeundo
883 1353 1491 1419 demonstrationem
1538 1354 1860 1419 concludit
1907 1355 2199 1421 Socrates
2245 1363 2432 1442 (quae
2478 1358 2658 1423 illius

267 1464 367 1524 est
420 1458 766 1545 particulae
826 1462 951 1540 vis)
1014 1460 1125 1525 sed
1182 1480 1418 1524 novam
1482 1458 1948 1544 quodammodo
2008 1462 2248 1547 profert
2290 1463 2656 1549 disputandi

266 1567 627 1629 materiem.
676 1564 856 1644 Quod
900 1583 933 1631 e
980 1567 1389 1651 sequentibus
1440 1572 1602 1644 πῶς,
1647 1563 1686 1630 ω’
1733 1566 2090 1647 §.teimau-243
2137 1566 2306 1645 Ἐγὼ
2349 1571 2488 1648 ἐρῶ,
2534 1566 2655 1650 ἔφη

266 1674 601 1757 perspicue
644 1676 926 1757 apparet.

362 1776 449 1843 82
475 1777 550 1842 E.
603 1776 769 1857 „Qui
815 1783 967 1842 sunt
1004 1780 1350 1863 sapientiae
1390 1778 1662 1844 studiosi
1699 1785 1984 1845 mentem
2007 1781 2286 1845 hominis
2309 1784 2378 1846 in
2403 1804 2658 1868 corpore

264 1886 555 1949 vinctam
596 1905 729 1950 esse
768 1884 1023 1962 vident,
1066 1884 1387 1971 simulque
1427 1890 1664 1969 quanta
1703 1888 1789 1949 sit
1829 1886 2072 1951 vinculi
2113 1888 2211 1952 vis
2249 1887 2625 1975 intelligunt
2639 1910 2655 1966 3

268 1997 663 2077 cognoscunt
709 1993 881 2055 enim
928 1988 1018 2053 ὅτι
1070 1990 1142 2053 δι’
1191 1991 1518 2067 ἐπιθυμίας
1569 1992 1754 2069 ἐστίν,
1805 1993 1881 2062 ὥς
1931 1992 2006 2057 ἂν
2057 1994 2344 2067 μάλιστα
2397 1996 2584 2067 αὐτὸς
2629 1994 2656 2059 ὅ

268 2095 582 2169 δεδεμένος
622 2095 992 2175 ξυλλήπτωρ
1032 2095 1119 2170 εἴη
1161 2102 1267 2160 τοῦ
1310 2095 1655 2162 δεδέσθαι.”
1706 2096 1781 2161 111
1820 2119 1965 2184 pap.
2005 2104 2102 2162 est
2147 2103 2290 2177 τοῦ,
2332 2106 2659 2166 annotant-

268 2223 397 2288 que
466 2203 737 2268 editores
807 2202 1011 2267 solam
1078 2201 1261 2267 illam
1321 2224 1457 2267 esse
1520 2224 1555 2268 e
1617 2206 2046 2269 recentiorum
2107 2205 2658 2272 emendationibus

269 2330 431 2395 quae
479 2330 725 2396 papyro
774 2308 1200 2374 confirmetur.
1251 2308 1326 2373 In
1374 2309 1551 2374 codd.
1601 2312 1776 2375 enim
1821 2310 1905 2389 τῷ
1951 2309 2309 2396 legebatur,
2362 2318 2469 2376 τοῦ
2520 2334 2659 2379 0011-

268 2418 427 2481 iecit
484 2414 913 2480 Heindorfius.
980 2414 1103 2480 Sed
1120 2465 1136 2492 ,
1204 2437 1355 2500 pace
1419 2419 1583 2481 tanti
1628 2418 1756 2482 viri
1801 2416 2050 2482 dictum
2096 2424 2230 2483 esto
2248 2467 2265 2496 ,
2316 2440 2537 2486 vereor
2583 2426 2660 2483 ut

264 2521 487 2587 locum
524 2526 816 2586 nostrum
855 2527 1024 2586 recte
1059 2521 1468 2587 intellexerit.
1511 2521 1680 2602 Quos
1719 2524 1893 2588 enim
1931 2522 2213 2609 exempli
2253 2544 2442 2589 causa
2480 2524 2658 2591 affert

264 2627 445 2693 locos
463 2677 478 2705 ,
526 2628 618 2692 ibi
662 2630 729 2691 in
778 2629 1068 2713 genitivo
1115 2630 1323 2714 posita
1359 2634 1456 2694 est
1494 2648 1592 2693 res
1611 2676 1628 2705 ‚
1667 2627 1736 2691 in
1775 2651 1893 2713 qua
1930 2628 2036 2693 vel
2075 2630 2244 2693 cuiue
2285 2653 2464 2695 cama
2490 2629 2656 2696 alius

268 2732 386 2799 alii
431 2733 555 2799 fert
603 2754 823 2819 opem;
872 2732 1056 2799 velut
1100 2735 1297 2799 Arist.
1347 2732 1532 2819 Vesp.
1588 2731 1752 2800 773:

833 2922 837 2925 ἢ
908 2840 1353 2917 ξυλλαμβάνει
1399 2846 1504 2905 τοῦ
1554 2838 1937 2919 πράγματος

268 2952 339 3013 et
384 2946 547 3012 Xon.
597 2946 797 3011 Mem.
848 2945 930 3025 II,
979 2946 1189 3023 2,12;
1242 2944 1341 3010 ἵνα
1392 2947 1632 3023 ἀγαθοῦ
1682 2970 1772 3010 σοι
1818 2948 2122 3023 γίγνηται
2172 2948 2564 3028 συλλήπτωρ.

365 3053 490 3117 Hic
537 3074 689 3118 vero
738 3053 805 3115 τὸ
854 3053 1124 3117 δεδέσθαι
1172 3052 1426 3115 hominis
1470 3052 1704 3132 ayantie
1749 3054 1958 3118 vicem
2005 3052 2238 3138 implet
2257 3103 2272 3131 ,
2321 3056 2418 3117 eui
2469 3076 2657 3142 opem

268 3162 487 3225 ferunt
546 3162 767 3225 vincti.
831 3158 934 3224 Sic
983 3162 1157 3224 enim
1202 3166 1423 3224 verto:
1475 3180 1636 3244 quae
1683 3160 1979 3224 vincendi
2025 3163 2189 3225 ratio
2241 3168 2337 3226 est
2385 3182 2510 3248 qua
2553 3165 2653 3241 (ὡς

270 3264 377 3345 ἄν)
424 3268 681 3329 vinctus
722 3268 860 3350 ipse
898 3266 964 3327 τὸ
1006 3264 1275 3329 δεδέσθαι
1316 3267 1596 3329 maxime
1633 3264 1912 3330 adiuvet.
1962 3263 2356 3352 Cupiditatis
2395 3267 2654 3333 vinculo

268 3376 529 3439 vinctus
576 3378 673 3437 est
717 3370 984 3456 aliquis;
1035 3392 1159 3436 non
1205 3392 1357 3459 ergo
1398 3370 1611 3437 solum
1649 3374 1905 3436 vinctus
1944 3378 2042 3437 est
2081 3374 2193 3439 sed
2229 3377 2484 3438 vinctus
2521 3393 2656 3439 esse

272 3479 424 3547 vult
492 3484 557 3545 et
627 3481 824 3564 cupit.
898 3478 1121 3543 Nonne
1190 3479 1313 3543 11οο
1372 3484 1469 3543 est
1529 3478 1930 3557 ξυλλήπτορα
1995 3475 2147 3544 εἷναι
2209 3482 2291 3558 τῷ
2340 3476 2657 3543 δεδέσθαιῗ

274 3585 582 3652 Morbum
644 3584 765 3649 sibi
809 3586 1104 3649 innatum
1151 3583 1381 3669 aliquis
1427 3583 1597 3649 ultro
1642 3582 1760 3649 alit
1807 3591 2127 3671 augetque
2146 3633 2162 3661 ,
2210 3583 2656 3663 ξυλλαμβάνει

274 3714 431 3779 ergo
490 3701 565 3772 τῇ
623 3690 767 3768 νόσῳ
816 3712 942 3755 11011
988 3700 1096 3765 τῆς
1149 3691 1337 3755 νόσου.
1391 3690 1487 3757 cf.
1536 3690 1708 3777 quod
1753 3692 1890 3775 ipse
1939 3689 2172 3755 Heind.
2222 3690 2400 3757 affert
2445 3689 2655 3771 (Dem.

276 3800 357 3866 de
404 3796 548 3865 Cor.
597 3820 657 3884 p.
709 3795 904 3879 23l):
956 3844 970 3861 .
1003 3846 1017 3861 .
1047 3846 1061 3863 .
1092 3845 1106 3862 .
1150 3796 1627 3875 συνελάμβανεν
1679 3800 1844 3873 ἡμῖν.

371 3903 458 3970 83
482 3905 557 3968 Α.
633 3899 783 3967 οὕτω
858 3903 1323 3982 παραλαβοῦσα
1394 3906 1429 3979 ἦ
1500 3904 1849 3982 Φιλοσοφία
1927 3898 2196 3982 ἔχουσαν
2274 3902 2475 3966 αὐτῶν
2549 3904 2659 3975 ‘rint

277 4012 513 4091 ψυχήν.
577 4008 927 4097 Vulgatam
986 4011 1147 4074 hanc
1205 4009 1547 4075 lectionem
1609 4016 1673 4074 et
1719 4030 1865 4095 pap.
1914 4008 2106 4074 habet
2123 4029 2139 4087 ;
2190 4009 2381 4073 verba
2428 4012 2518 4073 sic
2567 4030 2662 4075 or-

278 4118 495 4183 dinare
541 4115 729 4181 malit
772 4116 1220 4203 Hirschigius:
1270 4112 1454 4183 οὕτως
1505 4114 1775 4194 ἔχουσαν
1816 4115 2288 4193 παραλαβοῦσα
2329 4116 2456 4180 κτὲ.
2499 4137 2660 4201 quae

278 4229 376 4288 est
430 4225 789 4288 coniectura
832 4224 1101 4286 minime
1147 4221 1525 4307 probabilis:
1578 4221 1851 4286 traditus
1899 4222 2072 4285 enim
2117 4222 2458 4287 verborum
2509 4222 2660 4288 ordo

282 4332 489 4417 magis
537 4331 888 4395 orationem
934 4328 1333 4393 Platonicam
1379 4328 1592 4393 refert.

372 4436 459 4502 ib.
510 4437 802 4500 πείθουσα
845 4435 907 4499 δὲ
955 4436 1021 4499 ἐκ
1072 4437 1298 4500 τούτων
1344 4439 1454 4514 (sc.
1503 4437 1622 4498 τῶν
1669 4433 1969 4511 ὀμμάτων
2017 4434 2120 4498 καὶ
2163 4441 2280 4499 τῶν
2323 4434 2512 4516 ὤτων)
2546 4435 2660 4513 μὲν
