3192 5009
1268 262 1572 311 ruerus.
2526 240 2611 307 45

269 431 331 493 in
365 427 713 513 compendio
759 426 875 492 illo
924 426 1092 513 quod
1145 426 1262 503 „de
1309 448 1376 493 re
1422 426 1732 493 metrica''
1796 428 2049 512 scripsit
2100 449 2163 511 p.
2207 423 2339 491 458
2380 426 2613 489 diserte

265 536 348 599 ita
395 536 622 597 statuit.
686 533 762 597 In
811 536 1033 621 capite
1096 533 1173 598 de
1223 534 1496 599 Sotadeis
1549 532 1787 611 „finem
1836 532 2108 598 faciam”
2160 535 2253 597 ait
2305 534 2414 610 „in
2462 532 2615 596 Am-

267 639 588 725 phitryonis
671 638 812 705 loco
887 639 938 717 Ι,
991 640 1050 717 1,
1121 639 1234 704 ubi
1304 661 1431 704 ves.
1505 638 1770 704 14--18
1859 641 1929 721 [i.
1956 660 2011 704 e.
2082 639 2153 704 hi
2198 641 2325 724 ipsi
2392 659 2615 703 versus

271 742 612 822 168—172,
663 766 822 830 quos
869 744 1160 810 sotadeos
1211 766 1346 811 esse
1394 744 1666 828 affirmo]
1714 752 1929 831 aperte
1976 745 2217 810 sotadei
2264 750 2445 822 sunt3
2505 745 2617 830 qui

265 861 454 917 autem
505 852 890 937 praecedunt
939 901 952 916 .
985 901 998 915 .
1031 900 1045 915 .
1076 901 1089 915 .
1140 874 1266 917 non
1329 855 1464 917 sine
1530 852 1971 919 audacioribus
2036 851 2500 917 mutationibus
2547 853 2618 915 in

261 956 402 1021 illud
441 966 723 1023 metrum
768 956 1202 1043 redigentur.''
1251 956 1426 1043 Ergo
1474 960 1576 1022 vir
1624 979 1917 1023 summus
1956 958 2306 1021 audaciores
2343 956 2617 1020 mutatio-

265 1086 352 1127 nes
407 1064 695 1148 improbat
712 1113 728 1142 ,
800 1067 950 1150 quia
1014 1062 1328 1129 librorum
1386 1084 1538 1129 mss.
1608 1067 1921 1148 optimam
1983 1066 2434 1129 auctoritatem
2482 1064 2615 1127 sine

261 1172 424 1235 iustis
479 1171 832 1237 rationibus
892 1177 1297 1236 contemnere
1345 1192 1620 1258 pravum
1670 1179 1765 1237 est
1783 1221 1800 1250 ‚
1849 1177 2039 1257 atque
2090 1176 2165 1234 ut
2212 1191 2434 1237 versus
2486 1166 2615 1233 163

263 1274 454 1343 -167
514 1276 757 1342 sotadei
819 1298 952 1343 esse
1000 1282 1362 1363 nequeunt,
1412 1277 1637 1343 eodem
1682 1284 1867 1364 pacto
1915 1300 2010 1343 vs.
2066 1274 2422 1343 168-172
2470 1277 2617 1361 puri

260 1386 380 1467 puti
437 1384 676 1450 sotadei
737 1406 861 1449 non
920 1386 1178 1471 agnosci
1224 1404 1348 1449 non
1396 1391 1696 1470 possunt;
1747 1388 2097 1469 utrumque
2144 1387 2313 1449 enim
2366 1402 2617 1449 censere

259 1510 388 1553 eum
429 1498 712 1576 oportet,
762 1493 871 1576 qui
920 1490 1182 1555 eandem
1233 1511 1527 1555 normam
1572 1493 1617 1555 i.
1640 1511 1693 1555 e.
1742 1488 2055 1555 librorum
2102 1512 2255 1555 mss.
2304 1493 2617 1576 optimam

257 1599 678 1662 auctoritatem
739 1599 874 1662 sine
936 1617 1127 1662 causa
1173 1617 1298 1661 non
1347 1596 1597 1661 deserit.
1651 1634 1735 1643 -—
1785 1595 2027 1662 Verum
2074 1599 2397 1663 enimvero
2443 1595 2617 1660 idem

263 1702 643 1768 Hermannus
708 1703 871 1767 hanc
933 1704 1318 1769 sententiam
1379 1701 1761 1789 prudentem
1810 1710 1873 1767 et
1918 1706 2105 1768 unice
2152 1724 2373 1769 veram
2418 1722 2615 1788 quam

254 1830 394 1873 anno
457 1808 631 1874 1816
696 1808 932 1875 tulerat
992 1810 1156 1873 mira
1199 1811 1625 1874 inconstantia
1669 1812 1805 1894 ipse
1853 1808 2281 1887 oblitteravit,
2332 1828 2481 1873 cum
2526 1809 2619 1871 vi-

253 1916 398 2000 ginti
435 1921 501 1981 et
547 1936 676 1979 uno
725 1918 905 1979 annis
953 1920 1100 2000 post
1145 1918 1214 1979 111
1253 1914 1482 1979 Annal.
1523 1914 1741 1979 Jahnii
1780 1914 1910 1980 vol.
1946 1914 2109 1979 XIX
2149 1919 2217 1979 in
2257 1917 2616 1980 recensione

255 2020 526 2085 editionis
597 2020 936 2087 Plautinae
955 2070 972 2099 ,
1045 2042 1239 2107 quam
1304 2023 1552 2086 curavit
1615 2018 1826 2085 Weise
1846 2070 1863 2097 ,
1924 2020 2117 2107 longe
2180 2020 2367 2085 aliter
2414 2020 2490 2085 de
2536 2022 2617 2085 iis

251 2126 560 2191 iudicavit.
627 2127 757 2192 Ubi
819 2133 908 2212 (p.
958 2126 1118 2209 270)
1167 2148 1390 2193 versus
1448 2123 1803 2191 168-172
1851 2129 1920 2190 111
1968 2148 2119 2191 811111
2165 2126 2431 2192 modum
2477 2148 2620 2191 con-

252 2230 514 2298 firmavit
559 2240 626 2299 et
672 2233 1040 2319 descripsit,
1091 2254 1284 2319 quem
1331 2253 1526 2318 supra
1571 2235 1985 2318 exposuimus
2034 2254 2183 2297 cum
2224 2233 2299 2298 de
2338 2231 2620 2297 Fleckei-

253 2342 368 2403 seni
415 2342 730 2406 sententia
775 2342 1051 2427 egimus.
1100 2339 1163 2405 Is
1203 2342 1374 2405 enim
1412 2336 1770 2403 Hermanni
1792 2359 2035 2404 novum
2057 2341 2397 2405 inventum
2424 2360 2618 2424 quam

251 2444 713 2533 religiosissime
779 2444 942 2510 fovit
1003 2445 1426 2530 editionisque
1475 2465 1627 2509 suae
1674 2447 2050 2510 auctoritate
2099 2448 2429 2532 signatum
2477 2443 2619 2509 vul-

249 2553 434 2634 gavit.
479 2552 680 2637 Atqui
726 2550 1134 2616 Hermannus
1181 2572 1382 2638 neque
1429 2555 1719 2615 mutatae
1763 2552 1993 2636 prioris
2042 2554 2391 2617 sententiae
2432 2554 2619 2616 ratio-

251 2677 344 2720 nes
383 2657 742 2723 reddiderat
788 2679 990 2743 neque
1037 2660 1285 2723 critices
1323 2664 1458 2722 tam
1499 2656 1833 2735 violenter,
1875 2664 2011 2722 tam
2048 2657 2405 2723 inconsulte
2446 2679 2618 2724 exer-

251 2764 394 2829 citae
439 2770 822 2851 argumenta
866 2762 1254 2850 protulerat!

325 2869 548 2936 Simile
617 2871 858 2957 aliquid
927 2871 1037 2937 alii
1102 2874 1366 2938 metrico
1428 2874 1568 2936 viro
1630 2873 1893 2958 egregio
1974 2870 2236 2949 accidit,
2312 2868 2612 2937 Christio.

249 2972 449 3041 Huius
516 2998 766 3063 quoque
834 2977 911 3043 de
973 2980 1252 3064 quinque
1314 2977 1607 3042 versibus
1668 2980 1902 3042 nostris
1969 2984 2221 3041 exstant
2265 2980 2616 3042 contrariae

251 3086 605 3148 sententiae.
669 3085 852 3148 Anno
919 3080 1085 3149 1871
1153 3086 1224 3147 111
1287 3082 1961 3169 „Sitzungsberichten
2009 3081 2118 3148 der
2162 3082 2408 3169 konigl.
2456 3083 2613 3148 bair.

253 3188 587 3255 Akademie
645 3189 804 3276 phil.
866 3191 1017 3255 bist.
1084 3187 1340 3257 Classe''
1404 3212 1468 3275 p.
1519 3189 1607 3253 46
1669 3189 1827 3254 duos
1888 3210 1966 3253 ex
2033 3189 2135 3254 his
2199 3192 2615 3275 anapaesticis

251 3298 518 3362 numeris
562 3299 947 3382 compositos
993 3317 1127 3361 esse
1173 3298 1530 3381 suspicatus
1578 3302 1747 3360 erat:
1802 3294 1903 3372 „N
1906 3295 2023 3360 och
2068 3297 2206 3361 eine
2256 3294 2449 3362 dritte
2496 3296 2617 3360 Art

255 3403 706 3487 anapestischer
750 3400 940 3467 Verse
969 3402 1240 3467 ·mochte
1285 3402 1388 3465 ich
1437 3401 1584 3466 dem
1630 3400 1904 3465 Plautus
1945 3400 2295 3465 vindiciren
2312 3450 2329 3478 ,
2373 3402 2473 3466 die
2510 3402 2616 3467 ich

257 3507 553 3595 vorliiufig
596 3512 722 3573 mit
768 3508 914 3573 dem
959 3508 1020 3573 N
1022 3530 1208 3573 amen
1245 3506 1951 3594 hyperkatalektischer
1988 3505 2304 3573 Trimeter
2340 3507 2618 3572 bezeich—

256 3632 358 3678 nen
415 3614 556 3679 will
560 3663 755 3681 .....
821 3614 952 3679 Fiir
1013 3617 1222 3680 meine
1276 3614 1595 3698 Anapaste
1645 3613 1886 3697 spricht
1934 3613 2097 3677 auch
2144 3613 2253 3678 der
2298 3611 2616 3677 Umstand

257 3716 378 3785 dass
445 3720 703 3786 {ihnlich
770 3721 1046 3807 gebaute
1117 3718 1310 3785 Verse
1381 3718 1591 3806 gleich
1656 3720 1879 3784 weiter
1938 3726 2137 3783 unten
2198 3717 2578 3805 nachfolgen
2597 3767 2613 3797 ‚

255 3845 364 3890 vss.
413 3827 532 3905 14;
591 3824 674 3891 18
723 3829 830 3909 [=
858 3825 986 3891 168
1033 3832 1098 3891 et
1147 3822 1304 3908 172]

503 3932 864 4018 Noctesque
912 3931 1170 4018 diesque
1218 3930 1478 3996 adsiduo
1519 3929 1530 4015 Ι
1572 3932 1727 3995 satis
1774 3951 2087 4016 superque
2136 3935 2271 4009 est;

501 4040 796 4124 Aequom
843 4038 976 4104 esse
1023 4043 1248 4123 putat,
1299 4056 1423 4101 non
1473 4036 1733 4120 reputat
1772 4038 1783 4122 Ι
1821 4035 2054 4101 laboris
2104 4036 2258 4121 quid
2304 4034 2457 4101 sit”.

261 4140 416 4210 Unde
461 4146 707 4211 efficere
754 4144 904 4210 licet
947 4166 1168 4210 versus
1222 4139 1575 4208 169-171
1626 4140 1907 4208 Christio
1958 4148 2101 4206 tum
2149 4142 2292 4207 aliis
2332 4145 2617 4208 numeris

261 4260 516 4318 constare
563 4253 735 4317 visos
783 4272 918 4317 esse
963 4258 1153 4337 atque
1209 4248 1334 4315 168
1379 4255 1444 4314 et
1489 4245 1638 4314 172.
1687 4248 1873 4313 Nunc
1911 4250 2152 4336 inspice
2192 4250 2616 4315 enchiridium

261 4353 396 4423 illud
463 4361 558 4424 rei
631 4361 930 4423 metricae
949 4407 966 4436 ,
1032 4356 1203 4443 quod
1263 4356 1437 4421 idem
1503 4352 1824 4421 Clu-istius
1887 4354 2070 4433 fecit,
2120 4355 2265 4443 lege
2310 4358 2615 4442 paginam
