3192 5009
1230 280 1578 329 3011113103.
2463 254 2592 322 139

254 453 461 535 spirans
491 447 602 514 illa
634 447 909 515 initialis
950 469 1028 514 ex
1075 469 1199 514 usu
1238 449 1608 534 quotidiano
1649 449 2031 514 evanuisset.
2077 445 2302 532 Itaque
2325 445 2592 511 facetius

254 576 415 641 qnam
466 558 677 620 verius
740 555 989 620 dictum
1054 561 1151 620 est
1182 553 1230 635 ¹)
1296 556 1674 642 „digamma
1731 558 1799 619 in
1865 555 2133 620 Homeri
2195 552 2421 638 lingua
2465 571 2593 615 non

258 683 484 738 „verum
543 683 677 727 esse
742 683 975 727 sonum
1040 661 1149 727 sed
1211 665 1349 727 soni
1404 661 1704 726 umbram
1724 711 1741 739 ,
1792 664 1958 727 circa
2005 660 2183 725 sedes
2230 679 2386 745 quas
2433 655 2592 722 olim

260 768 509 844 ‚,tenebat
544 775 691 854 post
729 775 1008 833 mortem
1046 768 1512 834 oberrantem''.
1560 768 1772 833 Immo
1818 773 2093 853 vegetus
2131 773 2196 831 et
2233 765 2596 830 florentissi-

257 895 374 937 mus
411 873 667 938 Homeri
714 880 1001 959 tempore
1048 882 1185 940 erat
1228 876 1333 940 hic
1382 896 1577 939 sonus
1596 923 1612 952 ,
1660 895 1776 940 nec
1821 872 2247 938 dubitandum
2292 874 2390 936 est
2437 871 2592 955 quin

256 983 307 1043 in
358 982 479 1044 eius
534 983 740 1066 patria
802 980 1059 1066 pueruli
1121 1002 1234 1066 per
1279 980 1522 1067 plateas
1566 979 1860 1045 ludentes
1905 979 2180 1044 rdvoexroe
2231 998 2427 1042 suum
2473 975 2596 1040 sibi

258 1085 551 1172 elegerint,
615 1089 907 1152 sitientes
972 1089 1261 1153 homines
1310 1095 1483 1152 νοῒνον
1531 1089 1972 1173 poposcerint,
2021 1085 2192 1151 tardi
2236 1089 2313 1148 ut
2359 1082 2592 1148 ναίκαδε

260 1191 488 1256 redirent
530 1192 901 1278 compellati
946 1193 1203 1258 fuerint.

328 1298 513 1364 Multo
565 1303 933 1387 graviorem
979 1299 1275 1365 ducimus
1320 1321 1600 1365 errorem
1648 1320 1875 1364 eorum
1921 1300 2034 1384 qui
2079 1302 2312 1384 putant
2356 1298 2593 1381 spiran-

262 1411 363 1469 tem
422 1429 445 1469 r
506 1427 709 1491 neque
776 1409 845 1471 13
905 1405 1133 1492 lingua
1193 1413 1532 1491 poetarum
1596 1408 1926 1491 epicorum
1986 1407 2224 1469 vixisse
2276 1423 2478 1488 neque
2526 1403 2596 1466 in

260 1513 495 1576 carmina
542 1511 621 1576 ab
669 1513 749 1576 iis
800 1519 1121 1597 receptam
1170 1533 1304 1578 esse
1324 1562 1339 1590 ‚
1389 1513 1499 1578 sed
1536 1511 1851 1577 vocabula
1887 1509 2034 1588 illa,
2076 1530 2236 1596 quae
2276 1509 2595 1595 digammi

258 1619 487 1702 vestigia
552 1616 931 1694 ostendunt,
1000 1620 1095 1682 ita
1166 1640 1203 1683 a
1264 1621 1472 1704 poetis
1536 1639 1671 1683 esse
1731 1617 1952 1682 habita
2012 1618 2194 1702 quasi
2254 1634 2593 1680 consonam

257 1720 431 1798 111313,
492 1744 651 1807 quae
716 1723 875 1787 olim
936 1723 1354 1810 adhaesisset,
1416 1724 1623 1789 adhuc
1671 1728 1999 1789 servarent
2041 1726 2370 1787 intactam.
2421 1720 2598 1785 Haec

260 1830 430 1912 opinio
472 1829 788 1914 quomodo
836 1831 1097 1895 tandem
1141 1833 1315 1895 nasci
1360 1833 1566 1915 possit
1611 1831 1682 1894 in
1731 1835 1947 1895 mente
1995 1831 2156 1906 viri,
2207 1833 2321 1914 qui
2365 1827 2602 1892 Home-

262 1955 373 1996 rum
428 1955 614 1999 suum
679 1943 851 2001 amet
914 1943 979 2002 et
1042 1941 1298 2023 magnis
1346 1939 1551 2022 poetis
1596 1943 1856 2001 vetusta
1899 1935 2013 2000 illa
2059 1937 2342 2000 carmina
2389 1935 2605 2002 deberi

262 2040 573 2119 arbitretur,
623 2063 738 2106 nos
785 2043 1044 2128 quidem
1084 2044 1275 2129 fugit.
1323 2044 1630 2109 Attamen
1655 2050 1806 2108 sunt
1831 2046 2197 2108 etiamnunc
2216 2092 2233 2120 ,
2261 2047 2412 2106 sunt
2433 2043 2604 2107 inter

262 2150 679 2212 recentissimos
724 2148 995 2214 Homeri
1045 2149 1351 2227 editores,
1402 2153 1531 2214 viri
1578 2150 1754 2215 docti
1802 2149 2084 2236 profecto
2131 2155 2195 2214 et
2242 2151 2449 2225 acuti,
2489 2149 2602 2233 qui

260 2253 327 2315 113
380 2259 623 2318 03333111
642 2303 659 2330 ,
725 2254 996 2340 ideoque
1043 2259 1410 2341 vituperant
1458 2259 1798 2322 conamina
1843 2277 2066 2321 eorum
2115 2257 2228 2340 qui
2272 2254 2602 2341 digamma

268 2367 569 2441 „quantum
641 2358 836 2425 licet''
921 2362 990 2425 in
1062 2363 1453 2427 carminibus
1531 2363 1896 2428 Homericis
1978 2364 2356 2426 restitutum
2425 2365 2600 2424 eunt.

264 2461 435 2530 Verbis
494 2469 731 2550 apertis
792 2467 955 2532 113110
1018 2472 1403 2534 sententiam
1467 2472 1782 2554 expressit
1844 2468 2109 2533 PAULUS
2154 2466 2377 2534 03111111
2439 2487 2602 2531 anno

266 2567 397 2634 1889
420 2569 506 2650 ⁸):
580 2571 727 2649 „die
790 2574 1086 2659 epischen
1149 2573 1445 2662 Gesange
1466 2624 1482 2652 ,
1548 2576 1737 2641 deren
1799 2574 2304 2640 abschliessende
2359 2572 2604 2638 Redak-

266 2677 399 2748 „tion
460 2679 527 2741 in
594 2699 859 2744 unserer
927 2678 1077 2745 Ilias
1149 2681 1279 2745 und
1355 2681 1638 2768 Odyssee
1709 2681 2020 2768 vorliegt,
2093 2681 2235 2746 sind
2302 2683 2371 2744 in
2431 2683 2604 2746 einer

268 2781 564 2855 „Mundart
636 2786 997 2872 gedichtet,
1070 2787 1172 2854 die
1237 2788 1357 2854 den
1420 2788 1591 2854 Laut
1655 2789 1764 2853 des
1828 2811 1856 2852 r
1918 2787 2098 2853 nicht
2141 2788 2327 2852 mehr
2370 2788 2601 2852 besass.

269 2886 388 2960 „Die
448 2890 687 2979 Siinger
757 2892 954 2958 selbst
1020 2902 1303 2960 wussten
1366 2897 1544 2960 nicht
1606 2895 1811 2971 mehr,
1875 2915 2123 2959 warum
2183 2896 2276 2959 sie
2338 2893 2463 2956 ἀπὸ
2512 2889 2602 2969 ἕο,

272 2995 443 3070 ,μέγα
508 2997 731 3076 ἰάχων,
806 2998 979 3073 τόξον
1042 2995 1175 3064 οἶδα
1244 3006 1503 3088 sagten,
1570 3022 1820 3066 warum
1881 3002 1973 3065 sie
2035 3000 2156 3064 den
2203 2997 2442 3064 Hiatus
2487 3019 2606 3063 vor

274 3103 574 3184 „gewissen
622 3101 885 3168 Worten
934 3106 1070 3170 sich
1110 3106 1394 3193 gefallen
1434 3106 1666 3172 liessen
1686 3155 1701 3182 ,
1743 3106 2014 3171 ‘sondern
2057 3108 2147 3170 sie
2171 3104 2604 3191 gebrauchten

276 3203 441 3278 „disse
506 3207 872 3274 Freiheiten
890 3259 905 3287 ,
970 3210 1119 3276 weil
1178 3215 1267 3277 sie
1329 3215 1397 3276 in
1461 3211 1859 3276 zahlreichen
1921 3210 2365 3277 formelhaften
2421 3208 2606 3275 Wen-

276 3309 559 3398 „dungen‚
606 3317 673 3378 in
722 3314 959 3380 Versen
982 3311 1135 3381 'und
1175 3316 1629 3405 Versgruppen
1650 3367 1665 3396 ,
1705 3319 1808 3382 die
1847 3338 1997 3383 man
2037 3339 2150 3382 aus
2189 3318 2363 3382 einer
2394 3316 2608 3382 1111113-

278 3435 391 3487 „ren
442 3417 707 3484 Periode
757 3419 868 3484 der
912 3420 1247 3509 Dichtung
1294 3424 1754 3489 iibernommen
1800 3424 1978 3488 hatte
1997 3471 2013 3501 ,
2061 3443 2190 3488 von
2233 3421 2448 3486 Alters
2493 3421 2608 3486 her

278 3521 638 3592 „vorkamem
704 3523 856 3591 Wer
900 3526 1033 3593 also
1080 3529 1275 3594 heute
1323 3532 1505 3594 einen
1556 3529 1941 3594 Homertext
1987 3528 2219 3593 druckt
2236 3577 2251 3606 ,
2301 3527 2412 3592 der
2457 3527 2608 3592 han-

282 3624 411 3698 31311
472 3629 668 3696 falech
688 3679 705 3707 ,
778 3653 963 3698 wenn
1022 3655 1090 3700 er
1153 3635 1265 3700 das
1326 3659 1354 3700 r
1412 3638 1539 3699 mit
1594 3634 2008 3700 aufnimmt”.
2057 3672 2144 3683 —
2189 3633 2462 3700 Difficile
2508 3640 2607 3699 est

278 3747 432 3816 aequo
474 3739 685 3800 animo
728 3737 885 3803 haec
920 3739 1269 3827 perlegere.
1317 3741 1571 3806 Eumne
1607 3743 1814 3828 igitur
1851 3747 2156 3806 eventum
2193 3740 2470 3805 habeant
2507 3745 2608 3805 tot

280 3838 514 3905 virorum
552 3844 884 3928 sagacium
924 3845 1399 3932 disquisitiones
1439 3847 1918 3925 subtilissimae,
1959 3852 2036 3912 ut
2059 3845 2210 3912 Ilias
2237 3851 2302 3911 et
2325 3844 2609 3933 Odyssea

328 4071 371 4134 1)
400 4073 471 4123 Ita
500 4075 687 4125 locutus
716 4078 789 4125 031
826 4075 859 4124 J
866 4089 959 4125 133
990 4075 1043 4124 in
1077 4075 1178 4125 vita
1214 4075 1421 4126 Bentlei.

328 4153 371 4214 2)
401 4155 455 4204 In
486 4158 751 4207 recensione
784 4162 971 4206 nostrae
1003 4157 1195 4215 Iliadis,
1233 4155 1459 4208 Ber-liner
1484 4158 1823 4222 philotoqescke
1847 4159 2232 4224 Wochmehrift
2251 4160 2314 4208 80
2336 4159 2380 4208 N
2385 4175 2459 4210 ov,
2480 4160 2611 4210 1889

282 4235 465 4296 111521.
512 4265 571 4278 —
618 4241 803 4289 Addere
850 4239 988 4289 liceat
1023 4240 1072 4289 in
1109 4241 1273 4290 eadem
1311 4241 1614 4306 ephemeride
1651 4242 1707 4289 de
1740 4242 1844 4306 ipso
1880 4243 2065 4290 0311010
2101 4241 2192 4291 1100
2227 4242 2342 4292 ferri
2377 4243 2608 4293 iudicium

288 4315 415 4364 uiro
444 4319 572 4370 docto
608 4321 989 4372 ΡιΡΡιιυιιιειι
1023 4321 1107 4385 (11
1147 4323 1252 4371 Oct.
1294 4323 1474 4387 1890):
1528 4323 1658 4371 ,(113
1707 4322 2176 4372 Unsicherheit
2219 4339 2331 4373 von
2381 4325 2612 4373 Cauers

294 4397 475 4450 Kritik
502 4404 667 4470 zeigt
698 4404 833 4454 sich
866 4404 1088 4473 gleich
1120 4403 1221 4455 bei
1256 4405 1670 4472 Behandlung
1706 4405 1808 4454 des
1847 4403 2209 4472 Dignmmff.
