3192 5009
555 238 640 307 72
1515 255 1983 307 GAnnmcnus.

827 426 933 487 καί
965 406 1052 503 ’fid
1101 425 1152 488 οἱ
1200 424 1422 501 ἀίγδην
1469 425 1766 488 σκέδασεν
1818 424 1995 485 κατ’
2044 424 2442 503 οξπείρονα
2488 421 2701 484 πόντον

825 531 1032 604 νήσους
1081 530 1356 601 εἷναλίας
1405 530 1642 606 ἔμεναι.

556 638 726 700 κατ’
775 636 1169 713 ἀπείρονα
1217 639 1512 701 πόντον
1564 658 1721 722 „per
1768 656 2083 723 magnum
2136 656 2311 700 mare
2368 630 2744 719 dispersas’',
2804 630 2936 695 tale

556 743 709 828 quid
761 749 858 807 est
903 743 1072 828 quod
1119 750 1330 809 nostro
1380 764 1579 808 versu
1629 743 2039 807 desideratur.
2090 740 2404 806 Redditur
2450 744 2668 804 autem
2711 742 2939 824 poetae

555 852 611 916 si
651 850 918 937 legeris:

827 957 930 1021 καὶ
980 958 1099 1029 τοὶς
1146 958 1257 1035 μὲν
1308 960 1483 1020 κατ’
1533 955 1903 1034 ἄβυσσον
1948 952 2019 1019 ἵν’
2068 954 2326 1035 ἠπείροιο
2374 952 2675 1017 λάθωνται

826 1062 1159 1142 πρυμνόθεν
1212 1063 1503 1144 ἐρρίζωσε.

559 1168 681 1237 Oui
749 1173 1145 1235 coniecturae
1215 1170 1389 1235 favet
1456 1169 1827 1255 Hesychius
1891 1172 2003 1254 qui
2060 1172 2153 1233 ita
2213 1166 2602 1232 vocabulum
2659 1161 2945 1243 ἄβυσσον

556 1280 1045 1362 interpretatur:
1099 1272 1347 1355 νὕδατα
1392 1273 1685 1353 ἅπειρα.”

649 1488 755 1554 Vs.
807 1486 890 1553 53
938 1489 1109 1553 hunc
1152 1491 1222 1552 in
1267 1488 1538 1553 modum
1586 1487 1787 1553 edidit
1835 1487 2290 1553 Schneiderus:

827 1592 1063 1659 οὕνεκεν
1110 1593 1306 1658 οὐκέτ’
1352 1591 1572 1668 ἄδηλος
1628 1594 1968 1671 ἐπέπλεες,
2016 1594 2168 1657 ἀλλ’
2216 1594 2296 1656 ἐνὶ
2346 1592 2567 1656 πόντου

828 1700 1096 1777 κύμασιν
1145 1700 1426 1778 Αἱγαίοιο
1478 1701 1667 1765 ποδῶν
1719 1701 1998 1774 ἐνέθηκαο
2045 1698 2235 1781 ῥίζας,

556 1810 772 1894 itaque
819 1807 1158 1894 vulgatam
1204 1812 1443 1886 tuetur,
1494 1828 1885 1894 quamquam
1932 1806 2297 1872 Meinekius
2343 1809 2759 1892 proposuerat

828 1910 1081 1993 ἕρμα-σιν
1133 1913 1410 2002 Λίγαιόιο
1460 1916 1650 1979 ποδῶν
1700 1914 1996 1989 ε’νερείσαο
2042 1912 2234 1993 ῥίζας.

553 2020 640 2085 Et
686 2025 854 2085 recte
897 2021 1002 2085 hic
1047 2020 1308 2105 quidem
1345 2024 1617 2107 agnovit
1657 2018 1961 2106 vulgatae
2003 2019 2217 2084 deesse
2260 2017 2525 2103 aliquid.
2574 2018 2744 2083 Nam
2768 2017 2944 2101 quod

552 2127 747 2190 nimis
782 2131 1070 2191 accurate
1108 2125 1358 2207 eotloco
1437 2126 1511 2192 de
1559 2148 1685 2212 quo
1710 2126 1900 2191 modo
1952 2126 2223 2212 agebam
2268 2124 2623 2189 indicatum
2669 2144 2803 2188 esse
2858 2126 2945 2187 vi-

554 2232 852 2296 debatur:
914 2234 982 2295 in
1027 2232 1338 2317 profundo
1385 2232 1669 2297 insulam
1716 2232 1955 2297 Delum
2005 2230 2377 2308 υπρυμκόθεν
2424 2228 2774 2310 ῥιζωθῆναι”
2803 2277 2819 2306 ,
2869 2227 2940 2292 id

553 2359 722 2403 nunc
782 2339 1018 2404 frustra
1081 2342 1469 2423 quaerimus.
1537 2338 1613 2402 In
1676 2338 1865 2402 undis
1912 2341 2084 2403 enim
2129 2339 2371 2424 Aegaei
2416 2339 2614 2401 maris
2633 2384 2649 2412 ,
2698 2335 2940 2409 κύμασι

554 2445 772 2509 πόντου
836 2445 1138 2522 Αίγαίοιο,
1193 2448 1326 2509 iam
1373 2446 1482 2509 diu
1529 2446 1911 2532 vagabatur,
1962 2466 2129 2509 nunc
2177 2465 2328 2509 vero
2377 2442 2615 2507 radices
2664 2442 2809 2528 figit
2856 2478 2944 2488 —

553 2548 858 2615 ubinam?
897 2550 971 2614 In
1010 2550 1323 2635 profundo
1365 2550 1763 2638 respondeas.
1811 2551 2125 2636 Proponit
2168 2547 2507 2627 ,,ἕρμασιν”
2551 2547 2940 2614 Meinekius.

554 2656 796 2721 Verum
865 2656 1087 2721 dubito
1161 2678 1320 2720 num
1380 2657 1499 2721 hoc
1566 2656 1957 2721 vocabulum
1978 2705 1994 2733 ,
2053 2677 2176 2742 quo
2223 2656 2490 2720 indicari
2536 2655 2742 2721 solent
2790 2675 2945 2720 saxa

553 2763 672 2828 sub
710 2765 878 2827 mari
917 2762 1184 2828 latentia
1208 2811 1226 2841 ,
1269 2768 1484 2827 nostro
1523 2762 1664 2828 loc‘o
1702 2766 2051 2827 conveniat.
2091 2763 2259 2827 Mihi
2288 2762 2513 2827 saltem
2540 2764 2947 2827 correctionis

553 2868 860 2934 facilitate
901 2868 1077 2933 aliud
1114 2890 1345 2934 nomen
1385 2872 1595 2955 magis
1638 2868 2071 2934 commendari
2108 2869 2365 2933 videtur
2395 2869 2561 2954 quod
2586 2870 2947 2933 accuratius

554 2996 806 3061 quoque
868 2979 1215 3041 sententiae
1278 2976 1647 3061 respondet:
1716 2976 2041 3040 κεύθεσι
2066 3001 2093 3038 ν
2156 2975 2339 3051 volo,
2406 2976 2573 3060 quod
2620 2974 2945 3061 Theognis

554 3082 718 3146 dixit
764 3081 840 3147 de
886 3088 1052 3147 terra
1097 3088 1218 3163 (vs.
1270 3081 1428 3163 243)
1480 3082 1809 3161 »δνοφερῆς
1862 3082 1976 3145 ὑπὸ
2025 3082 2259 3145 κεύθεσι
2309 3082 2565 3159 γαίης”,
2610 3080 2939 3166 Oppianus

554 3188 630 3253 de
675 3188 990 3274 profundo
1015 3192 1213 3253 mari:
1242 3188 1506 3266 »κεύθεα
1532 3189 1821 3254 πόντου”.
1873 3187 2173 3256 Ceterum
2198 3189 2437 3254 codices
2462 3189 2720 3273 quidam
2745 3189 2814 3252 in
2840 3208 2938 3251 vs.

553 3294 944 3382 Theognidis
987 3315 1179 3379 quem
1217 3294 1514 3372 laudavi,
1559 3297 2007 3371 κεύθμασιν
2047 3295 2380 3372 exhibent,
2422 3295 2592 3379 quod
2632 3299 2697 3358 et
2719 3299 2938 3358 nostro

552 3400 691 3465 loco
739 3421 1182 3485 proponerem,
1232 3404 1288 3465 si
1333 3401 1524 3466 modo
1551 3408 1867 3467 constaret
1904 3403 2065 3467 hanc
2106 3422 2353 3486 quoque
2392 3401 2663 3465 formam
2702 3403 2773 3464 in
2811 3421 2939 3465 usu

553 3506 750 3571 fuisse
798 3527 999 3591 neque
1047 3506 1167 3570 soli
1211 3510 1408 3571 errori
1451 3506 1861 3572 librariorum
1908 3529 2047 3572 eam
2095 3507 2329 3573 deberi.

645 3611 786 3678 Non
846 3619 1066 3677 autem
1131 3612 1254 3677 hoc
1305 3612 1517 3678 solum
1563 3617 1631 3677 in
1678 3620 1894 3679 nostro
1941 3634 2130 3679 versu
2176 3620 2555 3698 corruptum
2599 3613 2939 3679 videbatur

553 3719 915 3797 MeinekiO,
991 3722 1100 3804 qui
1170 3741 1282 3804 pro
1355 3720 1637 3792 ἐνεθήκαο
1707 3719 2054 3808 legendum
2118 3721 2410 3785 censebat
2470 3721 2789 3800 ἐνερείσαο.
2851 3719 2937 3783 Et

552 3828 784 3890 merito
847 3824 952 3889 hic
1019 3845 1271 3909 quoque
1335 3825 1677 3911 vulgatam
1725 3829 1978 3902 reiecit,
2030 3832 2096 3891 at
2142 3826 2308 3911 quod
2354 3828 2639 3911 reposuit
2682 3846 2810 3891 non
2858 3824 2935 3890 ab

555 3934 732 3995 omni
791 3936 970 4015 parte
1029 3930 1254 4017 placet.
1320 3931 1499 3997 Licet
1561 3936 1735 3997 enim
1796 3933 1973 4001 πόδες
2038 3933 2367 3997 ἐντίθεσθαι
2430 3933 2722 3998 dicantur
2766 3931 2933 4011 τόπῳ

552 4061 706 4113 τινι,
770 4038 882 4102 ubi
945 4039 1020 4104 de
1080 4037 1340 4119 ῥίζαις
1405 4039 1594 4103 ποδῶν
1650 4062 1858 4105 sermo
1906 4039 1979 4104 fit
2026 4039 2203 4114 aliud
2248 4040 2519 4105 verbum
2562 4042 2931 4124 requiritur,

554 4144 702 4228 quia
770 4142 1009 4207 radices
1087 4150 1368 4225 aquatum
1445 4148 1808 4228 defiyuntur,
1884 4146 2240 4223 βάλλονται
2312 4146 2506 4225 (unde
2552 4145 2934 4225 ριζοβολεῒν),

554 4250 923 4325 πήγνυνται.
975 4249 1064 4314 Ut
1099 4252 1152 4317 in
1177 4252 1311 4314 itur
1349 4250 1664 4315 Nicander
1704 4253 1764 4315 ἐν
1802 4254 1885 4331 τῷ
1926 4249 2176 4330 δευτέρῳ
2216 4254 2333 4316 τῶν
2372 4258 2715 4330 γεωργικῶν
2740 4251 2935 4316 habet

555 4353 664 4437 (II.
717 4352 756 4419 9
804 4353 1023 4420 Schn)
