3192 5009
555 189 640 262 66
1513 210 1979 265 camenus,

550 400 702 445 nam
764 379 992 466 quibus
1057 382 1451 466 temporibus
1513 384 1697 468 regni
1756 381 2163 469 Philadelphi
2223 381 2381 447 talia
2426 388 2677 448 cantare
2721 380 2933 448 aulico

548 493 771 573 poetae
834 508 959 551 non
1023 485 1334 552 licuerat?
1397 488 1498 552 An
1560 490 1705 573 quis
1765 509 1966 553 annus
2012 496 2109 554 est
2154 490 2260 553 cui
2305 508 2454 573 prae
2502 490 2725 554 ceteris
2774 488 2935 553 haec

548 595 804 681 imperii
861 592 1002 659 laus
1063 592 1436 659 conveniat?
1496 594 1731 660 Versus
1775 615 1925 659 vero
1970 593 2330 659 Theocritei
2348 643 2363 671 ,
2414 616 2571 680 quos
2617 594 2895 659 indicavi
2914 643 2933 671 ,

550 705 695 765 tum
761 700 1024 764 demum
1077 706 1368 765 nostrum
1411 721 1666 765 carmen
1710 699 2033 765 illustrare
2078 705 2415 785 poterunt,
2466 703 2521 765 si
2565 702 2935 787 apparuerit

549 813 695 872 ante
740 803 1119 872 Callimachi
1165 806 1484 892 hymnum
1535 828 1641 871 eos
1680 827 1815 871 0880
1854 810 2140 891 scriptos.
2193 803 2599 873 Contrarium
2632 828 2737 873 me
2760 812 2935 871 certo

549 914 784 977 certius
846 911 1088 976 efficere
1150 932 1329 997 posse
1391 923 1538 997 post
1600 917 1697 976 tot
1740 914 2030 977 virorum
2076 912 2407 977 doctorum
2454 912 2935 997 disquisitiones

548 1040 673 1084 non
745 1017 1139 1082 contendam.
1204 1017 1325 1094 At,
1375 1024 1450 1081 ut
1493 1020 1561 1081 in
1610 1017 1873 1083 obscura
1921 1038 2022 1095 re,
2075 1021 2269 1083 etiam
2317 1018 2430 1083 illa
2478 1017 2693 1083 afferre
2738 1016 2894 1082 licet
2913 1065 2931 1094 ‚

549 1144 709 1211 quae
746 1123 890 1189 leve
921 1124 1234 1188 indicium
1260 1124 1555 1210 praebere
1579 1124 1935 1202 videantur,
1962 1145 2088 1210 quo
2115 1124 2378 1190 fortasse
2402 1145 2633 1190 verum
2653 1126 2937 1189 inveniri

547 1232 767 1318 possit.

639 1335 890 1416 Quanto
937 1357 1124 1421 opere
1171 1357 1423 1422 semper
1469 1334 1901 1402 Callimachus
1947 1339 2210 1414 nitatur,
2258 1342 2335 1419 ut
2377 1335 2610 1401 divinis
2648 1335 2936 1401 humana

547 1444 915 1518 inmisceat,
967 1463 1154 1507 nemo
1200 1444 1473 1529 ignorat.
1525 1442 1626 1506 Ita
1672 1444 1846 1508 enim
1893 1442 2087 1507 deum
2134 1441 2297 1507 solet
2342 1441 2598 1507 laudare
2644 1447 2720 1533 ut
2768 1463 2935 1506 sem-

549 1570 661 1635 per
706 1550 1008 1633 principis
1053 1548 1276 1613 laudes
1323 1548 1579 1613 subesse
1625 1548 1980 1614 videantur.
2046 1547 2225 1627 Quod
2272 1548 2462 1613 modo
2512 1552 2794 1633 apertius
2833 1547 2930 1626 fit,

547 1655 741 1721 modo
788 1658 1038 1720 tectius.
1087 1654 1284 1720 Modo
1316 1654 1431 1719 deo
1469 1658 1761 1740 princeps
1801 1655 2141 1742 adponitur
2184 1661 2250 1719 et
2287 1661 2431 1741 post
2470 1658 2688 1741 ipsum
2734 1654 2933 1719 deum

549 1762 854 1848 principis
913 1760 1133 1826 laudes
1196 1768 1584 1846 sequuntur;
1650 1768 1728 1825 ut
1786 1765 1853 1825 iu
1916 1762 2158 1848 hymno
2208 1764 2417 1847 primo
2465 1768 2587 1841 (vs.
2642 1759 2724 1827 79
2764 1766 2933 1847 sqq.)

553 1870 663 1947 »ἐκ
728 1867 787 1931 δὲ
844 1868 982 1937 Διὸς
1029 1867 1332 1946 βασιλῆες
1385 1867 1594 1944 κτλ.”,
1642 1868 1832 1932 1110ᾶο
1879 1870 1972 1932 ita
2016 1867 2317 1933 laudatur
2362 1867 2517 1933 deus
2562 1874 2639 1932 ut
2683 1866 2937 1933 intelle-

548 1974 850 2062 gentibus
917 1976 1074 2038 satis
1135 1976 1221 2038 sit
1282 1977 1694 2059 perspicuum
1759 1974 1835 2039 de
1895 1977 2035 2061 ipso
2083 1975 2197 2039 deo
2244 1974 2409 2039 nihil
2454 1996 2619 2039 nunc
2666 1974 2934 2060 quidem

547 2084 828 2168 cogitare
875 2086 1130 2165 poetam
1149 2129 1164 2156 ,
1211 2082 1279 2143 in
1327 2082 1680 2165 principem
1730 2079 1940 2144 solum
1990 2102 2208 2146 01111108
2256 2101 2409 2146 011111
2446 2079 2667 2146 laudes
2710 2100 2935 2145 revera

548 2187 846 2253 conferre.
912 2185 1067 2264 Quis
1131 2188 1304 2251 enim
1364 2189 1433 2250 in
1479 2185 1836 2251 Ptolemaei
1881 2186 2028 2251 aula
2073 2210 2197 2252 non
2244 2188 2453 2265 videt,
2504 2208 2653 2253 cum
2698 2190 2792 2252 ita
2838 2208 2937 2252 or-

548 2294 723 2358 ditur
767 2298 985 2378 poet-a‚
1035 2291 1254 2356 Iovem
1302 2291 1638 2357 adlocutus
1685 2292 1761 2371 (I.
1813 2291 1925 2373 66)

821 2396 934 2475 „02²5
979 2421 1049 2462 σε
1098 2400 1238 2461 θεῶν
1289 2399 1516 2471 ἐσσῆνα
1566 2400 1754 2461 πέλοι
1808 2398 2007 2476 θέσαν,
2058 2397 2212 2477 ἔργα
2262 2399 2321 2463 δὲ
2373 2404 2585 2478 χειρῶν
2635 2397 2821 2463 xva-’⁹

545 2504 709 2569 nihil
769 2503 944 2568 aliud
1006 2506 1074 2567 in
1137 2510 1350 2568 mente
1407 2525 1558 2569 eum
1622 2504 1852 2569 habere
1916 2508 2039 2570 nisi
2103 2512 2177 2569 ut
2234 2526 2453 2571 omnes
2500 2508 2613 2590 qui
2659 2504 2934 2569 audiunt

545 2614 801 2675 moneat
823 2658 838 2686 ,
912 2608 1034 2671 sibi
1104 2608 1366 2693 quidem
1426 2612 1564 2673 iure
1629 2608 1873 2675 factum
1934 2610 2140 2675 videri
2203 2611 2371 2696 quod
2435 2610 2591 2675 olim
2638 2606 2931 2677 Cerauno

545 2714 1005 2799 Philadelphus
1077 2716 1161 2779 sit
1230 2712 1671 2801 praepositus?
1745 2713 1899 2793 Cui,
1972 2737 2202 2801 quaeso
2221 2766 2237 2795 ‚
2304 2738 2430 2781 non
2491 2720 2697 2802 ipsius
2758 2720 2935 2803 reg-is

545 2826 763 2908 imago
827 2828 1144 2898 occurrat,
1208 2842 1359 2885 cum
1405 2823 1560 2887 haec
1609 2821 1828 2887 audiat
1847 2870 1863 2899 ‚
1926 2824 1992 2886 in
2036 2821 2350 2908 Apollinis
2397 2819 2626 2889 Carnei
2668 2822 2934 2889 laudem

547 2931 899 3013 conscripta
945 2926 1055 3006 (II.
1107 2925 1219 3009 36)

817 3034 922 3098 καὶ
970 3033 1082 3110 μὲν
1131 3034 1228 3098 ἀεὶ
1278 3034 1469 3104 καλὸς
1521 3034 1625 3099 καὶ
1677 3035 1774 3101 ἀεὶ
1824 3035 1980 3106 νέος·
2033 3034 2252 3099 οὔποτε
2302 3037 2503 3115 Φοίβῳ

817 3139 1083 3219 θηλείψσ’
1127 3138 1252 3204 οὐδ’
1304 3136 1474 3205 ὅσσον
1525 3142 1625 3205 ἐπὶ
1676 3142 1857 3221 χνόος
1907 3139 2047 3215 ἦλθε
2096 3150 2415 3226 παρειαῖς,

551 3254 616 3312 et
661 3267 812 3311 mox
864 3252 983 3327 (vs.
1037 3243 1152 3325 39)

820 3352 884 3415 οὐ
933 3352 1108 3423 λίπος
1162 3352 1549 3423 ’Λπόλλωνος
1600 3353 2054 3435 αὶποσταὲζουσιν
2102 3350 2317 3435 ἔθειραι

817 3459 966 3520 ἀλλ’
1017 3459 1277 3529 αὐτὴν
1330 3458 1873 3540 πανάκειανι)

545 3563 735 3649 idque
782 3566 1157 3648 praesertim
1177 3613 1192 3641 ,
1242 3584 1390 3628 cum
1439 3585 1656 3629 secum
1705 3572 1990 3650 reputet,
2033 3567 2511 3653 Aegyptiorum
2548 3588 2768 3653 regem
2808 3568 2933 3634 hoc

545 3672 824 3733 carmine
863 3667 1183 3745 celebrari,
1224 3672 1334 3754 qui
1374 3670 1609 3734 divinis
1641 3671 1987 3735 honoribus
2014 3692 2049 3735 a
2074 3672 2310 3758 populo
2336 3672 2460 3738 coli
2484 3672 2715 3738 solitus
2740 3682 2927 3739 esset.

635 3774 798 3840 Nolo
867 3773 1054 3860 plura
1127 3774 1342 3841 afferre
1361 3823 1377 3852 ‚
1449 3797 1841 3863 quamquam
1915 3776 2147 3843 talibus
2217 3779 2448 3865 hymni
2512 3778 2931 3847 Callimachei

545 3880 884 3945 abundant.
949 3880 1023 3944 In
1065 3887 1280 3947 nostro
1329 3890 1546 3947 autem
1595 3884 1841 3969 hymno
1890 3883 2061 3948 idem
2108 3884 2327 3969 procul
2374 3885 2565 3951 dubio
2612 3884 2739 3949 fuit
2784 3908 2933 3971 poe-

542 3992 645 4052 tae
715 3986 1090 4052 consilium:
1157 3987 1401 4053 insulae
1466 3989 1718 4054 divinae
1781 3989 2079 4054 laudibus
2145 3990 2419 4077 gloriam
2472 3994 2775 4077 principis
2827 3995 2931 4059 sui

542 4095 808 4179 iungere
870 4092 1159 4172 volebat,
1207 4101 1396 4179 atque
1442 4095 1510 4160 id
1559 4117 1632 4160 eo
1680 4100 1891 4183 magis
1911 4146 1926 4173 ‚
1978 4099 2125 4181 quia
2174 4100 2459 4163 maxima
2506 4098 2675 4185 apud
2720 4098 2933 4165 Delia-

614 4331 662 4393 1)
697 4330 756 4379 of.
795 4328 1114 4393 Phylei-chum
1147 4332 1268 4395 apud
1307 4332 1421 4380 Ath.
1465 4332 1574 4381 XII
1610 4348 1657 4398 p.
1696 4332 1809 4382 536.
