3192 5009
1126 364 1393 424 nummus
1437 364 1836 413 smnuus.
2530 338 2658 405 169

280 529 402 595 Est
448 533 620 595 enim
665 529 878 608 θύνειν,
924 534 1270 616 interprete
1316 528 1510 595 schol.
1551 532 1611 595 A
1647 530 1728 594 ad
1765 529 1958 595 Hom.
1999 538 2042 592 Β
2071 526 2223 605 446,
2267 526 2376 591 σὺν
2417 522 2656 606 σφοδρᾷ

280 636 433 717 ὁρμῇ
514 638 837 716 κινεῖσθαι,
908 660 1112 715 ruere,
1187 636 1355 723 quod
1422 637 1694 702 verbum
1762 636 1934 701 haud
2001 638 2220 719 inepta
2286 632 2660 717 metaphora

278 748 467 827 poeta
526 764 563 808 a
622 743 945 810 bellatrice
1005 744 1084 809 ad
1144 744 1395 809 hastam
1450 744 1555 824 (cf.
1609 753 1660 808 T
1688 741 1848 821 492)
1895 741 2236 807 transferre
2283 741 2498 825 potuit
2515 788 2531 816 ,
2583 742 2660 801 ut

278 848 601 915 Homerus
662 851 812 916 fecit
874 872 1099 917 canens
1162 852 1305 924 ἐμὸν
1368 846 1501 928 δόρυ
1566 852 1860 926 μαίνεται
1924 849 1984 912 ἐν
2033 847 2366 927 παλάμῃσι
2417 855 2472 911 Θ
2505 844 2655 910 111.

280 952 379 1021 Of.
428 966 483 1020 Π
514 953 619 1034 75,
645 954 799 1021 245.
848 955 1020 1022 Mihi
1057 956 1319 1041 quidem
1365 958 1519 1022 haec
1564 963 1736 1021 certa
1780 955 2036 1021 videtur
2078 953 2456 1020 emendatio.

370 1138 403 1202 I
450 1138 579 1205 619
606 1160 739 1225 sqq.
796 1145 1090 1205 narratur
1134 1138 1413 1205 Achilles
1460 1138 1934 1205 Penthesileam
1979 1158 2108 1203 una
2151 1158 2302 1202 cum
2347 1157 2507 1220 equo
2552 1138 2658 1201 cui

274 1245 591 1311 insidebat
634 1268 761 1312 uno
800 1247 1016 1313 hastae
1053 1250 1190 1313 ictu
1226 1247 1606 1325 confodisse,
1646 1268 1772 1333 quo
1813 1248 2152 1332 respiciens
2191 1249 2379 1330 poeta
2401 1265 2496 1308 vs.
2525 1240 2655 1309 656

276 1354 433 1418 haec
477 1353 729 1418 scribit:

549 1456 747 1540 ἄμφω
794 1459 847 1524 δ’
895 1460 1308 1539 οὶσπαίρεσκον
1359 1460 1481 1541 ὑφ’
1531 1452 1562 1524 ἓ
1577 1484 1608 1523 ν
1655 1460 1832 1537 δόρυ
1880 1457 2219 1537 δῃωθέντες.

273 1564 375 1629 Ita
443 1564 639 1631 codex
706 1565 1135 1644 Monacensis,
1197 1588 1388 1651 quem
1448 1566 1656 1632 editor
1711 1573 1966 1631 secutus
2027 1571 2157 1643 est,
2223 1564 2332 1629 sed
2389 1566 2484 1629 ita
2530 1562 2656 1627 dici

268 1674 556 1757 potuisse
592 1692 705 1757 pro
746 1673 854 1749 ὑφ’
895 1673 973 1736 ἑνὶ
1017 1672 1139 1753 δορί
1175 1676 1318 1759 quis
1358 1670 1614 1738 credat?
1665 1670 1878 1739 Codex
1917 1671 2376 1736 Parrhasianus
2401 1669 2658 1734 exhibet

274 1777 399 1856 ὑφ’
475 1773 550 1841 ἓν
620 1777 785 1855 δορί
854 1776 1089 1843 melius
1150 1800 1334 1855 sane,
1400 1778 1590 1843 modo
1656 1778 1766 1857 ὑφ’
1816 1769 1876 1841 ἓν
1920 1774 2135 1855 simul,
2187 1778 2382 1839 eodem
2427 1775 2652 1857 impeba

271 1882 629 1971 significare
676 1882 797 1947 tibi
843 1884 1261 1970 persuadeant
1310 1905 1469 1970 quae
1516 1884 1864 1949 afferuntur
1906 1886 1975 1948 in
2015 1882 2320 1969 Stephani
2359 1882 2656 1946 thesauro

270 1989 371 2055 111
416 2012 477 2075 p.
526 1988 658 2055 288
708 1994 903 2069 extr.;
969 1992 1072 2053 sin
1122 1993 1336 2055 minus
1354 2039 1370 2067 ‚
1418 1994 1685 2077 gravius
1733 1989 1992 2075 aliquod
2034 1990 2186 2054 huic
2230 1987 2368 2053 loco
2416 1991 2658 2054 vitium

272 2096 509 2162 subest.
558 2096 683 2160 Fac
730 2095 1042 2175 Quintum
1085 2099 1443 2182 scripsisse:

547 2200 744 2282 ἄμφω
795 2202 845 2265 δ’
884 2204 1299 2280 ὥσπαίρεσκον
1343 2203 1500 2284 bu&
1547 2202 1664 2281 δορὶ
1713 2201 2066 2282 δῃωθέντες,

277 2308 447 2394 quod
493 2310 903 2393 aptissimum
947 2330 1081 2375 esse
1129 2330 1317 2374 nemo
1362 2310 1624 2397 negabit
1642 2359 1659 2387 ‚
1707 2308 1858 2375 libri
1903 2307 2094 2373 lectio
2141 2306 2444 2373 facillime
2472 2310 2655 2373 nasci

272 2418 489 2501 potuit
534 2438 612 2481 ex
655 2417 1219 2501 interpretamento
1269 2416 1391 2497 ὑφ’
1440 2417 1547 2481 ἑνὶ
1601 2417 1737 2497 δορί.

544 2699 648 2758 τοῦ
697 2695 748 2760 δ’
798 2694 1392 2778 ὑποδψωθὲντος
1445 2693 1605 2775 ἄχος
1658 2704 1989 2761 Δαναοῖσιν
2037 2696 2266 2776 ἐτύχθη

547 2805 702 2865 πᾶσι
752 2802 879 2867 κτὲ.

272 2905 557 2971 Verbum
624 2908 934 2979 ὑποδηιοῦν
1007 2912 1155 2995 quia
1226 2931 1353 2974 non
1424 2906 1744 2976 Graecum
1814 2930 1949 2974 esse
2017 2909 2308 2987 videtur,
2393 2909 2652 2975 divisim

276 3015 673 3099 scripserim:

545 3124 651 3184 τοῦ
700 3119 751 3183 δ’
790 3116 934 3185 ὕπο
983 3121 1419 3200 δῃωθέντος
1469 3136 1610 3185 κτλ.

262 3248 385 3310 per
428 3226 583 3290 hunc
628 3250 855 3291 caesum
872 3277 888 3305 ,
937 3230 983 3291 1.
1010 3248 1064 3292 e.
1115 3226 1295 3291 huius
1335 3229 1528 3292 caede.

366 3406 429 3472 11
477 3406 607 3474 436

545 3515 887 3593 Νηρεΐδας,
936 3516 1056 3586 τὰς
1106 3515 1176 3588 δή
1224 3520 1300 3595 ῥα
1352 3516 1463 3582 θεοὶ
1514 3516 1702 3581 τίουσ’
1753 3518 1814 3581 ἐν
1862 3518 2199 3599 Ὀλύμπῳ,

546 3620 805 3685 πασάων
857 3621 919 3686 δὲ
969 3621 1256 3700 μάλιστα
1305 3624 1487 3688 Θέτιν
1536 3625 1739 3689 κλυτὰ
1787 3626 2154 3703 μητιόωσαν,

549 3724 765 3791 οὕνεκά
812 3750 927 3791 που
976 3727 1257 3793 Διόνυσον
1307 3730 1419 3801 ἑοῖς
1472 3730 1762 3795 ὑπέδεκτο
1811 3732 2131 3809 μελάθροις
2155 3780 2172 3809 ,

543 3832 777 3897 ὁππότε
827 3832 1212 3909 δειμαίνεσκε
1262 3834 1406 3910 βίην
1452 3836 1641 3900 ὀλοοῖο
1689 3838 2080 3916 Λυκούργου,

548 3938 647 4010 ἠδὲ
695 3938 798 4002 καὶ
846 3942 923 4009 ὥς
970 3938 1324 4017 ’Ἥφαιστον
1373 3940 1636 4020 ἐύφρονα
1681 3943 2152 4022 χαλκεοτέχνην

546 4044 757 4121 δέξατ’
805 4046 951 4110 ἑοῖσι
1000 4045 1265 4123 δόμοισιν
1314 4048 1426 4110 ἀπ’
1477 4048 1842 4125 Οὐλύμποιο
1887 4049 2197 4128 πεσόντα,

549 4150 729 4215 αὐτόν
779 4153 838 4215 τ’
890 4151 1351 4231 Ἀργικέραυνον
1402 4150 1439 4218 δ’
1450 4178 1606 4224 πως
1657 4155 2010 4220 ὑπελύσατο
2061 4155 2314 4230 δεσμῶν.

284 4254 530 4321 Haereo
590 4260 659 4321 in
718 4254 911 4335 ὅπως,
975 4258 1145 4343 quod
1206 4281 1318 4324 nec
1364 4262 1431 4324 vi
1476 4260 1714 4325 causali
1758 4265 2054 4347 usurpari
2098 4265 2312 4348 potuit
2356 4271 2432 4328 ut
2479 4286 2652 4349 prae-

279 4383 493 4448 gressa
553 4360 770 4428 οὔνεκα
836 4371 899 4429 et
944 4367 1058 4442 ὥς,
1109 4386 1259 4435 nec.
1309 4367 1364 4429 si
1410 4374 1654 4451 posset,
1703 4370 1828 4432 isto
1877 4368 2011 4433 loco
2058 4373 2230 4455 poni.
2295 4368 2650 4437 Verborum

279 4472 495 4532 autem
538 4474 859 4533 structura
904 4469 1179 4535 ostendit
1222 4472 1418 4536 verba
1459 4472 1644 4537 αὐτόν
1685 4511 1770 4521 -
1813 4473 2047 4553 δεσμῶν
2084 4496 2212 4540 una
2249 4498 2396 4541 cum
2436 4478 2649 4545 verbis
