3192 5009
592 240 678 305 22
1574 256 1911 307 nomme.

558 428 708 510 quia
769 425 848 489 ab
908 435 1176 509 utraque
1225 422 1511 489 discessit
1556 430 1812 510 propter
1861 425 2157 489 ditiorem
2204 422 2532 489 aemulum
2578 423 2699 487 sibi
2749 442 2945 508 prae-

554 530 762 597 latum
807 530 915 611 (cf.
969 530 1072 595 11.
1106 528 1185 594 11
1212 551 1306 615 sq.
1355 537 1419 596 et
1473 528 1576 594 15.
1608 531 1691 595 19
1716 537 1835 616 sq.)
1868 529 1935 612 ¹).

645 636 910 702 Fatetur
967 642 1187 702 autem
1249 644 1438 723 poet-a
1495 638 1562 701 in
1627 637 1848 724 Epodo
1903 636 1980 701 11
2049 636 2171 702 sibi
2217 636 2515 701 accidisse
2561 635 2729 720 quod
2774 634 2945 700 Pro-

555 744 796 829 pertius
831 748 1044 807 narrat
1089 742 1165 807 de
1211 742 1478 809 Pontico
1526 741 1652 823 (El.
1708 743 1764 807 1.
1794 742 1882 825 9),
1934 745 2057 819 cui,
2107 764 2255 808 cum
2301 744 2369 805 in
2415 761 2699 806 amorem
2746 761 2941 807 neco-

553 851 810 935 pinatus
847 848 1172 913 incidisset
1189 896 1206 926 ,
1246 848 1408 913 nihil
1442 849 1739 935 proderat
1782 870 1829 937 g
1846 871 1877 913 r
1894 870 1989 913 av
2008 870 2041 914 e
2088 851 2393 934 (epicum)
2440 847 2621 913 dice
2638 868 2719 913 re
2766 868 2941 912 car-

555 976 625 1020 m
641 977 676 1021 e
690 978 733 1019 n
749 1003 764 1032 ‚
850 954 960 1019 sed
1028 956 1138 1040 qui
1203 956 1335 1031 iam
1404 958 1708 1020 eroticam
1764 958 1985 1041 poesin
2048 953 2273 1020 callere
2343 954 2636 1039 cupiebat
2714 952 2933 1017 adhuc

554 1066 833 1147 spretam
899 1082 938 1125 a
996 1082 1064 1127 se
1123 1068 1188 1126 et
1247 1064 1521 1126 irrisam.
1585 1060 1899 1127 Similiter
1956 1060 2295 1126 Horatius:
2359 1061 2630 1137 Petti,
2695 1056 2933 1123 nihil

555 1190 676 1234 me
755 1170 978 1233 sicut
1043 1174 1282 1232 antea
1348 1170 1588 1233 iuvat
1658 1168 2031 1233 scribere
2098 1166 2576 1233 versiculos
2646 1184 2931 1231 amore

555 1294 1045 1362 percussum
1086 1276 1362 1361 gravi,
1411 1274 1645 1359 quibus
1690 1296 1818 1339 non
1866 1280 2059 1360 negat
2098 1278 2395 1359 poemata
2434 1272 2931 1359 qualiacumque

553 1380 756 1447 facere
823 1401 890 1445 se
958 1400 1140 1465 posse
1156 1427 1174 1458 ,
1243 1379 1353 1445 sed
1423 1382 1697 1446 evasisse
1769 1382 2058 1445 animum
2120 1385 2185 1445 et
2244 1378 2615 1445 facultatem
2673 1376 2933 1443 iambos

556 1487 872 1575 pangendi
891 1536 908 1565 ,
971 1493 1047 1552 ut
1104 1507 1218 1573 par
1279 1492 1374 1551 est
1436 1488 1505 1551 in
1550 1488 1794 1553 amanti
1842 1492 2125 1574 pectore;
2176 1485 2619 1553 meditabatur·
2651 1486 2887 1551 erotica
2908 1534 2928 1562 ,

553 1616 680 1660 non
747 1592 932 1659 aliter
1001 1613 1072 1658 ac
1136 1598 1354 1677 postea
1420 1614 1571 1658 cum
1641 1592 1986 1660 declararet
2056 1591 2410 1657 Maecenati
2479 1590 2704 1677 (Epod.
2773 1588 2927 1669 14):

556 1699 808 1777 Deus,
885 1698 1081 1764 deus
1150 1699 1404 1779 (Amor)
1471 1719 1655 1763 nam
1723 1708 1842 1765 m'e
1911 1703 2152 1764 vetat
2218 1700 2613 1782 inceptos
2684 1695 2930 1772 olim,

557 1807 1062 1892 promissum
1129 1825 1494 1882 carmen,
1567 1805 1891 1869 iambos
1963 1805 2058 1870 ad
2126 1802 2631 1869 umbilicum
2694 1802 2937 1867 addu-

557 1932 773 1989 cere,
822 1916 1010 1995 atque
1054 1910 1258 1975 denuo
1303 1912 1368 1974 in
1419 1907 1533 1975 Od.
1583 1908 1616 1973 Ι
1669 1908 1771 1975 19.
1808 1910 1889 1975 10
1938 1931 2115 1975 amor
2159 1908 2430 1994 impedit
2468 1908 2672 1974 dicere
2718 1926 2932 1993 quae

557 2016 781 2082 nihil
823 2018 1206 2081 attinent
1231 2014 1306 2095 ⁹).

646 2120 964 2209 Magnum
1025 2124 1388 2206 ceteroquin
1445 2121 1787 2186 discrimen
1832 2120 2383 2198 animadvertitur,
2433 2121 2489 2185 si
2536 2118 2933 2185 attendimus

557 2248 684 2314 qua
724 2229 966 2293 ratione
1010 2233 1278 2312 uterque
1324 2232 1509 2312 poeta
1556 2230 1794 2293 amicae
1840 2226 2167 2314 perfidiam
2205 2224 2592 2293 toleraverit.
2638 2224 2822 2291 Alter
2858 2227 2931 2289 in

557 2332 744 2418 culpa
801 2333 1135 2399 manifesta
1197 2331 1650 2417 deprehensam
1709 2332 2118 2420 indignanter
2180 2331 2452 2397 dimittit
2468 2381 2485 2410 ,
2555 2331 2929 2416 Propertius

557 2444 774 2505 contra
829 2441 898 2502 in
959 2459 1027 2503 re
1087 2437 1318 2516 simili,
1385 2459 1579 2523 quam
1645 2453 1860 2504 narrat
1918 2438 2149 2525 Elegia
2201 2437 2259 2504 1.
2290 2437 2351 2517 9,
2414 2436 2729 2525 Cynthiae
2774 2458 2927 2503 cum

557 2544 748 2610 rivali
791 2550 964 2609 trans
1009 2564 1184 2609 mare
1230 2544 1506 2630 fugienti
1551 2543 1716 2608 nihil
1761 2543 1905 2608 duri
1950 2545 2358 2627 imprecatur,
2405 2546 2608 2608 immo
2656 2542 2929 2608 obtesta-

557 2657 666 2717 tur
724 2652 960 2715 amoris
1009 2651 1112 2713 sui
1153 2651 1593 2715 inconcussam
1641 2652 2056 2715 constantiam
2102 2656 2291 2735 atque
2338 2651 2627 2734 periurae
2670 2651 2925 2715 veniam

557 2759 748 2823 habet
792 2762 1080 2843 paratam
1125 2758 1214 2833 si,
1264 2755 1432 2840 quod
1482 2755 1631 2823 deos
1680 2762 1853 2835 orat,
1902 2755 2243 2821 incolumis
2291 2755 2583 2821 redierit:

648 2862 802 2929 Sed
847 2882 1366 2947 quocumque
1412 2862 1646 2927 modo
1692 2863 1783 2928 de
1830 2883 1980 2940 me,
2028 2864 2403 2948 periura,
2452 2864 2829 2939 mereris,

648 2969 778 3035 Sit
827 2964 1184 3033 Galatea
1229 2973 1420 3033 tuae
1467 2989 1624 3033 non
1667 2968 1949 3033 aliena
1994 2970 2201 3035 viae.

556 3075 658 3140 Ad
705 3073 967 3140 eandem
1013 3080 1231 3137 autem
1276 3072 1602 3139 Inachiam
1648 3072 1753 3139 vel
1799 3074 2108 3139 Neaeram
2153 3076 2469 3159 pertinere
2511 3073 2767 3138 videtur
2805 3072 2921 3137 Od.

555 3181 588 3245 I
634 3179 673 3245 5
721 3180 800 3246 ad
846 3179 1290 3264 Pyrrham,
1331 3185 1405 3243 ut
1444 3185 1665 3264 postea
1706 3180 2073 3257 ostendam,
2117 3201 2267 3244 cum
2304 3181 2483 3264 prius
2508 3178 2583 3243 de
2623 3176 2925 3245 Cinara

559 3287 996 3372 disputavem,
1055 3305 1090 3350 e
1152 3286 1334 3350 cuius
1397 3288 1723 3351 mentione
1772 3288 2042 3351 certiora
2091 3291 2460 3370 temporum
2508 3284 2743 3349 indicia
2788 3286 2925 3349 erui

555 3396 822 3479 possunt
868 3390 944 3455 de
992 3390 1244 3456 Horatii
1286 3391 1546 3477 ignibus
1590 3397 1735 3475 post
1782 3390 2122 3455 Inachiam.

625 3635 679 3697 1)
719 3631 872 3682 lambi
906 3632 959 3681 in
990 3632 1314 3681 Canidiam
1349 3634 1601 3682 veneficam
1639 3632 1763 3681 nihil
1791 3632 2034 3698 pertinent
2064 3633 2123 3682 ad
2152 3633 2348 3682 Horatii
2378 3648 2576 3685 amores.
2606 3634 2723 3683 Erat
2750 3633 2925 3685 mulier

556 3730 652 3765 non
686 3714 729 3764 ei
765 3718 952 3773 amata,
985 3715 1064 3764 aed
1100 3714 1316 3764 nautia
1349 3714 1613 3765 maltum
1646 3719 1705 3763 ct
1742 3713 2185 3765 institoribna.
2236 3714 2359 3765 Sunt
2392 3716 2598 3765 ciusdem
2633 3715 2815 3765 farinae
2848 3720 2920 3774 et,

496 3796 516 3811 ⁰
559 3802 613 3848 ut
644 3797 830 3862 opinor,
861 3797 1073 3847 eiusdem
1107 3798 1280 3846 aetatis
1310 3801 1454 3861 atquo
1487 3797 1679 3861 sspodus
1712 3797 1791 3847 12.

623 3880 680 3943 2)
725 3880 830 3928 Iam
875 3877 1314 3943 Kieaalingiua
1356 3878 1665 3927 adnotaverat
1716 3877 1977 3928 Horatium
2012 3894 2098 3945 per
2130 3879 2485 3928 versiculo·
2521 3878 2747 3928 indicasse
2781 3878 2919 3929 iam-

556 3960 688 4020 boa,
720 3959 962 4009 immerito
996 3960 1148 4024 igitur
1179 3962 1366 4024 poetam
1399 3959 1524 4008 ridet
1564 3959 1993 4009 Hartmannua
2030 3976 2075 4024 p.
2113 3961 2225 4019 149,
2259 3961 2384 4025 quod
2420 3961 2588 4026 plenus
2622 3960 2799 4010 amoris
2832 3976 2919 4011 vae.

558 4041 814 4091 amatorios
859 4042 1012 4091 facere
1055 4041 1338 4105 nequiverit.
1390 4042 1522 4091 Idem
1571 4042 1731 4091 minua
1764 4046 1894 4091 recte
1930 4058 1971 4108 p.
2013 4043 2109 4091 148
2143 4042 2284 4092 verba
2319 4042 2369 4091 in
2406 4060 2449 4091 v.
2488 4042 2634 4107 veqq.
2668 4042 2738 4092 ita
2774 4043 2923 4093 inter·

557 4129 786 4189 pretatur,
827 4124 962 4187 qnasi
1001 4123 1235 4174 Horatius
1279 4123 1510 4173 amoris
1553 4124 1653 4174 sui
1698 4139 1757 4173 ae
1810 4125 2039 4189 pudere
2074 4124 2270 4183 dixerit,
2308 4141 2418 4174 cnm
2452 4124 2629 4174 scribat
2664 4140 2713 4174 ae
2747 4127 2921 4191 pudere

556 4210 735 4269 quanta
765 4204 924 4255 fabula
957 4204 1104 4254 fuerit
1135 4220 1221 4269 per
1255 4204 1420 4254 urbem
1456 4209 1504 4254 et
1535 4205 1663 4269 quod
1696 4206 1748 4255 in
1782 4206 2011 4255 conviviis
2048 4206 2283 4255 flammam
2319 4206 2478 4271 inepta
2513 4206 2742 4271 prodidit.
2786 4209 2921 4257 Deni-

557 4302 649 4351 que
678 4302 771 4335 non
798 4285 1017 4351 intelligo
1049 4286 1163 4351 quid
1198 4282 1492 4343 ἀδιανοῆτον
1524 4285 1643 4336 insit
1674 4286 1725 4335 in
1758 4303 1802 4337 v.
1843 4287 1902 4337 18
1920 4302 2019 4351 sqq.
2056 4286 2189 4337 Iusto
2223 4288 2390 4347 citius,
2427 4286 2611 4353 opinor,
2645 4289 2721 4337 vir
2754 4292 2919 4339 acutus

557 4367 744 4417 abstitit
777 4384 806 4417 a
835 4367 938 4417 loco
972 4368 1330 4433 interpretando
1361 4382 1456 4417 non
1490 4367 1643 4417 multo
1676 4368 1939 4418 difficiliore
1976 4384 2117 4433 quam
2152 4373 2341 4419 centnm
2377 4368 2463 4418 alii
2495 4369 2545 4419 in
2576 4368 2745 4419 Latina
2774 4371 2914 4435 poaai.
