3192 5009
1020 994 1167 1083 ΑΙ)
1227 990 1880 1082 SOPHOCLEM.

1308 1198 1555 1240 SCRIPSIT

864 1350 924 1415 J.
990 1350 1208 1417 VAN
1266 1351 1834 1419 LEEUWEN
1895 1350 2038 1419 ὧν.

1240 1658 1636 1695 -οοαᾲοοοοο-

1421 1914 1670 1967 ΡιοείιιιίΙο
1713 1916 1767 1967 of
1806 1916 1891 1967 the
1922 1916 2216 1967 Laurentina
2251 1915 2556 1981 Mannscript
2589 1914 2643 1965 of

1350 1999 1632 2064 Sophocles,
1686 1999 1798 2049 with
1857 2015 1917 2051 nn
1970 2000 2297 2051 introduction
2347 1999 2408 2063 by
2457 1999 2512 2049 Ε.
2560 1998 2637 2047 Μ.

1350 2080 1624 2147 Thompson
1660 2082 1752 2131 and
1787 2083 1845 2130 R.
1882 2083 1934 2131 Ο.
1973 2081 2108 2133 Jebb.
2143 2084 2342 2133 London
2384 2084 2527 2133 1885.

342 2254 594 2335 Nobilis
654 2257 885 2321 codicis
944 2257 1354 2322 Laurentiani
1414 2258 1673 2323 XXXII
1721 2258 1761 2323 9
1809 2280 1958 2325 cum
2007 2281 2210 2345 nuper
2253 2260 2401 2325 data
2447 2281 2634 2346 opera

245 2366 630 2449 inspicerem
689 2366 1043 2451 imaginem
1105 2370 1487 2450 autotypam
1536 2368 1799 2452 egregia
1845 2372 1980 2432 arte
2029 2367 2381 2433 confectam
2402 2416 2419 2446 ,
2472 2388 2633 2454 quae

244 2470 549 2535 Londinii
611 2469 847 2554 prodiit
909 2491 1059 2534 cura
1120 2473 1411 2535 virorum
1473 2470 1596 2535 d.d.
1649 2470 2017 2557 Thompson
2063 2478 2129 2538 et
2174 2472 2370 2551 Jebb,
2422 2476 2631 2558 primo

246 2596 507 2660 operam
570 2575 707 2640 dedi
759 2582 833 2639 ut
877 2579 1303 2641 vetustissimi
1351 2578 1544 2642 huius
1593 2581 1810 2655 testie,
1859 2578 2026 2644 unde
2073 2581 2308 2644 criticis
2356 2580 2638 2665 Aeschy-

244 2680 391 2746 lum
452 2680 908 2767 Sophoclemve
971 2683 1303 2748 emendare
1368 2685 1742 2748 conantibus
1792 2684 2315 2770 proficiscendum
2363 2691 2493 2767 est,
2543 2687 2636 2751 in-

244 2792 551 2854 teriorem
617 2788 898 2874 aliquam
957 2789 1395 2854 contraherem
1456 2793 1789 2867 notitiam,
1840 2798 1905 2855 et
1955 2790 2296 2868 nonnulla,
2347 2813 2506 2877 quae
2556 2791 2631 2857 de

243 2901 434 2959 textu
473 2894 817 2981 Sophocleo
858 2895 1122 2959 antehac
1161 2896 1646 2972 contenderam,
1687 2903 2022 2982 possentne
2061 2897 2207 2962 inde
2249 2900 2384 2963 sive
2425 2897 2631 2964 refelli

242 3005 383 3067 sive
434 3002 825 3077 confirmari,
872 3004 1259 3088 investigare
1308 3006 1502 3087 coepi.
1554 3002 1712 3067 Mox
1760 3024 1910 3069 vero
1959 3007 2181 3068 mirari
2221 3006 2422 3069 subiit
2460 3005 2631 3090 quod

244 3129 486 3195 magna
549 3109 809 3193 quidem
870 3129 1021 3173 cura
1082 3112 1208 3173 viri
1254 3112 1409 3173 artis
1456 3109 2020 3196 palaeographicae
2069 3114 2259 3197 periti
2313 3115 2632 3177 examina-

244 3222 401 3279 runt
460 3235 533 3279 ea
595 3235 753 3300 quae
814 3218 941 3301 ipsi
1000 3214 1246 3280 librarii
1309 3222 1681 3293 exararunt,
1731 3216 1963 3301 quibus
2009 3223 2225 3281 textus
2272 3224 2337 3283 et
2388 3216 2630 3283 scholia

245 3319 577 3397 debentur,
618 3320 726 3385 sed
765 3342 869 3386 eas
916 3321 1187 3397 notulaS,
1239 3342 1398 3405 quae
1440 3321 1690 3386 saeculo
1731 3320 1994 3386 demum
2036 3320 2194 3385 XIII
2234 3322 2340 3387 vel
2369 3326 2629 3388 ineunte

245 3424 401 3489 XIV
448 3427 727 3491 adiectae
775 3433 957 3504 sunt,
1010 3450 1088 3492 ne
1128 3435 1637 3492 commemoratu
1674 3428 1936 3513 quidem
1979 3428 2204 3515 dignas
2245 3430 2628 3496 habuerunt.

247 3530 353 3597 Sic
415 3534 611 3597 etiam
674 3535 1063 3597 novissimus
1127 3532 1512 3598 scholiorum
1574 3534 1781 3599 editor
1827 3537 1999 3621 egit,
2048 3557 2110 3599 v.
2163 3536 2222 3600 d.
2273 3536 2628 3623 Papageor·

245 3640 432 3723 gius,
498 3642 681 3724 eique
728 3642 1165 3704 assentiuntur
1210 3642 1414 3705 critici
1461 3640 1784 3705 Britanni:
1839 3663 1949 3719 „as
2001 3664 2037 3707 a
2083 3641 2254 3720 rule,
2306 3645 2413 3709 the
2468 3649 2631 3709 mat-

248 3748 346 3807 ter
410 3744 618 3808 which
678 3744 834 3831 they
896 3744 1095 3809 added
1156 3748 1210 3809 is
1260 3746 1632 3812 worthless'’
1684 3748 1902 3812 scribit
1952 3769 2015 3812 v.
2063 3747 2123 3811 d.
2174 3747 2334 3814 Jebb
2380 3752 2447 3813 in
2494 3771 2630 3835 pro-

246 3846 602 3934 legomenis
674 3872 735 3934 p.
791 3848 893 3914 18.
963 3848 1191 3915 Insunt
1260 3857 1477 3916 tamen
1544 3853 1645 3916 his
1719 3873 1967 3938 quoque
2031 3852 2342 3938 quaedam
2403 3861 2629 3921 notatu

245 3953 418 4020 haud
465 3954 744 4041 indigna.
797 3954 1015 4020 Unum
1062 3957 1377 4042 proferam
1424 3957 1827 4044 exemplum:
1895 3958 2080 4043 plura
2129 3966 2432 4044 quaerant
2479 3960 2590 4023 alii
2617 4007 2633 4036 ,

249 4064 357 4142 qui
418 4065 546 4126 otio
608 4060 876 4126 affluunt
936 4083 1047 4127 nec
1109 4062 1309 4127 oculis
1374 4067 1506 4127 suis
1571 4084 1824 4148 parcere
1874 4082 2226 4151 coguntur3
2279 4064 2625 4131 evanidam

247 4169 415 4231 enim
462 4168 831 4232 istiusmodi
875 4168 1545 4233 annotatiuncularum
1592 4168 1756 4234 solet
1803 4191 1937 4234 6666
1985 4174 2456 4248 atramentum,
2495 4191 2631 4236 ver-

245 4268 479 4356 baque,
553 4295 713 4357 quae
777 4282 1066 4338 currente
1138 4273 1380 4339 calamo
1447 4278 1904 4339 minutissimis
1981 4274 2220 4340 litteris
2301 4278 2630 4363 signisque

250 4376 759 4464 tachygraphicis
819 4379 1221 4466 neglig-enter
1281 4379 1560 4445 indicata
1627 4389 1778 4445 sunt
1828 4384 2038 4467 mag-is
2089 4402 2286 4467 quam
2337 4390 2628 4461 exarata,

254 4477 422 4547 haud
470 4505 607 4549 raro
652 4486 721 4547 in
768 4486 1137 4550 membrana
1184 4489 1405 4551 attrita
1450 4484 1774 4551 diffluunt.
1825 4486 1949 4552 Sed
1994 4487 2075 4553 ad
2121 4509 2261 4553 rem
2309 4491 2516 4555 venio·

2280 4610 2343 4659 15
