3192 5009
1349 353 1436 401 An
1481 351 1807 402 memes.
2621 330 2752 400 439

391 523 860 589 criminationes
877 569 893 600 ,
956 542 1112 608 quas
1173 520 1469 608 Euripidi
1512 519 1730 586 locum
1777 519 2139 585 abiudicans
2184 525 2401 585 contra
2444 522 2753 586 sermonis

394 630 846 715 proprietatem
905 626 1178 714 protulit
1220 629 1289 692 in
1335 626 1578 693 Herme
1626 625 1743 692 XV
1787 648 1850 713 p.
1898 624 2052 691 491.
2100 625 2479 692 Rectissime
2526 625 2753 693 Nauck

394 734 731 821 „equidem
799 756 926 800 non
993 736 1204 799 ausim
1273 733 1561 799 dubitare
1626 732 1703 799 de
1754 731 2061 818 Euripide
2106 753 2413 798 versuum
2459 738 2713 799 auctore
2733 782 2749 813 ,

390 861 582 926 quem
642 839 1010 927 disputandi
1070 843 1231 906 ratio
1292 861 1364 906 ac
1409 840 1662 904 numeri
1706 842 2005 926 arguunt.
2074 837 2201 903 Sed
2244 840 2561 904 miramur
2604 859 2753 906 sane

389 945 541 1012 adeo
589 949 689 1011 sui
735 945 1112 1012 dissimilem
1152 948 1468 1012 exstitisse
1509 945 1887 1030 Euripidem
1924 950 2000 1009 ut
2034 965 2257 1011 versus
2297 945 2531 1010 iaceret
2566 945 2755 1012 humi

388 1057 674 1138 repentes
758 1051 1081 1138 nullisque
1148 1055 1430 1138 poeticae
1498 1051 1793 1117 dictionis
1863 1050 2217 1117 luminibus
2282 1052 2566 1140 insignes
2636 1074 2751 1120 nec

387 1178 728 1244 possumus
774 1160 908 1223 sine
955 1159 1161 1224 taedio
1198 1157 1412 1246 legere
1451 1157 1976 1225 declamationem
2010 1159 2293 1224 ieiunam
2331 1163 2396 1224 et
2415 1162 2655 1244 passim
2672 1157 2751 1241 (Y)

385 1265 732 1350 ineptam.’'
798 1263 1003 1344 Quare
1064 1263 1488 1330 multifariam
1549 1262 1962 1350 interpolatos
2023 1265 2138 1329 hos
2187 1284 2407 1330 versus
2454 1272 2666 1331 censet
2714 1287 2751 1332 a

384 1369 839 1458 ludimagistro
856 1419 872 1448 ,
943 1373 1056 1458 qui
1121 1377 1376 1436 mutans
1446 1391 1881 1457 quaecumque
1949 1369 2182 1456 puerili
2251 1374 2444 1437 aetati
2521 1393 2751 1459 pamm

385 1479 792 1543 convenirent
851 1475 957 1542 vel
1015 1476 1141 1562 ipsi
1201 1476 1606 1562 displicerent
1624 1524 1640 1554 ‚
1699 1479 1940 1564 insigni
2002 1497 2151 1542 cum
2200 1476 2459 1543 audacia
2504 1483 2570 1544 et
2613 1500 2752 1565 per-

385 1586 683 1650 versitate
742 1587 1021 1671 genuina
1080 1584 1274 1649 verba
1333 1586 1701 1669 corruperit.
1772 1580 1895 1650 Oui
1952 1586 2299 1649 sententiae
2358 1606 2485 1650 non
2555 1607 2751 1672 aeque

383 1689 566 1756 facile
611 1691 964 1769 subscrib03
1015 1693 1070 1756 si
1117 1692 1289 1756 enim
1335 1711 1434 1757 res
1477 1692 1571 1755 ita
1617 1711 1683 1756 se
1720 1689 1981 1756 haberet
1998 1739 2015 1768 ‚
2056 1689 2195 1756 fieri
2229 1693 2341 1756 vix
2383 1695 2599 1777 potuit
2613 1741 2631 1771 ,
2676 1700 2753 1759 ut

385 1803 519 1863 tam
565 1818 725 1882 puro
771 1818 1058 1863 sermone
1103 1803 1168 1862 et
1213 1797 1394 1862 bonis
1442 1798 1725 1863 numeris
1772 1799 2108 1882 conscripti
2152 1797 2222 1862 hi
2258 1818 2479 1864 versus
2518 1799 2596 1864 ad
2635 1822 2749 1867 nos

383 1905 804 1989 pervenirent.

471 2091 652 2158 Idem
694 2092 935 2158 ibidem
952 2141 968 2170 ‚
1018 2093 1093 2157 fr.
1148 2091 1359 2157 1046:

740 2204 972 2264 πολλοῦ
1019 2198 1143 2277 γὰρ
1191 2203 1420 2280 χρυσοῦ
1471 2199 1576 2263 καὶ
1628 2199 1898 2267 πλούτου

743 2304 1025 2385 κρείσσων
1070 2303 1285 2387 πάτρα
1333 2305 1587 2387 σώφρονι
1636 2307 1825 2371 ναίειν

738 2411 807 2476 τὸ
857 2410 917 2476 δὲ
963 2409 1294 2492 σύντροφον
1343 2411 1459 2478 ἁδύ
1508 2436 1568 2476 τι
1618 2412 1846 2487 θνητοῖς

739 2519 828 2601 [ἐν
866 2517 985 2598 βίῳ
1031 2521 1272 2602 χωρεῖ]

378 2622 628 2689 Ultima
688 2622 995 2690 vocabula
1056 2630 1130 2689 ut
1187 2623 1506 2710 glossema
1572 2622 1838 2691 delenda
1854 2675 1871 2704 ,
1940 2647 2065 2692 non
2142 2627 2514 2714 corrigenda
2581 2627 2747 2692 mihi

381 2730 709 2809 videntum
760 2736 825 2796 et
869 2732 1032 2797 vitio
1077 2751 1290 2796 carere
1334 2731 1402 2795 τὸ
1452 2729 1806 2813 σύντροφον.

474 2918 778 2984 ARIS'HAS
821 2917 1060 2996 Κηρσίν,
1105 2917 1184 2982 fr.
1233 2913 1310 2982 3:

743 3023 1087 3096 σύνδειπνος
1138 3023 1172 3097 ἢ
1220 3021 1521 3100 ἐπίκωμος
1571 3023 1606 3100 ἢ
1654 3023 2061 3107 μαζαγρέτας

739 3127 948 3195 Ἃιδου
993 3126 1368 3209 τραπεζεύς,
1418 3125 1785 3210 inparia
1832 3130 2011 3206 νηδὺν
2057 3131 2239 3215 ἔχων.

380 3235 611 3303 Forma
653 3235 1000 3302 admodum
1043 3241 1336 3321 suspecta
1378 3258 1493 3323 pro
1540 3238 1799 3319 ἄκραι-ἥ.

471 3423 734 3492 Gnms
777 3424 857 3490 fr.
910 3425 968 3502 1,
1014 3445 1162 3512 pag.
1211 3423 1344 3490 826
1393 3425 1563 3512 apud
1608 3425 2010 3508 Nauckium,
2058 3449 2154 3494 vs.
2203 3429 2281 3495 4:

740 3525 903 3601 ὅστις
953 3529 1016 3594 δὲ
1060 3532 1330 3612 γαστρὸς
1375 3533 1464 3606 μῆ
1511 3539 1757 3611 κρατεῖν
1801 3534 2138 3600 ἐπίσταται

740 3631 968 3708 οὗτος
1017 3637 1118 3701 τὰ
1166 3637 1420 3702 πλείω
1467 3639 1612 3708 τῶν
1658 3641 1920 3704 κακῶν
1965 3638 2145 3722 ἔχει
2192 3642 2425 3708 κακοὶ.

381 3743 668 3811 Ultimus
727 3764 949 3809 versus
1009 3750 1344 3831 corruptus
1406 3744 1681 3811 videtur.
1747 3746 1911 3826 Quid
1970 3751 2143 3814 enim
2205 3750 2329 3815 sibi
2373 3748 2520 3815 vult
2551 3752 2743 3834 phora

375 3851 662 3915 malorwm
703 3849 865 3913 mala
879 3849 916 3913 ?

467 4036 714 4104 Finem.
762 4055 1061 4103 maeror.
1111 4037 1232 4104 28:

737 4150 894 4218 μισῶ
941 4144 1042 4208 τὸν
1089 4143 1278 4224 ἄνδρα
1324 4148 1430 4212 τὸν
1474 4145 1723 4212 διπλοῦν
1770 4149 2099 4228 πεφυκότα
2120 4197 2137 4228 ,

736 4254 1087 4332 χρηστὸν
1136 4250 1395 4331 λόγοισι,
1438 4254 1731 4330 πολέμιον
1780 4254 1839 4320 3³
1889 4263 2013 4329 τοῖς
2063 4256 2325 4337 τρόποις.

376 4356 644 4443 Propter
707 4360 1070 4443 oppositum
1129 4356 1418 4435 πολέμιον
1465 4367 1837 4447 expectatur
1882 4364 2122 4443 φίλον
2170 4362 2276 4429 vel
2323 4387 2352 4428 ε
2370 4363 2407 4429 ὕ
2423 4387 2597 4429 νουν
2642 4364 2739 4430 λό-

377 4485 576 4540 ymo-1,
626 4468 739 4527 aut
783 4462 994 4528 simile
1038 4464 1386 4550 quidpiam.
