3192 5009
1217 344 1303 392 nn
1346 342 1497 391 mnu
1540 342 1824 391 nomo.
2585 318 2709 385 111

422 511 643 597 Itaque
699 532 798 577 res
860 530 1111 596 quoqne
1172 515 1378 574 certae
1440 510 1508 572 in
1570 529 1650 573 ex
1711 506 2023 593 stipulatu
2070 508 2386 575 actionem
2432 506 2709 571 venient.

328 617 551 705 Neque
588 618 785 683 huius
823 618 1101 703 vestigia
1139 616 1300 679 iuris
1338 616 1403 681 in
1444 613 1730 701 Digestis
1770 615 2014 679 exarari
2052 616 2429 698 potuernnt;
2458 615 2712 676 exstant

326 727 589 811 passim.
638 722 933 789 Stichum
980 722 1119 787 dari
1162 720 1541 806 stipulatae,
1593 726 1850 786 auctore
1898 718 2148 785 Iuliano
2187 717 2258 799 (l.
2293 717 2375 785 18
2400 717 2476 782 D.
2504 716 2612 781 44.
2644 713 2710 793 ’7)

328 854 403 895 ea·
459 826 759 914 stipulatio
821 829 1082 892 Stichum
1132 834 1375 910 petfet).
1427 826 1705 912 Ulpiano
1753 846 2002 911 quoque
2051 831 2213 891 teste
2232 874 2248 903 ‚
2297 828 2410 911 qui
2459 830 2709 890 certum

326 956 587 1001 servum
655 936 1056 1021 promiserit,
1128 941 1242 998 aut
1302 954 1373 996 ex
1433 932 1734 1014 capulata
1798 928 2030 995 actione
2050 980 2068 1009 ,
2115 938 2230 997 aut
2277 932 2537 997 omnino
2583 950 2714 995 non

328 1048 585 1107 tenetur
628 1041 697 1123 (1.
741 1040 823 1107 51
867 1040 945 1105 D.
988 1038 1095 1104 45.
1128 1039 1214 1120 1).
1260 1038 1429 1104 Item
1474 1041 1531 1103 si
1576 1041 1721 1125 quis
1769 1038 1988 1103 decem
2021 1041 2090 1103 in
2129 1036 2321 1103 melle
2365 1034 2715 1122 stipulatus

328 1149 525 1213 fuerit
543 1195 559 1225 ,
620 1147 689 1212 id
751 1154 882 1224 est,
934 1151 1010 1211 ut
1055 1166 1203 1211 reus
1248 1143 1441 1211 melle
1489 1146 1648 1211 certi
1692 1146 1886 1230 pretii
1929 1142 2198 1208 liberare
2247 1164 2315 1208 se
2358 1144 2592 1227 possit,
2646 1164 2714 1206 ex

328 1254 628 1338 stipulatu
674 1254 957 1335 amado)
1008 1251 1224 1317 decem
1271 1256 1692 1335 consequetur
1731 1248 1800 1328 (l.
1848 1246 1931 1315 57
1972 1271 2065 1335 pr.
2094 1249 2172 1314 D.
2202 1248 2310 1313 46.
2338 1247 2426 1329 3).
2473 1247 2716 1313 Paulus

330 1381 582 1447 quoque
641 1362 709 1425 in
758 1360 873 1425 hac
920 1366 1099 1444 parte
1147 1357 1269 1423 sibi
1316 1364 1581 1422 constat.
1633 1356 1894 1421 Etenim
1912 1404 1929 1433 ,
1979 1376 2117 1421 rem
2161 1364 2403 1423 certam
2451 1354 2720 1441 stipula-

330 1472 477 1531 tum
495 1515 511 1543 ,
560 1471 675 1531 aut
720 1488 791 1529 ex
834 1464 1135 1546 stipulatu
1179 1484 1363 1548 posse
1409 1468 1663 1543 affere),
1726 1469 1839 1527 aut
1886 1462 2134 1527 nullam
2180 1465 2438 1527 omnino
2486 1462 2716 1528 habere

330 1574 743 1658 petitionem,
810 1574 899 1635 ait
961 1569 1031 1649 (1.
1082 1568 1169 1634 83
1217 1568 1319 1654 §6
1369 1567 1447 1632 D.
1499 1568 1723 1648 45.1).
1791 1568 1970 1634 Idem
2033 1569 2110 1633 de
2173 1578 2344 1633 certa
2407 1570 2718 1653 promissa

328 1680 617 1764 pecunia.
689 1676 857 1741 Nam
920 1678 975 1739 si
1036 1681 1253 1740 contra
1313 1673 1490 1760 leges
1554 1680 1727 1740 certa
1786 1676 2056 1759 pecunia
2117 1677 2186 1739 in
2231 1673 2716 1760 stipulationem

332 1784 605 1850 deducta
648 1784 878 1860 fuerit,
925 1783 1211 1845 actionem
1256 1804 1328 1844 εκ
1371 1782 1674 1864 stipulatu
1722 1781 1994 1867 denegat
2043 1779 2112 1861 (l.
2147 1780 2227 1846 15
2253 1782 2290 1866 ᾖ
2321 1782 2352 1846 1
2383 1781 2460 1846 D.
2489 1780 2594 1847 35.
2624 1781 2715 1861 2).

331 1890 517 1955 Hanc
576 1892 783 1977 igitur
830 1888 1043 1965 daret,
1092 1889 1216 1952 nisi
1264 1886 1366 1952 lex
1414 1890 1792 1973 petitionem
1839 1887 2236 1953 infirmaret.⁴
2277 1887 2497 1973 Itaque
2547 1891 2717 1953 certa

332 1998 602 2081 pecunia
660 1994 825 2060 dotis
886 1996 1141 2058 nomine
1188 1992 1335 2057 data
1381 2000 1445 2058 et
1484 1995 1557 2057 in
1607 1992 2090 2078 stipulationem
2143 1992 2415 2058 deducta
2432 2042 2448 2071 ,
2497 2016 2569 2058 ex
2611 1993 2719 2057 sbi-

328 2104 550 2186 pulatu
593 2101 827 2165 actione
871 2102 1183 2166 maritum
1220 2102 1517 2165 convenit
1556 2099 1625 2180 (l.
1673 2099 1752 2166 11
1797 2099 1874 2164 D.
1905 2098 2012 2163 33.
2041 2099 2129 2179 4).
2178 2100 2426 2166 Poenae
2466 2120 2718 2186 quoque

335 2211 681 2295 promissae
728 2205 1031 2271 similiter
1076 2206 1246 2291 apud
1285 2226 1505 2271 omnes
1525 2253 1543 2283 ‚
1582 2227 1662 2270 ex
1703 2204 2018 2291 stipulatu
2058 2208 2302 2271 actione
2343 2208 2478 2292 peti
2514 2204 2720 2272 solent

336 2314 407 2395 (l.
458 2314 539 2379 21
607 2313 754 2399 §12
823 2312 900 2377 D.
952 2310 1121 2389 4.8;
1183 2310 1229 2375 1.
1279 2311 1365 2377 42
1428 2310 1507 2376 D.
1567 2308 1776 2389 17.2;
1841 2312 1884 2377 l.
1937 2311 2024 2377 28
2070 2310 2149 2377 D.
2205 2311 2425 2393 19.1).
2497 2312 2718 2399 Neque

338 2440 461 2507 ego
531 2422 780 2505 primus
850 2420 967 2483 hoc
1038 2417 1287 2483 dicendi
1356 2438 1560 2504 genus
1622 2418 1834 2484 detexi
1849 2438 1864 2495 ;
1930 2418 2310 2484 iamdudum
2356 2419 2716 2485 observavit

336 2524 647 2590 Schrader
720 2524 799 2589 ad
870 2546 963 2609 pr.
1034 2523 1187 2589 Inst.
1253 2522 1367 2587 111.
1437 2522 1518 2588 15
1548 2522 1621 2604 1).
1684 2525 1774 2589 At
1833 2526 2147 2610 optimam
2209 2524 2718 2591 observationem

336 2634 615 2717 pessima
674 2633 1195 2717 interpretatione
1258 2634 1434 2696 omni
1494 2631 1710 2696 fructu
1773 2632 2078 2709 nudavit,
2127 2634 2240 2717 qui
2285 2632 2433 2698 inde
2477 2634 2720 2717 percipi

338 2743 607 2825 poterat.
670 2737 989 2801 Autumat
1052 2740 1227 2801 enim
1286 2736 1770 2802 iurisconsultos
1817 2744 1970 2802 tunc
2017 2758 2220 2823 quum
2267 2740 2360 2802 ita
2405 2738 2716 2815 scribant,

340 2845 555 2908 minus
620 2850 911 2908 accurato
962 2862 1251 2907 sermone
1298 2845 1416 2908 uti.
1468 2842 1645 2907 Itane
1691 2840 1882 2907 vero?
1928 2842 2027 2907 Ex
2074 2842 2460 2909 Triboniano
2509 2846 2716 2909 scisci-

336 2948 641 3025 tandum,
683 2948 837 3033 quid
873 2947 1335 3013 iureconsultos
1375 2948 1581 3013 dicere
1621 2946 2014 3034 oportuerit?
2053 2948 2242 3015 Forte
2266 2950 2521 3015 fortuna
2545 2949 2716 3036 apud

338 3055 767 3140 Papinianum
812 3062 1133 3139 superest,
1186 3054 1356 3139 quod
1402 3075 1660 3119 omnem
1706 3054 2175 3121 dubitationem
2223 3057 2455 3121 vincet.
2503 3056 2718 3122 Habet

341 3164 515 3226 enim
560 3160 629 3241 (l.
680 3162 721 3225 4
768 3182 861 3245 pr.
914 3158 991 3223 D.
1043 3159 1287 3240 22.1);

609 3266 665 3329 εἰ
725 3265 1053 3347 stipulatus
1110 3265 1196 3328 sie
1212 3313 1229 3342 ,
1292 3288 1413 3329 rem
1458 3267 1600 3329 dari
1647 3289 2005 3353 vacuamque
2041 3266 2470 3349 possessionem
2517 3268 2684 3332 tradi
2701 3318 2718 3347 ,

595 3375 853 3460 fructae
901 3379 1121 3455 postea
1180 3380 1384 3454 captos
1436 3373 1670 3437 actione
1715 3373 1934 3437 incerti
1981 3396 2054 3437 ex
2095 3374 2394 3457 stvpulatu
2414 3422 2431 3451 ,
2469 3382 2726 3459 propter

612 3478 919 3564 inferiora
962 3480 1139 3541 verba
1184 3485 1622 3541 consecuturum
1669 3472 1727 3543 te
1745 3526 1761 3556 ,
1809 3480 1966 3542 ratio
2015 3481 2227 3543 madet
2275 3527 2290 3543 .
2321 3528 2335 3544 .
2365 3528 2379 3544 .
2410 3528 2424 3544 .
2452 3478 2526 3561 ¹).

436 3582 793 3670 Stipulatus
856 3604 921 3647 es
983 3586 1051 3647 in
1111 3584 1265 3648 haec
1312 3584 1535 3649 verba:
1603 3608 1723 3647 rem
1771 3584 1912 3647 dari
1958 3585 2138 3664 (haec
2185 3592 2336 3649 sunt
2385 3586 2579 3651 verba
2624 3606 2724 3651 su-

344 3693 635 3777 periora),
684 3696 751 3754 et
794 3695 1117 3773 praeterea
1164 3712 1407 3753 vacuam
1434 3691 1862 3772 possessivum
1902 3690 2070 3753 tradi
2110 3690 2290 3770 (haec
2339 3698 2489 3757 sunt
2528 3692 2722 3759 verba

342 3796 687 3876 inferiora).
727 3792 1069 3879 Superiora
1106 3800 1309 3871 certa,
1348 3795 1650 3861 inferiora
1686 3798 1926 3861 incerta
1967 3801 2116 3860 sunt
2155 3796 2258 3875 (cf.
2297 3796 2341 3861 l.
2372 3795 2454 3862 75
2481 3799 2516 3883 ᾖ
2543 3794 2603 3871 7,
2637 3797 2719 3861 10

344 3901 427 3968 D.
476 3901 583 3965 45.
616 3901 699 3980 l),
761 3902 979 3985 itaque
1027 3920 1105 3965 ex
1147 3901 1550 3965 inferioribus
1599 3908 1828 3988 agetur
1877 3902 2109 3965 actione
2153 3903 2370 3966 incerti
2415 3926 2489 3967 ex
2531 3905 2718 3986 stipu-

346 4006 497 4071 latu.
566 4004 736 4070 Illud
798 4026 923 4070 non
985 4008 1287 4091 exprimit
1349 4005 1738 4091 Papinianus
1802 4026 1963 4092 quae
2026 4007 2232 4071 danda
2297 4010 2381 4071 sit
2428 4011 2593 4073 actio
2641 4030 2720 4074 ex

346 4112 799 4199 superioribus.
848 4110 972 4177 Sed
1018 4114 1173 4177 satis
1218 4119 1480 4198 apparet
1526 4134 1662 4179 esse
1707 4133 1834 4177 non
1871 4133 2050 4198 posse
2090 4116 2213 4177 nisi
2251 4114 2536 4178 actionem
2576 4114 2722 4179 certi

556 4250 695 4259 --·-

420 4309 467 4369 1)
501 4309 681 4357 Deinde
714 4308 861 4372 Voigt
895 4324 1083 4373 quoqne
1116 4307 1263 4367 vidit,
1296 4309 1380 4374 qni
1411 4310 1666 4359 maximam
1693 4309 1792 4359 vim
1821 4308 2002 4359 indicat
2031 4326 2130 4361 eane
2158 4311 2208 4361 in
2239 4310 2274 4361 l.
2306 4311 2404 4361 182
2419 4326 2493 4377 pr.
2517 4314 2572 4362 D.
2591 4316 2670 4364 45.
2696 4314 2720 4363 l

349 4390 463 4455 (das
490 4391 577 4440 Iu
614 4394 853 4441 Naturale
886 4404 975 4441 etc.
1014 4392 1081 4440 1v
1120 4408 1166 4457 p.
1208 4393 1345 4457 897).

418 4474 473 4539 2)
510 4476 577 4523 De
610 4480 716 4525 toto
750 4476 837 4525 boc
868 4474 1135 4539 fragmento
1168 4474 1319 4525 fusim
1351 4476 1427 4540 egi
1460 4477 1746 4543 Mnemoaeyn.
1785 4476 1879 4529 vol.
1916 4476 2072 4527 xvu
2109 4493 2158 4543 p.
2191 4478 2306 4528 408.
