<?xml version="1.0" encoding="UTF-8"?>
<!DOCTYPE html PUBLIC "-//W3C//DTD XHTML 1.0 Transitional//EN"
    "http://www.w3.org/TR/xhtml1/DTD/xhtml1-transitional.dtd">
<html xmlns="http://www.w3.org/1999/xhtml" xml:lang="en" lang="en">
 <head>
  <title>
</title>
<meta http-equiv="Content-Type" content="text/html;charset=utf-8" />
  <meta name='ocr-system' content='tesseract 3.04.00' />
  <meta name='ocr-capabilities' content='ocr_page ocr_carea ocr_par ocr_line ocrx_word'/>
</head>
<body>
  <div class='ocr_page' id='page_1' title='image "./mnemosyne07servgoog_0104.png"; bbox 0 0 3192 5009; ppageno 0'>
   <div class='ocr_carea' id='block_1_1' title="bbox 577 239 2167 305">
    <p class='ocr_par' dir='ltr' id='par_1_1' title="bbox 577 239 2167 305">
     <span class='ocr_line' id='line_1_1' title="bbox 577 239 2167 305; baseline 0 0"><span class='ocrx_word' id='word_1_1' title='bbox 577 239 663 305; x_wconf 89' lang='lat'><strong>96</strong></span> <span class='ocrx_word' id='word_1_2' title='bbox 1376 257 1464 303; x_wconf 78' lang='grc' dir='ltr'><strong>1111Ι</strong></span> <span class='ocrx_word' id='word_1_3' title='bbox 1511 256 1662 303; x_wconf 75' lang='lat' dir='ltr'><strong>man</strong></span> <span class='ocrx_word' id='word_1_4' title='bbox 1711 251 2167 305; x_wconf 53' lang='lat' dir='ltr'><strong>canusinam.</strong></span> 
     </span>
    </p>
   </div>
   <div class='ocr_carea' id='block_1_2' title="bbox 566 419 2984 1568">
    <p class='ocr_par' dir='ltr' id='par_1_2' title="bbox 566 419 2984 1568">
     <span class='ocr_line' id='line_1_2' title="bbox 574 419 2978 507; baseline -0 -22"><span class='ocrx_word' id='word_1_5' title='bbox 574 421 700 486; x_wconf 75' lang='lat' dir='ltr'><strong>abio</strong></span> <span class='ocrx_word' id='word_1_6' title='bbox 747 421 878 498; x_wconf 81' lang='lat' dir='ltr'><strong>die,</strong></span> <span class='ocrx_word' id='word_1_7' title='bbox 931 441 1124 506; x_wconf 89' lang='lat' dir='ltr'><strong>quam</strong></span> <span class='ocrx_word' id='word_1_8' title='bbox 1174 419 1373 484; x_wconf 87' lang='lat' dir='ltr'><strong>edidit</strong></span> <span class='ocrx_word' id='word_1_9' title='bbox 1422 441 1573 485; x_wconf 87' lang='lat' dir='ltr'><strong>cum</strong></span> <span class='ocrx_word' id='word_1_10' title='bbox 1612 422 1746 484; x_wconf 86' lang='lat' dir='ltr'><strong>iam</strong></span> <span class='ocrx_word' id='word_1_11' title='bbox 1796 423 2163 485; x_wconf 88' lang='lat' dir='ltr'><strong>renuntiata</strong></span> <span class='ocrx_word' id='word_1_12' title='bbox 2201 428 2414 486; x_wconf 88' lang='lat' dir='ltr'><strong>essent</strong></span> <span class='ocrx_word' id='word_1_13' title='bbox 2453 420 2758 507; x_wconf 81' lang='lat' dir='ltr'><strong>suffragia</strong></span> <span class='ocrx_word' id='word_1_14' title='bbox 2799 441 2978 506; x_wconf 87' lang='lat' dir='ltr'><strong>prae-</strong></span> 
     </span>
     <span class='ocr_line' id='line_1_3' title="bbox 574 526 2974 615; baseline 0 -23"><span class='ocrx_word' id='word_1_15' title='bbox 574 531 903 615; x_wconf 77' lang='lat' dir='ltr'><strong>rogativae</strong></span> <span class='ocrx_word' id='word_1_16' title='bbox 966 533 1029 592; x_wconf 92' lang='lat' dir='ltr'><strong>et</strong></span> <span class='ocrx_word' id='word_1_17' title='bbox 1086 530 1333 613; x_wconf 82' lang='lat' dir='ltr'>primae</span> <span class='ocrx_word' id='word_1_18' title='bbox 1394 526 1616 590; x_wconf 87' lang='lat' dir='ltr'><strong>classis</strong></span> <span class='ocrx_word' id='word_1_19' title='bbox 1665 541 1729 591; x_wconf 89' lang='lat' dir='ltr'><strong>et</strong></span> <span class='ocrx_word' id='word_1_20' title='bbox 1777 548 1889 591; x_wconf 86' lang='lat' dir='ltr'><strong>sex</strong></span> <span class='ocrx_word' id='word_1_21' title='bbox 1937 526 2241 613; x_wconf 83' lang='lat' dir='ltr'><strong>suffragia</strong></span> <span class='ocrx_word' id='word_1_22' title='bbox 2286 530 2619 612; x_wconf 70' lang='lat' dir='ltr'><strong>equitum,</strong></span> <span class='ocrx_word' id='word_1_23' title='bbox 2670 530 2725 593; x_wconf 89' lang='lat' dir='ltr'><strong>si</strong></span> <span class='ocrx_word' id='word_1_24' title='bbox 2777 529 2974 592; x_wconf 90' lang='lat' dir='ltr'><strong>Anto-</strong></span> 
     </span>
     <span class='ocr_line' id='line_1_4' title="bbox 574 632 2968 720; baseline -0.001 -21"><span class='ocrx_word' id='word_1_25' title='bbox 574 638 721 700; x_wconf 89' lang='lat' dir='ltr'><strong>nius</strong></span> <span class='ocrx_word' id='word_1_26' title='bbox 767 637 963 699; x_wconf 89' lang='lat' dir='ltr'><strong>etiam</strong></span> <span class='ocrx_word' id='word_1_27' title='bbox 1008 634 1351 699; x_wconf 89' lang='lat' dir='ltr'><strong>secundam</strong></span> <span class='ocrx_word' id='word_1_28' title='bbox 1397 632 1668 698; x_wconf 80' lang='lat' dir='ltr'><strong>classem</strong></span> <span class='ocrx_word' id='word_1_29' title='bbox 1715 635 2068 697; x_wconf 88' lang='lat' dir='ltr'><strong>renuntiari</strong></span> <span class='ocrx_word' id='word_1_30' title='bbox 2117 653 2340 718; x_wconf 88' lang='lat' dir='ltr'><strong>passus</strong></span> <span class='ocrx_word' id='word_1_31' title='bbox 2381 641 2548 698; x_wconf 89' lang='lat' dir='ltr'><strong>esset</strong></span> <span class='ocrx_word' id='word_1_32' title='bbox 2565 657 2590 711; x_wconf 91' lang='lat'><strong>,·</strong></span> <span class='ocrx_word' id='word_1_33' title='bbox 2625 636 2968 720; x_wconf 89' lang='lat' dir='ltr'><strong>negotium</strong></span> 
     </span>
     <span class='ocr_line' id='line_1_5' title="bbox 575 739 2978 826; baseline -0.002 -20"><span class='ocrx_word' id='word_1_34' title='bbox 575 741 935 806; x_wconf 88' lang='lat' dir='ltr'><strong>confectum</strong></span> <span class='ocrx_word' id='word_1_35' title='bbox 1009 747 1197 805; x_wconf 88' lang='lat' dir='ltr'><strong>esset.</strong></span> <span class='ocrx_word' id='word_1_36' title='bbox 1274 777 1359 788; x_wconf 89' lang='lat'><strong>-—</strong></span> <span class='ocrx_word' id='word_1_37' title='bbox 1427 740 1749 803; x_wconf 87' lang='lat' dir='ltr'><strong>Antonius</strong></span> <span class='ocrx_word' id='word_1_38' title='bbox 1818 747 2038 803; x_wconf 89' lang='lat' dir='ltr'><strong>autem</strong></span> <span class='ocrx_word' id='word_1_39' title='bbox 2102 743 2300 803; x_wconf 89' lang='lat' dir='ltr'><strong>etiam</strong></span> <span class='ocrx_word' id='word_1_40' title='bbox 2365 746 2697 826; x_wconf 86' lang='lat' dir='ltr'><strong>tamquam</strong></span> <span class='ocrx_word' id='word_1_41' title='bbox 2749 739 2978 805; x_wconf 85' lang='grc'><strong>00118111</strong></span> 
     </span>
     <span class='ocr_line' id='line_1_6' title="bbox 574 843 2982 932; baseline -0.001 -20"><span class='ocrx_word' id='word_1_42' title='bbox 574 848 947 912; x_wconf 78' lang='lat' dir='ltr'><strong>obnuntiare</strong></span> <span class='ocrx_word' id='word_1_43' title='bbox 1008 853 1339 932; x_wconf 89' lang='lat' dir='ltr'><strong>potuerat,</strong></span> <span class='ocrx_word' id='word_1_44' title='bbox 1404 866 1554 909; x_wconf 89' lang='lat' dir='ltr'><strong>nam</strong></span> <span class='ocrx_word' id='word_1_45' title='bbox 1603 853 1863 932; x_wconf 83' lang='lat' dir='ltr'><strong>propter</strong></span> <span class='ocrx_word' id='word_1_46' title='bbox 1904 845 2120 931; x_wconf 87' lang='lat' dir='ltr'><strong>legem</strong></span> <span class='ocrx_word' id='word_1_47' title='bbox 2169 843 2498 926; x_wconf 85' lang='lat' dir='ltr'><strong>Clodiam,</strong></span> <span class='ocrx_word' id='word_1_48' title='bbox 2548 866 2708 932; x_wconf 89' lang='lat' dir='ltr'><strong>quae</strong></span> <span class='ocrx_word' id='word_1_49' title='bbox 2759 851 2982 910; x_wconf 84' lang='lat' dir='ltr'><strong>sustu-</strong></span> 
     </span>
     <span class='ocr_line' id='line_1_7' title="bbox 572 950 2982 1037; baseline -0 -19"><span class='ocrx_word' id='word_1_50' title='bbox 572 953 733 1018; x_wconf 91' lang='lat' dir='ltr'><strong>lerat</strong></span> <span class='ocrx_word' id='word_1_51' title='bbox 792 952 1042 1018; x_wconf 80' lang='lat' dir='ltr'><strong>Aeliam</strong></span> <span class='ocrx_word' id='word_1_52' title='bbox 1106 960 1169 1015; x_wconf 92' lang='lat' dir='ltr'><strong>et</strong></span> <span class='ocrx_word' id='word_1_53' title='bbox 1233 950 1520 1028; x_wconf 88' lang='lat' dir='ltr'><strong>Fufiam,</strong></span> <span class='ocrx_word' id='word_1_54' title='bbox 1571 972 1644 1016; x_wconf 93' lang='lat' dir='ltr'><strong>eo</strong></span> <span class='ocrx_word' id='word_1_55' title='bbox 1695 956 1984 1036; x_wconf 91' lang='lat' dir='ltr'><strong>tempore</strong></span> <span class='ocrx_word' id='word_1_56' title='bbox 2034 959 2334 1037; x_wconf 88' lang='lat' dir='ltr'><strong>cogentes</strong></span> <span class='ocrx_word' id='word_1_57' title='bbox 2385 955 2589 1018; x_wconf 85' lang='lat' dir='ltr'><strong>factae</strong></span> <span class='ocrx_word' id='word_1_58' title='bbox 2638 961 2818 1017; x_wconf 88' lang='lat' dir='ltr'><strong>erant</strong></span> <span class='ocrx_word' id='word_1_59' title='bbox 2867 952 2982 1017; x_wconf 88' lang='lat' dir='ltr'><strong>ob-</strong></span> 
     </span>
     <span class='ocr_line' id='line_1_8' title="bbox 570 1055 2984 1144; baseline 0 -22"><span class='ocrx_word' id='word_1_60' title='bbox 570 1062 1007 1124; x_wconf 89' lang='lat' dir='ltr'><strong>nuntiationes</strong></span> <span class='ocrx_word' id='word_1_61' title='bbox 1070 1059 1578 1143; x_wconf 78' lang='lat' dir='ltr'><strong>magistratuum</strong></span> <span class='ocrx_word' id='word_1_62' title='bbox 1643 1078 1793 1122; x_wconf 88' lang='lat' dir='ltr'><strong>cum</strong></span> <span class='ocrx_word' id='word_1_63' title='bbox 1855 1061 2279 1144; x_wconf 77' lang='lat' dir='ltr'><strong>magistratus</strong></span> <span class='ocrx_word' id='word_1_64' title='bbox 2327 1065 2708 1136; x_wconf 74' lang='lat' dir='ltr'><strong>crearentur,</strong></span> <span class='ocrx_word' id='word_1_65' title='bbox 2760 1065 2826 1123; x_wconf 90' lang='lat' dir='ltr'><strong>et</strong></span> <span class='ocrx_word' id='word_1_66' title='bbox 2871 1055 2984 1124; x_wconf 88' lang='lat' dir='ltr'><strong>Ci-</strong></span> 
     </span>
     <span class='ocr_line' id='line_1_9' title="bbox 574 1163 2980 1230; baseline -0.001 0"><span class='ocrx_word' id='word_1_67' title='bbox 574 1187 714 1230; x_wconf 90' lang='grc'><strong>0810</strong></span> <span class='ocrx_word' id='word_1_68' title='bbox 783 1165 902 1229; x_wconf 91' lang='lat' dir='ltr'><strong>hoc</strong></span> <span class='ocrx_word' id='word_1_69' title='bbox 975 1166 1033 1229; x_wconf 90' lang='grc'><strong>81</strong></span> <span class='ocrx_word' id='word_1_70' title='bbox 1094 1163 1353 1228; x_wconf 83' lang='lat' dir='ltr'><strong>licuisse</strong></span> <span class='ocrx_word' id='word_1_71' title='bbox 1419 1163 1653 1229; x_wconf 85' lang='lat' dir='ltr'><strong>diserte</strong></span> <span class='ocrx_word' id='word_1_72' title='bbox 1718 1163 2012 1229; x_wconf 89' lang='lat' dir='ltr'><strong>affirmat.</strong></span> <span class='ocrx_word' id='word_1_73' title='bbox 2083 1163 2208 1229; x_wconf 79' lang='lat' dir='ltr'><strong>Sed</strong></span> <span class='ocrx_word' id='word_1_74' title='bbox 2256 1184 2446 1229; x_wconf 89' lang='lat' dir='ltr'><strong>causa</strong></span> <span class='ocrx_word' id='word_1_75' title='bbox 2492 1185 2606 1230; x_wconf 86' lang='lat' dir='ltr'><strong>cur</strong></span> <span class='ocrx_word' id='word_1_76' title='bbox 2649 1166 2980 1229; x_wconf 90' lang='lat' dir='ltr'><strong>Antonius</strong></span> 
     </span>
     <span class='ocr_line' id='line_1_10' title="bbox 573 1270 2980 1357; baseline -0.002 -19"><span class='ocrx_word' id='word_1_77' title='bbox 573 1270 875 1338; x_wconf 88' lang='lat' dir='ltr'><strong>maluerit</strong></span> <span class='ocrx_word' id='word_1_78' title='bbox 940 1275 1274 1355; x_wconf 89' lang='lat' dir='ltr'><strong>tamquam</strong></span> <span class='ocrx_word' id='word_1_79' title='bbox 1319 1291 1528 1357; x_wconf 87' lang='lat' dir='ltr'><strong>augur</strong></span> <span class='ocrx_word' id='word_1_80' title='bbox 1575 1270 1953 1335; x_wconf 84' lang='lat' dir='ltr'><strong>obnuntiare</strong></span> <span class='ocrx_word' id='word_1_81' title='bbox 1973 1318 1989 1347; x_wconf 93' lang='lat'><strong>,</strong></span> <span class='ocrx_word' id='word_1_82' title='bbox 2038 1270 2193 1335; x_wconf 90' lang='lat' dir='ltr'><strong>haec</strong></span> <span class='ocrx_word' id='word_1_83' title='bbox 2239 1273 2378 1355; x_wconf 90' lang='lat' dir='ltr'><strong>ipsa</strong></span> <span class='ocrx_word' id='word_1_84' title='bbox 2427 1276 2559 1348; x_wconf 88' lang='lat' dir='ltr'><strong>est,</strong></span> <span class='ocrx_word' id='word_1_85' title='bbox 2611 1270 2782 1356; x_wconf 93' lang='lat' dir='ltr'><strong>quod</strong></span> <span class='ocrx_word' id='word_1_86' title='bbox 2829 1291 2980 1335; x_wconf 88' lang='grc'><strong>0011-</strong></span> 
     </span>
     <span class='ocr_line' id='line_1_11' title="bbox 576 1375 2978 1461; baseline -0.001 -18"><span class='ocrx_word' id='word_1_87' title='bbox 576 1377 778 1455; x_wconf 87' lang='grc'><strong>811188,</strong></span> <span class='ocrx_word' id='word_1_88' title='bbox 842 1379 953 1461; x_wconf 92' lang='lat' dir='ltr'><strong>qui</strong></span> <span class='ocrx_word' id='word_1_89' title='bbox 1016 1375 1476 1441; x_wconf 88' lang='lat' dir='ltr'><strong>obnuntiabant</strong></span> <span class='ocrx_word' id='word_1_90' title='bbox 1537 1396 1616 1439; x_wconf 85' lang='lat' dir='ltr'><strong>ex</strong></span> <span class='ocrx_word' id='word_1_91' title='bbox 1666 1378 1988 1461; x_wconf 87' lang='lat' dir='ltr'><strong>spectione</strong></span> <span class='ocrx_word' id='word_1_92' title='bbox 2007 1424 2023 1454; x_wconf 96' lang='lat'><strong>,</strong></span> <span class='ocrx_word' id='word_1_93' title='bbox 2074 1397 2188 1461; x_wconf 92' lang='lat' dir='ltr'><strong>per</strong></span> <span class='ocrx_word' id='word_1_94' title='bbox 2234 1375 2583 1441; x_wconf 88' lang='lat' dir='ltr'><strong>formulam</strong></span> <span class='ocrx_word' id='word_1_95' title='bbox 2627 1377 2747 1453; x_wconf 88' lang='lat' dir='ltr'><strong>„de</strong></span> <span class='ocrx_word' id='word_1_96' title='bbox 2795 1375 2978 1441; x_wconf 90' lang='lat' dir='ltr'><strong>caelo</strong></span> 
     </span>
     <span class='ocr_line' id='line_1_12' title="bbox 566 1480 2975 1568; baseline -0.001 -19"><span class='ocrx_word' id='word_1_97' title='bbox 566 1482 884 1560; x_wconf 78' lang='lat' dir='ltr'><strong>servavi’&#39;,</strong></span> <span class='ocrx_word' id='word_1_98' title='bbox 909 1482 975 1546; x_wconf 92' lang='lat' dir='ltr'><strong>id</strong></span> <span class='ocrx_word' id='word_1_99' title='bbox 1000 1482 1201 1546; x_wconf 87' lang='lat' dir='ltr'><strong>facere</strong></span> <span class='ocrx_word' id='word_1_100' title='bbox 1228 1481 1536 1546; x_wconf 87' lang='lat' dir='ltr'><strong>debebant</strong></span> <span class='ocrx_word' id='word_1_101' title='bbox 1578 1502 1672 1545; x_wconf 89' lang='lat' dir='ltr'><strong>an</strong></span> <span class='ocrx_word' id='word_1_102' title='bbox 1694 1486 1771 1546; x_wconf 90' lang='lat' dir='ltr'><strong>te</strong></span> <span class='ocrx_word' id='word_1_103' title='bbox 1812 1483 2166 1546; x_wconf 89' lang='lat' dir='ltr'><strong>comitia</strong></span> <span class='ocrx_word' id='word_1_104' title='bbox 2203 1485 2426 1547; x_wconf 88' lang='lat' dir='ltr'><strong>inita</strong></span> <span class='ocrx_word' id='word_1_105' title='bbox 2467 1489 2556 1568; x_wconf 91' lang='lat' dir='ltr'><strong>(p.</strong></span> <span class='ocrx_word' id='word_1_106' title='bbox 2589 1480 2675 1548; x_wconf 88' lang='lat'><strong>93</strong></span> <span class='ocrx_word' id='word_1_107' title='bbox 2701 1482 2846 1546; x_wconf 87' lang='lat' dir='ltr'><strong>adn.</strong></span> <span class='ocrx_word' id='word_1_108' title='bbox 2875 1481 2975 1560; x_wconf 82' lang='lat'><strong>2),</strong></span> 
     </span>
    </p>
   </div>
   <div class='ocr_carea' id='block_1_3' title="bbox 462 1587 2974 1676">
    <p class='ocr_par' dir='ltr' id='par_1_3' title="bbox 462 1587 2974 1676">
     <span class='ocr_line' id='line_1_13' title="bbox 462 1587 2974 1676; baseline -0.002 -20"><span class='ocrx_word' id='word_1_109' title='bbox 462 1651 465 1656; x_wconf 91' lang='lat'>.</span> <span class='ocrx_word' id='word_1_110' title='bbox 568 1610 845 1676; x_wconf 88' lang='lat' dir='ltr'><strong>augures</strong></span> <span class='ocrx_word' id='word_1_111' title='bbox 892 1609 1042 1652; x_wconf 83' lang='lat' dir='ltr'><strong>vero</strong></span> <span class='ocrx_word' id='word_1_112' title='bbox 1060 1637 1075 1664; x_wconf 91' lang='lat'><strong>,</strong></span> <span class='ocrx_word' id='word_1_113' title='bbox 1127 1590 1239 1672; x_wconf 88' lang='lat' dir='ltr'><strong>qui</strong></span> <span class='ocrx_word' id='word_1_114' title='bbox 1286 1587 1752 1652; x_wconf 87' lang='lat' dir='ltr'><strong>obnuntiabant</strong></span> <span class='ocrx_word' id='word_1_115' title='bbox 1797 1608 1876 1651; x_wconf 85' lang='lat' dir='ltr'><strong>ex</strong></span> <span class='ocrx_word' id='word_1_116' title='bbox 1922 1590 2223 1672; x_wconf 87' lang='lat' dir='ltr'><strong>auspiciis</strong></span> <span class='ocrx_word' id='word_1_117' title='bbox 2273 1588 2538 1653; x_wconf 88' lang='lat' dir='ltr'><strong>fortuito</strong></span> <span class='ocrx_word' id='word_1_118' title='bbox 2588 1591 2974 1673; x_wconf 84' lang='lat' dir='ltr'><strong>conspectis,</strong></span> 
     </span>
    </p>
   </div>
   <div class='ocr_carea' id='block_1_4' title="bbox 564 1693 2980 4435">
    <p class='ocr_par' dir='ltr' id='par_1_4' title="bbox 564 1693 2980 3586">
     <span class='ocr_line' id='line_1_14' title="bbox 566 1693 2974 1781; baseline -0.001 -21"><span class='ocrx_word' id='word_1_119' title='bbox 566 1716 682 1781; x_wconf 91' lang='lat' dir='ltr'><strong>per</strong></span> <span class='ocrx_word' id='word_1_120' title='bbox 731 1693 1077 1760; x_wconf 86' lang='lat' dir='ltr'><strong>formulam</strong></span> <span class='ocrx_word' id='word_1_121' title='bbox 1128 1693 1295 1770; x_wconf 90' lang='lat' dir='ltr'><strong>„alio</strong></span> <span class='ocrx_word' id='word_1_122' title='bbox 1345 1693 1512 1770; x_wconf 92' lang='lat' dir='ltr'><strong>die&#39;&#39;,</strong></span> <span class='ocrx_word' id='word_1_123' title='bbox 1563 1694 1627 1757; x_wconf 87' lang='lat' dir='ltr'><strong>id</strong></span> <span class='ocrx_word' id='word_1_124' title='bbox 1677 1694 1880 1758; x_wconf 85' lang='lat' dir='ltr'><strong>facere</strong></span> <span class='ocrx_word' id='word_1_125' title='bbox 1927 1694 2240 1759; x_wconf 89' lang='lat' dir='ltr'><strong>debebant</strong></span> <span class='ocrx_word' id='word_1_126' title='bbox 2299 1698 2528 1759; x_wconf 89' lang='lat' dir='ltr'><strong>inter</strong></span> <span class='ocrx_word' id='word_1_127' title='bbox 2590 1697 2974 1761; x_wconf 86' lang='lat' dir='ltr'><strong>comitia.</strong></span> 
     </span>
     <span class='ocr_line' id='line_1_15' title="bbox 568 1801 2980 1887; baseline 0 -21"><span class='ocrx_word' id='word_1_128' title='bbox 568 1803 846 1866; x_wconf 88' lang='lat' dir='ltr'><strong>Antonio</strong></span> <span class='ocrx_word' id='word_1_129' title='bbox 910 1808 1128 1864; x_wconf 88' lang='lat' dir='ltr'><strong>autem</strong></span> <span class='ocrx_word' id='word_1_130' title='bbox 1192 1802 1461 1864; x_wconf 85' lang='lat' dir='ltr'><strong>minime</strong></span> <span class='ocrx_word' id='word_1_131' title='bbox 1524 1802 1929 1884; x_wconf 89' lang='lat' dir='ltr'><strong>propositum</strong></span> <span class='ocrx_word' id='word_1_132' title='bbox 1991 1806 2130 1864; x_wconf 92' lang='lat' dir='ltr'><strong>erat</strong></span> <span class='ocrx_word' id='word_1_133' title='bbox 2175 1801 2510 1887; x_wconf 88' lang='lat' dir='ltr'><strong>prohibere</strong></span> <span class='ocrx_word' id='word_1_134' title='bbox 2559 1823 2638 1867; x_wconf 92' lang='lat' dir='ltr'><strong>ne</strong></span> <span class='ocrx_word' id='word_1_135' title='bbox 2685 1801 2823 1866; x_wconf 88' lang='lat' dir='ltr'><strong>ulla</strong></span> <span class='ocrx_word' id='word_1_136' title='bbox 2871 1822 2980 1866; x_wconf 88' lang='lat' dir='ltr'><strong>co·</strong></span> 
     </span>
     <span class='ocr_line' id='line_1_16' title="bbox 567 1905 2980 1992; baseline -0.001 -20"><span class='ocrx_word' id='word_1_137' title='bbox 567 1910 755 1973; x_wconf 87' lang='lat' dir='ltr'><strong>mitia</strong></span> <span class='ocrx_word' id='word_1_138' title='bbox 802 1905 1155 1971; x_wconf 88' lang='lat' dir='ltr'><strong>consularia</strong></span> <span class='ocrx_word' id='word_1_139' title='bbox 1202 1905 1461 1983; x_wconf 87' lang='lat' dir='ltr'><strong>fierent,</strong></span> <span class='ocrx_word' id='word_1_140' title='bbox 1510 1907 1622 1971; x_wconf 89' lang='grc'><strong>8811</strong></span> <span class='ocrx_word' id='word_1_141' title='bbox 1669 1907 2005 1992; x_wconf 90' lang='lat' dir='ltr'><strong>prohibere</strong></span> <span class='ocrx_word' id='word_1_142' title='bbox 2057 1907 2270 1971; x_wconf 90' lang='lat' dir='ltr'><strong>solum</strong></span> <span class='ocrx_word' id='word_1_143' title='bbox 2319 1907 2603 1986; x_wconf 83' lang='lat' dir='ltr'><strong>volebat,</strong></span> <span class='ocrx_word' id='word_1_144' title='bbox 2653 1929 2744 1983; x_wconf 79' lang='grc'><strong>118,</strong></span> <span class='ocrx_word' id='word_1_145' title='bbox 2779 1909 2980 1971; x_wconf 81' lang='lat' dir='ltr'><strong>Dola-</strong></span> 
     </span>
     <span class='ocr_line' id='line_1_17' title="bbox 568 2011 2980 2100; baseline 0 -22"><span class='ocrx_word' id='word_1_146' title='bbox 568 2015 725 2078; x_wconf 78' lang='lat' dir='ltr'><strong>bella</strong></span> <span class='ocrx_word' id='word_1_147' title='bbox 772 2011 995 2078; x_wconf 91' lang='lat' dir='ltr'><strong>consul</strong></span> <span class='ocrx_word' id='word_1_148' title='bbox 1042 2013 1254 2090; x_wconf 91' lang='lat' dir='ltr'><strong>fieret,</strong></span> <span class='ocrx_word' id='word_1_149' title='bbox 1306 2012 1475 2097; x_wconf 88' lang='lat' dir='ltr'><strong>quod</strong></span> <span class='ocrx_word' id='word_1_150' title='bbox 1521 2015 1578 2076; x_wconf 93' lang='lat' dir='ltr'><strong>is</strong></span> <span class='ocrx_word' id='word_1_151' title='bbox 1627 2019 1844 2076; x_wconf 90' lang='lat' dir='ltr'><strong>contra</strong></span> <span class='ocrx_word' id='word_1_152' title='bbox 1891 2011 2142 2098; x_wconf 89' lang='lat' dir='ltr'><strong>legem,</strong></span> <span class='ocrx_word' id='word_1_153' title='bbox 2196 2034 2400 2099; x_wconf 90' lang='lat' dir='ltr'><strong>neque</strong></span> <span class='ocrx_word' id='word_1_154' title='bbox 2447 2018 2748 2100; x_wconf 89' lang='lat' dir='ltr'><strong>praetura</strong></span> <span class='ocrx_word' id='word_1_155' title='bbox 2795 2015 2980 2078; x_wconf 78' lang='lat' dir='ltr'><strong>func-</strong></span> 
     </span>
     <span class='ocr_line' id='line_1_18' title="bbox 566 2118 2972 2206; baseline -0 -20"><span class='ocrx_word' id='word_1_156' title='bbox 566 2137 671 2186; x_wconf 83' lang='lat' dir='ltr'><strong>tus</strong></span> <span class='ocrx_word' id='word_1_157' title='bbox 718 2142 922 2206; x_wconf 90' lang='lat' dir='ltr'><strong>neque</strong></span> <span class='ocrx_word' id='word_1_158' title='bbox 972 2126 1249 2184; x_wconf 89' lang='lat' dir='ltr'><strong>aetatem</strong></span> <span class='ocrx_word' id='word_1_159' title='bbox 1296 2118 1664 2205; x_wconf 82' lang='lat' dir='ltr'><strong>legitimam</strong></span> <span class='ocrx_word' id='word_1_160' title='bbox 1713 2126 1937 2183; x_wconf 88' lang='lat' dir='ltr'><strong>nactus</strong></span> <span class='ocrx_word' id='word_1_161' title='bbox 1957 2168 1972 2196; x_wconf 93' lang='lat'><strong>,</strong></span> <span class='ocrx_word' id='word_1_162' title='bbox 2023 2126 2288 2204; x_wconf 86' lang='lat' dir='ltr'><strong>peteret.</strong></span> <span class='ocrx_word' id='word_1_163' title='bbox 2337 2119 2562 2206; x_wconf 89' lang='lat' dir='ltr'><strong>Itaque</strong></span> <span class='ocrx_word' id='word_1_164' title='bbox 2603 2123 2932 2186; x_wconf 88' lang='lat' dir='ltr'><strong>Antonius</strong></span> <span class='ocrx_word' id='word_1_165' title='bbox 2955 2169 2972 2199; x_wconf 89' lang='lat'><strong>,</strong></span> 
     </span>
     <span class='ocr_line' id='line_1_19' title="bbox 567 2223 2976 2313; baseline -0 -21"><span class='ocrx_word' id='word_1_166' title='bbox 567 2230 679 2313; x_wconf 90' lang='lat' dir='ltr'><strong>qui</strong></span> <span class='ocrx_word' id='word_1_167' title='bbox 718 2234 903 2292; x_wconf 88' lang='lat' dir='ltr'><strong>antea</strong></span> <span class='ocrx_word' id='word_1_168' title='bbox 950 2225 1027 2291; x_wconf 90' lang='lat' dir='ltr'><strong>de</strong></span> <span class='ocrx_word' id='word_1_169' title='bbox 1066 2245 1141 2290; x_wconf 89' lang='lat' dir='ltr'><strong>ea</strong></span> <span class='ocrx_word' id='word_1_170' title='bbox 1176 2247 1242 2290; x_wconf 92' lang='lat' dir='ltr'><strong>re</strong></span> <span class='ocrx_word' id='word_1_171' title='bbox 1283 2225 1702 2290; x_wconf 88' lang='lat' dir='ltr'><strong>admonuerat</strong></span> <span class='ocrx_word' id='word_1_172' title='bbox 1745 2223 2083 2290; x_wconf 90' lang='lat' dir='ltr'><strong>Caesarem</strong></span> <span class='ocrx_word' id='word_1_173' title='bbox 2102 2274 2116 2302; x_wconf 91' lang='lat'><strong>,</strong></span> <span class='ocrx_word' id='word_1_174' title='bbox 2161 2232 2493 2311; x_wconf 84' lang='lat' dir='ltr'><strong>expectare</strong></span> <span class='ocrx_word' id='word_1_175' title='bbox 2519 2226 2788 2292; x_wconf 86' lang='lat' dir='ltr'><strong>debebat</strong></span> <span class='ocrx_word' id='word_1_176' title='bbox 2811 2226 2976 2312; x_wconf 89' lang='lat' dir='ltr'><strong>quid</strong></span> 
     </span>
     <span class='ocr_line' id='line_1_20' title="bbox 567 2330 2978 2418; baseline -0 -19"><span class='ocrx_word' id='word_1_177' title='bbox 567 2334 851 2399; x_wconf 86' lang='lat' dir='ltr'><strong>facturus</strong></span> <span class='ocrx_word' id='word_1_178' title='bbox 908 2339 1073 2397; x_wconf 89' lang='lat' dir='ltr'><strong>esset</strong></span> <span class='ocrx_word' id='word_1_179' title='bbox 1122 2330 1355 2398; x_wconf 90' lang='lat' dir='ltr'><strong>Caesar</strong></span> <span class='ocrx_word' id='word_1_180' title='bbox 1403 2335 1459 2396; x_wconf 91' lang='lat' dir='ltr'><strong>si</strong></span> <span class='ocrx_word' id='word_1_181' title='bbox 1508 2335 1797 2397; x_wconf 90' lang='lat' dir='ltr'><strong>centuria</strong></span> <span class='ocrx_word' id='word_1_182' title='bbox 1842 2336 2290 2418; x_wconf 84' lang='lat' dir='ltr'><strong>praerogativa</strong></span> <span class='ocrx_word' id='word_1_183' title='bbox 2335 2333 2665 2399; x_wconf 88' lang='lat' dir='ltr'><strong>consulem</strong></span> <span class='ocrx_word' id='word_1_184' title='bbox 2703 2335 2978 2400; x_wconf 86' lang='lat' dir='ltr'><strong>fecisset</strong></span> 
     </span>
     <span class='ocr_line' id='line_1_21' title="bbox 565 2436 2972 2527; baseline -0 -21"><span class='ocrx_word' id='word_1_185' title='bbox 565 2440 991 2517; x_wconf 87' lang='lat' dir='ltr'><strong>Dolabellam;</strong></span> <span class='ocrx_word' id='word_1_186' title='bbox 1020 2439 1247 2524; x_wconf 86' lang='lat' dir='ltr'><strong>quodsi</strong></span> <span class='ocrx_word' id='word_1_187' title='bbox 1271 2445 1413 2502; x_wconf 85' lang='lat' dir='ltr'><strong>tum</strong></span> <span class='ocrx_word' id='word_1_188' title='bbox 1440 2438 1737 2502; x_wconf 87' lang='lat' dir='ltr'><strong>futurum</strong></span> <span class='ocrx_word' id='word_1_189' title='bbox 1762 2443 1898 2503; x_wconf 87' lang='lat' dir='ltr'><strong>erat</strong></span> <span class='ocrx_word' id='word_1_190' title='bbox 1921 2447 1996 2502; x_wconf 93' lang='lat' dir='ltr'><strong>ut</strong></span> <span class='ocrx_word' id='word_1_191' title='bbox 2022 2436 2357 2504; x_wconf 86' lang='lat' dir='ltr'><strong>Gaesarem</strong></span> <span class='ocrx_word' id='word_1_192' title='bbox 2381 2440 2764 2527; x_wconf 83' lang='lat' dir='ltr'><strong>suffragium</strong></span> <span class='ocrx_word' id='word_1_193' title='bbox 2787 2461 2972 2526; x_wconf 85' lang='lat' dir='ltr'><strong>prae—</strong></span> 
     </span>
     <span class='ocr_line' id='line_1_22' title="bbox 565 2531 2971 2634; baseline 0 -23"><span class='ocrx_word' id='word_1_194' title='bbox 565 2549 894 2634; x_wconf 82' lang='lat' dir='ltr'><strong>rogativae</strong></span> <span class='ocrx_word' id='word_1_195' title='bbox 931 2545 1285 2631; x_wconf 87' lang='lat' dir='ltr'><strong>repudiare,</strong></span> <span class='ocrx_word' id='word_1_196' title='bbox 1330 2543 1698 2610; x_wconf 86' lang='lat' dir='ltr'><strong>Dolabellae</strong></span> <span class='ocrx_word' id='word_1_197' title='bbox 1723 2531 2039 2609; x_wconf 85' lang='lat' dir='ltr'><strong>rationem</strong></span> <span class='ocrx_word' id='word_1_198' title='bbox 2061 2567 2187 2610; x_wconf 90' lang='lat' dir='ltr'><strong>non</strong></span> <span class='ocrx_word' id='word_1_199' title='bbox 2212 2546 2462 2624; x_wconf 88' lang='lat' dir='ltr'><strong>habere,</strong></span> <span class='ocrx_word' id='word_1_200' title='bbox 2494 2547 2758 2623; x_wconf 83' lang='lat' dir='ltr'><strong>videret,</strong></span> <span class='ocrx_word' id='word_1_201' title='bbox 2787 2549 2971 2633; x_wconf 90' lang='lat' dir='ltr'><strong>quie-</strong></span> 
     </span>
     <span class='ocr_line' id='line_1_23' title="bbox 565 2649 2971 2737; baseline 0 -21"><span class='ocrx_word' id='word_1_202' title='bbox 565 2659 751 2718; x_wconf 89' lang='lat' dir='ltr'><strong>turus</strong></span> <span class='ocrx_word' id='word_1_203' title='bbox 790 2657 956 2729; x_wconf 90' lang='lat' dir='ltr'><strong>erat;</strong></span> <span class='ocrx_word' id='word_1_204' title='bbox 992 2653 1089 2716; x_wconf 89' lang='lat' dir='ltr'><strong>sin</strong></span> <span class='ocrx_word' id='word_1_205' title='bbox 1116 2671 1268 2715; x_wconf 82' lang='lat' dir='ltr'><strong>vero</strong></span> <span class='ocrx_word' id='word_1_206' title='bbox 1291 2649 1659 2716; x_wconf 88' lang='lat' dir='ltr'><strong>Dolabellae</strong></span> <span class='ocrx_word' id='word_1_207' title='bbox 1686 2671 1916 2715; x_wconf 89' lang='lat' dir='ltr'><strong>nomen</strong></span> <span class='ocrx_word' id='word_1_208' title='bbox 1943 2653 2144 2737; x_wconf 85' lang='lat' dir='ltr'><strong>accipi</strong></span> <span class='ocrx_word' id='word_1_209' title='bbox 2168 2651 2434 2730; x_wconf 86' lang='lat' dir='ltr'><strong>videret,</strong></span> <span class='ocrx_word' id='word_1_210' title='bbox 2464 2652 2971 2718; x_wconf 83' lang='lat' dir='ltr'><strong>obnuntiaturus</strong></span> 
     </span>
     <span class='ocr_line' id='line_1_24' title="bbox 564 2757 2972 2843; baseline 0 -19"><span class='ocrx_word' id='word_1_211' title='bbox 564 2767 717 2824; x_wconf 89' lang='lat' dir='ltr'><strong>erat.</strong></span> <span class='ocrx_word' id='word_1_212' title='bbox 758 2758 942 2823; x_wconf 88' lang='lat' dir='ltr'><strong>Hanc</strong></span> <span class='ocrx_word' id='word_1_213' title='bbox 984 2757 1062 2822; x_wconf 93' lang='lat' dir='ltr'><strong>ob</strong></span> <span class='ocrx_word' id='word_1_214' title='bbox 1102 2777 1362 2821; x_wconf 90' lang='lat' dir='ltr'><strong>causam</strong></span> <span class='ocrx_word' id='word_1_215' title='bbox 1402 2757 1805 2821; x_wconf 88' lang='lat' dir='ltr'><strong>obnuntiatio</strong></span> <span class='ocrx_word' id='word_1_216' title='bbox 1847 2757 2177 2843; x_wconf 88' lang='lat' dir='ltr'><strong>auguralis</strong></span> <span class='ocrx_word' id='word_1_217' title='bbox 2204 2757 2337 2822; x_wconf 90' lang='lat' dir='ltr'><strong>sola</strong></span> <span class='ocrx_word' id='word_1_218' title='bbox 2360 2761 2420 2822; x_wconf 93' lang='lat' dir='ltr'><strong>ei</strong></span> <span class='ocrx_word' id='word_1_219' title='bbox 2443 2758 2628 2822; x_wconf 90' lang='lat' dir='ltr'><strong>utilis</strong></span> <span class='ocrx_word' id='word_1_220' title='bbox 2651 2761 2972 2843; x_wconf 88' lang='lat' dir='ltr'><strong>erat,quia</strong></span> 
     </span>
     <span class='ocr_line' id='line_1_25' title="bbox 565 2862 2966 2950; baseline -0 -21"><span class='ocrx_word' id='word_1_221' title='bbox 565 2869 649 2930; x_wconf 84' lang='lat' dir='ltr'><strong>ad</strong></span> <span class='ocrx_word' id='word_1_222' title='bbox 682 2866 877 2950; x_wconf 72' lang='lat' dir='ltr'><strong>ipsum</strong></span> <span class='ocrx_word' id='word_1_223' title='bbox 916 2863 1234 2928; x_wconf 77' lang='lat' dir='ltr'><strong>di80rimen</strong></span> <span class='ocrx_word' id='word_1_224' title='bbox 1282 2863 1753 2927; x_wconf 66' lang='lat' dir='ltr'><strong>renuntiationis</strong></span> <span class='ocrx_word' id='word_1_225' title='bbox 1790 2862 2037 2928; x_wconf 87' lang='lat' dir='ltr'><strong>differre</strong></span> <span class='ocrx_word' id='word_1_226' title='bbox 2078 2863 2345 2929; x_wconf 80' lang='lat' dir='ltr'><strong>debebat</strong></span> <span class='ocrx_word' id='word_1_227' title='bbox 2385 2865 2966 2930; x_wconf 81' lang='lat' dir='ltr'><strong>obnuntiationem.</strong></span> 
     </span>
     <span class='ocr_line' id='line_1_26' title="bbox 564 2968 2970 3057; baseline -0.001 -20"><span class='ocrx_word' id='word_1_228' title='bbox 564 2969 783 3038; x_wconf 84' lang='lat' dir='ltr'><strong>Cicero</strong></span> <span class='ocrx_word' id='word_1_229' title='bbox 845 2968 1134 3036; x_wconf 89' lang='lat' dir='ltr'><strong>consulto</strong></span> <span class='ocrx_word' id='word_1_230' title='bbox 1197 2969 1462 3034; x_wconf 88' lang='lat' dir='ltr'><strong>simulat</strong></span> <span class='ocrx_word' id='word_1_231' title='bbox 1524 2990 1591 3034; x_wconf 88' lang='grc'><strong>88</strong></span> <span class='ocrx_word' id='word_1_232' title='bbox 1639 2969 1758 3033; x_wconf 88' lang='grc'><strong>1100</strong></span> <span class='ocrx_word' id='word_1_233' title='bbox 1803 2991 1922 3034; x_wconf 90' lang='lat' dir='ltr'><strong>non</strong></span> <span class='ocrx_word' id='word_1_234' title='bbox 1975 2972 2329 3055; x_wconf 85' lang='lat' dir='ltr'><strong>perspicere</strong></span> <span class='ocrx_word' id='word_1_235' title='bbox 2349 3018 2364 3048; x_wconf 99' lang='lat'><strong>,</strong></span> <span class='ocrx_word' id='word_1_236' title='bbox 2415 2991 2619 3056; x_wconf 90' lang='lat' dir='ltr'><strong>neque</strong></span> <span class='ocrx_word' id='word_1_237' title='bbox 2670 2973 2970 3057; x_wconf 88' lang='lat' dir='ltr'><strong>agnoscit</strong></span> 
     </span>
     <span class='ocr_line' id='line_1_27' title="bbox 564 3074 2966 3160; baseline -0.001 -16"><span class='ocrx_word' id='word_1_238' title='bbox 564 3098 709 3144; x_wconf 88' lang='lat' dir='ltr'><strong>eam</strong></span> <span class='ocrx_word' id='word_1_239' title='bbox 755 3080 1069 3142; x_wconf 87' lang='lat' dir='ltr'><strong>rationem</strong></span> <span class='ocrx_word' id='word_1_240' title='bbox 1115 3077 1417 3152; x_wconf 89' lang='lat' dir='ltr'><strong>Antonii,</strong></span> <span class='ocrx_word' id='word_1_241' title='bbox 1471 3074 1642 3160; x_wconf 90' lang='lat' dir='ltr'><strong>quod</strong></span> <span class='ocrx_word' id='word_1_242' title='bbox 1690 3094 1833 3139; x_wconf 88' lang='lat' dir='ltr'><strong>eam</strong></span> <span class='ocrx_word' id='word_1_243' title='bbox 1881 3075 2148 3160; x_wconf 88' lang='lat' dir='ltr'><strong>probam</strong></span> <span class='ocrx_word' id='word_1_244' title='bbox 2185 3097 2313 3140; x_wconf 93' lang='lat' dir='ltr'><strong>non</strong></span> <span class='ocrx_word' id='word_1_245' title='bbox 2352 3097 2488 3140; x_wconf 91' lang='lat' dir='ltr'><strong>esse</strong></span> <span class='ocrx_word' id='word_1_246' title='bbox 2525 3079 2665 3141; x_wconf 89' lang='lat' dir='ltr'><strong>iure</strong></span> <span class='ocrx_word' id='word_1_247' title='bbox 2705 3083 2966 3154; x_wconf 86' lang='lat' dir='ltr'><strong>censet;</strong></span> 
     </span>
     <span class='ocr_line' id='line_1_28' title="bbox 564 3180 2965 3267; baseline -0.001 -19"><span class='ocrx_word' id='word_1_248' title='bbox 564 3185 729 3249; x_wconf 92' lang='lat' dir='ltr'><strong>hanc</strong></span> <span class='ocrx_word' id='word_1_249' title='bbox 792 3183 872 3248; x_wconf 92' lang='lat' dir='ltr'><strong>ob</strong></span> <span class='ocrx_word' id='word_1_250' title='bbox 931 3203 1191 3248; x_wconf 88' lang='lat' dir='ltr'><strong>causam</strong></span> <span class='ocrx_word' id='word_1_251' title='bbox 1253 3202 1391 3245; x_wconf 89' lang='lat' dir='ltr'><strong>rem</strong></span> <span class='ocrx_word' id='word_1_252' title='bbox 1438 3182 1671 3245; x_wconf 91' lang='lat' dir='ltr'><strong>tribuit</strong></span> <span class='ocrx_word' id='word_1_253' title='bbox 1721 3180 2121 3258; x_wconf 81' lang='lat' dir='ltr'><strong>„incredibfli</strong></span> <span class='ocrx_word' id='word_1_254' title='bbox 2167 3181 2538 3267; x_wconf 86' lang='lat' dir='ltr'><strong>stupiditati</strong></span> <span class='ocrx_word' id='word_1_255' title='bbox 2593 3181 2920 3246; x_wconf 86' lang='lat' dir='ltr'><strong>hominis&#39;’</strong></span> <span class='ocrx_word' id='word_1_256' title='bbox 2945 3231 2965 3260; x_wconf 93' lang='lat'><strong>,</strong></span> 
     </span>
     <span class='ocr_line' id='line_1_29' title="bbox 568 3286 2965 3375; baseline -0 -22"><span class='ocrx_word' id='word_1_257' title='bbox 568 3291 679 3375; x_wconf 89' lang='lat' dir='ltr'><strong>qui</strong></span> <span class='ocrx_word' id='word_1_258' title='bbox 737 3291 1008 3353; x_wconf 88' lang='lat' dir='ltr'><strong>nesciret</strong></span> <span class='ocrx_word' id='word_1_259' title='bbox 1068 3309 1133 3352; x_wconf 88' lang='grc'><strong>88</strong></span> <span class='ocrx_word' id='word_1_260' title='bbox 1202 3289 1445 3364; x_wconf 88' lang='lat' dir='ltr'><strong>„etiam</strong></span> <span class='ocrx_word' id='word_1_261' title='bbox 1507 3286 1802 3352; x_wconf 88' lang='lat' dir='ltr'><strong>facilius’&#39;</strong></span> <span class='ocrx_word' id='word_1_262' title='bbox 1867 3287 2243 3352; x_wconf 88' lang='lat' dir='ltr'><strong>obnuntiare</strong></span> <span class='ocrx_word' id='word_1_263' title='bbox 2289 3289 2574 3372; x_wconf 85' lang='lat' dir='ltr'><strong>potuisse</strong></span> <span class='ocrx_word' id='word_1_264' title='bbox 2621 3294 2965 3373; x_wconf 89' lang='lat' dir='ltr'><strong>tamquam</strong></span> 
     </span>
     <span class='ocr_line' id='line_1_30' title="bbox 566 3385 2965 3480; baseline -0 -20"><span class='ocrx_word' id='word_1_265' title='bbox 566 3394 913 3461; x_wconf 85' lang='lat' dir='ltr'><strong>consulem.</strong></span> <span class='ocrx_word' id='word_1_266' title='bbox 964 3431 1051 3441; x_wconf 91' lang='lat'><strong>——-</strong></span> <span class='ocrx_word' id='word_1_267' title='bbox 1100 3391 1344 3458; x_wconf 80' lang='lat' dir='ltr'><strong>Similis</strong></span> <span class='ocrx_word' id='word_1_268' title='bbox 1406 3414 1595 3457; x_wconf 89' lang='lat' dir='ltr'><strong>causa</strong></span> <span class='ocrx_word' id='word_1_269' title='bbox 1660 3393 1786 3457; x_wconf 87' lang='lat' dir='ltr'><strong>fuit</strong></span> <span class='ocrx_word' id='word_1_270' title='bbox 1848 3393 2153 3479; x_wconf 91' lang='lat' dir='ltr'><strong>Pompeio</strong></span> <span class='ocrx_word' id='word_1_271' title='bbox 2198 3413 2253 3458; x_wconf 89' lang='lat' dir='ltr'><strong>a.</strong></span> <span class='ocrx_word' id='word_1_272' title='bbox 2277 3385 2282 3388; x_wconf 62' lang='grc'><strong>’</strong></span> <span class='ocrx_word' id='word_1_273' title='bbox 2308 3391 2394 3458; x_wconf 85' lang='grc'><strong>56</strong></span> <span class='ocrx_word' id='word_1_274' title='bbox 2439 3400 2638 3480; x_wconf 87' lang='grc'><strong>(811111.</strong></span> <span class='ocrx_word' id='word_1_275' title='bbox 2688 3394 2807 3460; x_wconf 91' lang='lat' dir='ltr'><strong>sub</strong></span> <span class='ocrx_word' id='word_1_276' title='bbox 2860 3394 2965 3476; x_wconf 76' lang='lat'><strong>6⁰)</strong></span> 
     </span>
     <span class='ocr_line' id='line_1_31' title="bbox 567 3497 2070 3586; baseline -0.003 -19"><span class='ocrx_word' id='word_1_277' title='bbox 567 3522 681 3567; x_wconf 89' lang='lat' dir='ltr'><strong>cur</strong></span> <span class='ocrx_word' id='word_1_278' title='bbox 727 3504 1091 3586; x_wconf 83' lang='lat' dir='ltr'><strong>expectaret</strong></span> <span class='ocrx_word' id='word_1_279' title='bbox 1136 3497 1518 3583; x_wconf 87' lang='lat' dir='ltr'><strong>suffragium</strong></span> <span class='ocrx_word' id='word_1_280' title='bbox 1564 3501 2070 3586; x_wconf 87' lang='lat' dir='ltr'><strong>praerogativae.</strong></span> 
     </span>
    </p>

    <p class='ocr_par' dir='ltr' id='par_1_5' title="bbox 564 3600 2964 4310">
     <span class='ocr_line' id='line_1_32' title="bbox 660 3600 2961 3691; baseline 0 -21"><span class='ocrx_word' id='word_1_281' title='bbox 660 3606 730 3670; x_wconf 82' lang='lat'><strong>8⁰</strong></span> <span class='ocrx_word' id='word_1_282' title='bbox 792 3606 1065 3691; x_wconf 91' lang='lat' dir='ltr'><strong>Appian.</strong></span> <span class='ocrx_word' id='word_1_283' title='bbox 1130 3604 1190 3667; x_wconf 91' lang='lat' dir='ltr'><strong>b.</strong></span> <span class='ocrx_word' id='word_1_284' title='bbox 1254 3625 1307 3668; x_wconf 90' lang='lat' dir='ltr'><strong>c.</strong></span> <span class='ocrx_word' id='word_1_285' title='bbox 1360 3601 1421 3667; x_wconf 88' lang='lat'><strong>3.</strong></span> <span class='ocrx_word' id='word_1_286' title='bbox 1451 3600 1522 3682; x_wconf 74' lang='lat'><strong>73</strong></span> <span class='ocrx_word' id='word_1_287' title='bbox 1592 3624 1648 3668; x_wconf 90' lang='lat' dir='ltr'><strong>a.</strong></span> <span class='ocrx_word' id='word_1_288' title='bbox 1701 3603 1807 3680; x_wconf 84' lang='lat'><strong>44,</strong></span> <span class='ocrx_word' id='word_1_289' title='bbox 1872 3606 2150 3669; x_wconf 90' lang='lat' dir='ltr'><strong>Antonio</strong></span> <span class='ocrx_word' id='word_1_290' title='bbox 2198 3611 2264 3669; x_wconf 89' lang='lat' dir='ltr'><strong>et</strong></span> <span class='ocrx_word' id='word_1_291' title='bbox 2308 3603 2644 3670; x_wconf 89' lang='lat' dir='ltr'><strong>Dolabella</strong></span> <span class='ocrx_word' id='word_1_292' title='bbox 2691 3626 2817 3670; x_wconf 89' lang='lat' dir='ltr'><strong>cos.</strong></span> <span class='ocrx_word' id='word_1_293' title='bbox 2869 3643 2961 3654; x_wconf 93' lang='lat'>—</span> 
     </span>
     <span class='ocr_line' id='line_1_33' title="bbox 566 3707 2964 3797; baseline -0 -20"><span class='ocrx_word' id='word_1_294' title='bbox 566 3707 931 3777; x_wconf 88' lang='lat' dir='ltr'><strong>Dolabellae</strong></span> <span class='ocrx_word' id='word_1_295' title='bbox 996 3711 1259 3775; x_wconf 88' lang='lat' dir='ltr'><strong>comitia</strong></span> <span class='ocrx_word' id='word_1_296' title='bbox 1303 3709 1567 3774; x_wconf 91' lang='lat' dir='ltr'><strong>habenti</strong></span> <span class='ocrx_word' id='word_1_297' title='bbox 1615 3709 1846 3794; x_wconf 90' lang='lat' dir='ltr'><strong>quibus</strong></span> <span class='ocrx_word' id='word_1_298' title='bbox 1892 3709 2108 3796; x_wconf 87' lang='lat' dir='ltr'><strong>legem</strong></span> <span class='ocrx_word' id='word_1_299' title='bbox 2158 3711 2233 3776; x_wconf 91' lang='lat' dir='ltr'><strong>de</strong></span> <span class='ocrx_word' id='word_1_300' title='bbox 2281 3713 2612 3796; x_wconf 87' lang='lat' dir='ltr'><strong>provincia</strong></span> <span class='ocrx_word' id='word_1_301' title='bbox 2659 3731 2776 3776; x_wconf 89' lang='lat' dir='ltr'><strong>sua</strong></span> <span class='ocrx_word' id='word_1_302' title='bbox 2820 3733 2964 3797; x_wconf 89' lang='lat' dir='ltr'><strong>per-</strong></span> 
     </span>
     <span class='ocr_line' id='line_1_34' title="bbox 565 3818 2958 3904; baseline 0.001 -23"><span class='ocrx_word' id='word_1_303' title='bbox 565 3818 790 3895; x_wconf 86' lang='lat' dir='ltr'><strong>ferret,</strong></span> <span class='ocrx_word' id='word_1_304' title='bbox 836 3819 1156 3881; x_wconf 90' lang='lat' dir='ltr'><strong>Antonius</strong></span> <span class='ocrx_word' id='word_1_305' title='bbox 1205 3824 1539 3902; x_wconf 90' lang='lat' dir='ltr'><strong>tamquam</strong></span> <span class='ocrx_word' id='word_1_306' title='bbox 1586 3837 1798 3903; x_wconf 86' lang='lat' dir='ltr'><strong>augur</strong></span> <span class='ocrx_word' id='word_1_307' title='bbox 1843 3825 2094 3902; x_wconf 88' lang='lat' dir='ltr'><strong>praesto</strong></span> <span class='ocrx_word' id='word_1_308' title='bbox 2143 3825 2296 3882; x_wconf 87' lang='lat' dir='ltr'><strong>erat.</strong></span> <span class='ocrx_word' id='word_1_309' title='bbox 2347 3818 2665 3904; x_wconf 89' lang='lat' dir='ltr'><strong>Asprenas</strong></span> <span class='ocrx_word' id='word_1_310' title='bbox 2713 3824 2958 3897; x_wconf 87' lang='lat' dir='ltr'><strong>autem,</strong></span> 
     </span>
     <span class='ocr_line' id='line_1_35' title="bbox 566 3922 2960 4009; baseline 0.001 -21"><span class='ocrx_word' id='word_1_311' title='bbox 566 3924 863 3989; x_wconf 88' lang='lat' dir='ltr'><strong>tribunus</strong></span> <span class='ocrx_word' id='word_1_312' title='bbox 922 3922 1032 4009; x_wconf 88' lang='lat' dir='ltr'><strong>pL,</strong></span> <span class='ocrx_word' id='word_1_313' title='bbox 1082 3945 1233 3988; x_wconf 88' lang='lat' dir='ltr'><strong>cum</strong></span> <span class='ocrx_word' id='word_1_314' title='bbox 1278 3924 1379 3988; x_wconf 91' lang='lat' dir='ltr'><strong>his</strong></span> <span class='ocrx_word' id='word_1_315' title='bbox 1426 3925 1704 3987; x_wconf 89' lang='lat' dir='ltr'><strong>comitiis</strong></span> <span class='ocrx_word' id='word_1_316' title='bbox 1756 3929 1864 3995; x_wconf 79' lang='grc' dir='ltr'><strong>τῆς</strong></span> <span class='ocrx_word' id='word_1_317' title='bbox 1914 3925 2291 4002; x_wconf 75' lang='grc' dir='ltr'><strong>χειροτονίας</strong></span> <span class='ocrx_word' id='word_1_318' title='bbox 2342 3923 2522 3997; x_wconf 76' lang='grc' dir='ltr'><em>οὔσης</em></span> <span class='ocrx_word' id='word_1_319' title='bbox 2575 3925 2960 3992; x_wconf 86' lang='lat' dir='ltr'><strong>obnuntiare</strong></span> 
     </span>
     <span class='ocr_line' id='line_1_36' title="bbox 565 4029 2964 4115; baseline 0.001 -20"><span class='ocrx_word' id='word_1_320' title='bbox 565 4037 919 4108; x_wconf 89' lang='lat' dir='ltr'><strong>conaretur,</strong></span> <span class='ocrx_word' id='word_1_321' title='bbox 970 4029 1245 4094; x_wconf 89' lang='lat' dir='ltr'><strong>traditur</strong></span> <span class='ocrx_word' id='word_1_322' title='bbox 1290 4031 1642 4115; x_wconf 85' lang='lat' dir='ltr'><strong>speravisse</strong></span> <span class='ocrx_word' id='word_1_323' title='bbox 1690 4030 1822 4094; x_wconf 87' lang='lat' dir='ltr'><strong>fore</strong></span> <span class='ocrx_word' id='word_1_324' title='bbox 1869 4036 1945 4094; x_wconf 91' lang='lat' dir='ltr'><strong>ut</strong></span> <span class='ocrx_word' id='word_1_325' title='bbox 1991 4050 2177 4094; x_wconf 89' lang='lat' dir='ltr'><strong>suam</strong></span> <span class='ocrx_word' id='word_1_326' title='bbox 2223 4033 2698 4096; x_wconf 89' lang='lat' dir='ltr'><strong>nuntiationem</strong></span> <span class='ocrx_word' id='word_1_327' title='bbox 2739 4031 2964 4098; x_wconf 84' lang='lat' dir='ltr'><strong>confir-</strong></span> 
     </span>
     <span class='ocr_line' id='line_1_37' title="bbox 565 4135 2964 4226; baseline 0.002 -25"><span class='ocrx_word' id='word_1_328' title='bbox 565 4142 774 4201; x_wconf 89' lang='lat' dir='ltr'><strong>maret</strong></span> <span class='ocrx_word' id='word_1_329' title='bbox 819 4137 1137 4201; x_wconf 87' lang='lat' dir='ltr'><strong>Antonius</strong></span> <span class='ocrx_word' id='word_1_330' title='bbox 1156 4185 1173 4214; x_wconf 95' lang='lat'><strong>,</strong></span> <span class='ocrx_word' id='word_1_331' title='bbox 1226 4157 1420 4220; x_wconf 91' lang='lat' dir='ltr'><strong>quem</strong></span> <span class='ocrx_word' id='word_1_332' title='bbox 1466 4135 1834 4200; x_wconf 89' lang='lat' dir='ltr'><strong>Dolabellae</strong></span> <span class='ocrx_word' id='word_1_333' title='bbox 1882 4138 2077 4200; x_wconf 90' lang='lat' dir='ltr'><strong>etiam</strong></span> <span class='ocrx_word' id='word_1_334' title='bbox 2125 4139 2368 4202; x_wconf 91' lang='lat' dir='ltr'><strong>iratum</strong></span> <span class='ocrx_word' id='word_1_335' title='bbox 2413 4157 2550 4204; x_wconf 88' lang='lat' dir='ltr'><strong>esse</strong></span> <span class='ocrx_word' id='word_1_336' title='bbox 2598 4137 2790 4226; x_wconf 86' lang='lat' dir='ltr'><strong>volgo</strong></span> <span class='ocrx_word' id='word_1_337' title='bbox 2831 4159 2964 4205; x_wconf 88' lang='lat' dir='ltr'><strong>cre-</strong></span> 
     </span>
     <span class='ocr_line' id='line_1_38' title="bbox 564 4241 1549 4310; baseline -0.004 -1"><span class='ocrx_word' id='word_1_338' title='bbox 564 4244 803 4310; x_wconf 89' lang='lat' dir='ltr'><strong>derent.</strong></span> <span class='ocrx_word' id='word_1_339' title='bbox 853 4241 994 4306; x_wconf 88' lang='lat' dir='ltr'><strong>Vid.</strong></span> <span class='ocrx_word' id='word_1_340' title='bbox 1042 4243 1189 4306; x_wconf 83' lang='lat' dir='ltr'><strong>infr.</strong></span> <span class='ocrx_word' id='word_1_341' title='bbox 1238 4243 1357 4307; x_wconf 89' lang='lat' dir='ltr'><strong>sub</strong></span> <span class='ocrx_word' id='word_1_342' title='bbox 1414 4241 1549 4306; x_wconf 86' lang='lat'>14⁰.</span> 
     </span>
    </p>

    <p class='ocr_par' dir='ltr' id='par_1_6' title="bbox 659 4347 2960 4435">
     <span class='ocr_line' id='line_1_39' title="bbox 659 4347 2960 4435; baseline 0 -19"><span class='ocrx_word' id='word_1_343' title='bbox 659 4349 729 4416; x_wconf 85' lang='lat'><strong>9⁰</strong></span> <span class='ocrx_word' id='word_1_344' title='bbox 797 4347 853 4414; x_wconf 77' lang='lat' dir='ltr'>E</span> <span class='ocrx_word' id='word_1_345' title='bbox 913 4350 1230 4414; x_wconf 85' lang='lat' dir='ltr'><strong>contraria</strong></span> <span class='ocrx_word' id='word_1_346' title='bbox 1294 4353 1475 4434; x_wconf 90' lang='lat' dir='ltr'><strong>parte</strong></span> <span class='ocrx_word' id='word_1_347' title='bbox 1544 4350 1615 4411; x_wconf 93' lang='lat' dir='ltr'><strong>in</strong></span> <span class='ocrx_word' id='word_1_348' title='bbox 1684 4351 1953 4435; x_wconf 82' lang='lat' dir='ltr'><strong>auguris</strong></span> <span class='ocrx_word' id='word_1_349' title='bbox 2018 4353 2334 4435; x_wconf 88' lang='lat' dir='ltr'><strong>potestate</strong></span> <span class='ocrx_word' id='word_1_350' title='bbox 2399 4353 2597 4416; x_wconf 86' lang='lat' dir='ltr'><strong>etiam</strong></span> <span class='ocrx_word' id='word_1_351' title='bbox 2661 4355 2834 4430; x_wconf 88' lang='lat' dir='ltr'><strong>erat,</strong></span> <span class='ocrx_word' id='word_1_352' title='bbox 2903 4356 2960 4418; x_wconf 91' lang='lat' dir='ltr'><strong>si</strong></span> 
     </span>
    </p>
   </div>
   <div class='ocr_carea' id='block_1_5' title="bbox 3147 4271 3150 4976">
    <p class='ocr_par' dir='ltr' id='par_1_7' title="bbox 3147 4271 3150 4976">
     <span class='ocr_line' id='line_1_40' title="bbox 3147 4271 3150 4976; baseline 0 0"><span class='ocrx_word' id='word_1_353' title='bbox 3147 4271 3150 4976; x_wconf 95' lang='lat' dir='ltr'><strong> </strong></span> 
     </span>
    </p>
   </div>
  </div>
 </body>
</html>
