3192 5009
1359 330 1699 384 nonnus.
1802 352 1811 361 ·
2628 314 2713 384 37

336 505 522 571 illam
569 504 758 571 odam
801 511 945 590 post
990 501 1083 567 III
1133 502 1210 567 11
1264 522 1398 567 esse
1445 504 1887 587 compositam,
1928 502 2261 566 arbitraria
2298 507 2395 566 est
2432 508 2497 568 et
2535 500 2714 568 nulla

338 632 530 698 opera
573 615 787 697 potest
828 610 998 675 verti
1041 611 1112 673 in
1159 610 1566 674 contrarium.

427 717 726 803 Superest
792 719 863 781 in
928 715 974 780 l.
1039 714 1134 779 ΠΙ
1195 718 1508 780 eroticum
1571 734 1825 779 carmen
1888 712 1976 779 28
2021 714 2100 778 ad
2148 712 2343 778 aliam
2396 713 2709 801 Lyden,

337 823 505 910 quod
548 826 756 911 igitur
800 824 1007 888 denuo
1054 823 1280 908 probat
1326 842 1520 907 quam
1566 820 1766 886 libere
1813 826 2037 885 utatur
2080 820 2310 885 iisdem
2344 823 2710 887 nominibus

337 930 416 996 ad
459 930 823 995 indicandas
869 929 1333 994 diversissimas
1372 926 1697 991 mulieres.
1744 926 2004 991 Etenim
2040 932 2116 991 ιιι
2154 924 2267 991 illa
2290 925 2489 1012 Lyde,
2517 948 2710 1012 quam

333 1036 526 1102 modo
566 1038 1020 1123 cognovimus,
1061 1040 1196 1101 erat
1233 1036 1346 1099 vix
1387 1042 1643 1099 matura
1680 1031 1971 1118 pueHula
1989 1080 2005 1110 ‚
2040 1035 2130 1097 sic
2160 1032 2315 1097 haec
2346 1041 2444 1098 est
2473 1032 2711 1100 mulier

331 1144 678 1209 munitae
727 1144 1197 1228 sapientiae,
1242 1143 1346 1205 cui
1385 1160 1530 1205 eam
1562 1145 1750 1226 rog-at
1787 1145 1863 1203 ιιι
1886 1141 2023 1204 vim
2047 1138 2341 1205 adhibeat
2365 1160 2709 1225 secumque

329 1248 507 1315 laute
575 1245 845 1313 celebret
911 1247 974 1312 N
974 1245 1300 1333 eptnnalia
1365 1266 1480 1331 per
1539 1248 1769 1309 vinum
1830 1250 1895 1310 et
1956 1250 2217 1310 cantum
2272 1247 2706 1313 amoebaeum.

331 1354 470 1421 Oda
514 1360 611 1420 est
653 1377 731 1421 ex
778 1376 851 1420 eo
896 1374 1161 1442 genere,
1215 1352 1384 1438 quod
1429 1352 1733 1437 descripsi
1777 1352 1859 1417 ad
1904 1350 1935 1415 I
1989 1348 2092 1430 1¹7,
2142 1373 2255 1417 nec
2302 1351 2494 1419 refert
2542 1375 2710 1420 ama-

327 1468 536 1528 torem
595 1461 704 1527 sed
763 1468 1021 1547 poetam
1080 1459 1474 1544 Epicureum
1494 1506 1510 1536 ‚
1571 1457 1769 1523 illum
1830 1478 2058 1544 nempe
2124 1461 2236 1545 qui
2280 1461 2349 1523 in
2400 1457 2430 1523 I
2481 1457 2563 1524 31
2614 1463 2708 1526 ita

325 1572 621 1653 precatus
667 1574 764 1633 est
812 1564 1217 1653 Apollinem:

687 1672 888 1738 Frui
931 1674 1255 1758 paratis
1304 1677 1387 1737 et
1433 1670 1721 1737 valido
1767 1671 2011 1749 mihi,

688 1777 958 1855 Latos,
1008 1778 1260 1843 dones
1309 1784 1423 1854 et,
1472 1797 1799 1859 precor,
1848 1778 2184 1864 integra

689 1905 869 1950 cum
914 1889 1187 1949 mente
1235 1904 1379 1948 nec
1425 1890 1760 1968 turpem
1807 1890 2229 1949 senectam

688 1990 989 2077 degere
1035 2010 1178 2054 nec
1224 1990 1556 2054 cithara
1603 1997 2045 2055 carentem.

421 2096 514 2161 mx
559 2101 842 2183 quarto
888 2094 1092 2161 libro
1139 2098 1272 2160 iam
1317 2115 1511 2181 supra
1555 2098 1831 2161 tractavi
1876 2115 2129 2161 carmen
2173 2100 2545 2183 primum:
2596 2098 2705 2164 In-

327 2205 696 2269 termissa
737 2201 1021 2279 Venus,
1069 2202 1230 2279 diu,
1275 2206 1341 2267 et
1379 2220 1634 2266 carmen
1680 2201 2071 2267 decimum
2116 2202 2191 2267 de
2237 2202 2587 2291 LigurinO,
2636 2212 2703 2271 et

325 2308 710 2374 decimum
775 2310 1105 2374 tertium
1163 2308 1241 2373 ad
1286 2306 1502 2393 Lycen
1549 2306 1873 2385 vetulam,
1925 2328 2119 2394 quam
2166 2312 2531 2397 suspicabar
2574 2334 2700 2378 non

323 2414 644 2481 diversam
715 2436 851 2480 esse
919 2415 997 2480 ab
1065 2412 1281 2500 puella
1350 2412 1470 2477 XV
1533 2413 1663 2479 fere
1735 2416 1914 2479 annis
1984 2422 2129 2481 ante
2200 2415 2511 2485 celebrata
2581 2420 2698 2485 sub

319 2524 577 2586 nomine
645 2519 967 2607 Myrtalae
1028 2518 1136 2585 vel
1180 2518 1497 2605 Phrynae.
1547 2518 1772 2585 Restat
1817 2528 1893 2585 ιιι
1936 2542 2137 2607 pauca
2182 2523 2413 2588 addam
2458 2524 2535 2590 de
2580 2524 2699 2591 oda

320 2625 408 2691 IV
461 2625 563 2705 11,
612 2626 1032 2713 comparanda
1079 2648 1228 2691 cum
1276 2624 1371 2690 111
1416 2624 1505 2691 28
1552 2632 1619 2691 et
1666 2624 1696 2690 I
1744 2624 1851 2690 31.
1899 2625 2143 2692 Invitat
2205 2628 2694 2717 Phyllidem

318 2738 394 2797 ut
456 2754 674 2798 secum
733 2731 1004 2798 celebret
1049 2732 1222 2797 diem
1268 2731 1552 2797 natalem
1600 2732 1986 2798 Maecenatis
2004 2782 2021 2810 ‚
2070 2736 2173 2798 cui
2220 2734 2491 2801 solemni
2533 2737 2695 2804 festo

317 2838 512 2925 digne
553 2838 971 2924 perpetrando
1016 2844 1245 2903 cuncta
1283 2837 1542 2903 festinat·
1579 2859 1808 2903 manus
1845 2860 2193 2924 puerorum
2232 2848 2295 2906 et
2331 2841 2695 2929 puellarum

315 2946 386 3008 in
450 2943 637 3010 domo
696 2952 939 3029 poetae.
999 2942 1060 3007 N
1062 2964 1096 3009 e
1155 2946 1558 3030 rogationem
1602 2944 1841 3009 abnuat
1887 2946 2211 3011 subtristis
2257 2947 2504 3031 puella,
2554 2950 2696 3015 sub-

312 3052 530 3136 iungit
591 3049 981 3116 solaciolum.
1053 3050 1474 3115 Premebatur
1537 3052 1713 3115 enim
1758 3049 2013 3136 Phyllis
2061 3057 2198 3117 atra
2242 3074 2393 3118 cura
2436 3064 2694 3141 propter

313 3153 671 3241 Telephum
690 3206 705 3234 ,
755 3177 947 3242 quem
994 3156 1070 3221 ab
1120 3154 1245 3221 alia
1289 3154 1525 3221 lasciva
1574 3156 1848 3222 muliere
1887 3165 2267 3243 occupatum
2306 3159 2540 3225 frustra
2571 3164 2693 3227 sibi

310 3262 570 3348 petebat
631 3261 886 3350 Phyllis
907 3311 924 3340 ,
997 3265 1300 3327 iuvenem
1369 3284 1496 3328 non
1565 3284 1716 3329 suae
1784 3266 1993 3329 sortis.
2058 3261 2440 3331 Consolandi
2501 3269 2692 3334 verba

316 3373 568 3434 autem:

678 3472 1015 3560 Semper
1058 3479 1147 3539 ut
1192 3480 1272 3539 te
1319 3474 1572 3562 digna
1621 3496 1967 3561 sequare
2015 3481 2095 3540 et
2139 3475 2365 3543 ultra

677 3600 914 3666 quam
960 3579 1170 3645 licet
1215 3600 1562 3666 sperare
1609 3580 1849 3647 nefas
1895 3582 2270 3667 putando

677 3685 1098 3771 disparem
1144 3688 1368 3751 vites

312 3811 437 3856 non
500 3789 781 3857 referunt
827 3796 1182 3857 amatorem
1201 3840 1216 3869 ,
1267 3791 1375 3857 sed
1422 3791 1875 3878 philosophum
1920 3794 2537 3880 quinquagenarium
2557 3846 2572 3872 ‚
2620 3801 2687 3863 in

310 3895 599 3981 epistolis
657 3894 1005 3962 moralibus
1061 3897 1402 3963 scribendis
1451 3904 1603 3963 tunc
1650 3900 1931 3963 maxime
1977 3906 2359 3987 occupatum
2390 3900 2455 3981 ¹),
2504 3906 2687 3969 cuius

310 4000 469 4068 olim
528 4001 842 4067 leniverat
909 4000 1352 4069 albescens
1423 4006 1743 4069 animos
1812 4003 2187 4090 capillus
2247 4004 2367 4085 (III
2420 4007 2521 4072 14.
2548 4008 2683 4091 25).

309 4104 480 4175 Cum
522 4109 729 4195 igitur
775 4110 864 4174 sic
910 4111 1150 4196 pergit:

1031 4234 1182 4301 age
1230 4217 1392 4281 iam
1437 4238 1808 4283 meorum

380 4423 432 4485 1)
468 4424 642 4473 Contu
675 4438 784 4475 cnm
819 4424 967 4474 citata
1001 4425 1200 4491 stropha
1235 4426 1320 4492 Ep.
1359 4428 1380 4476 1
1420 4428 1464 4478 2.
1488 4432 1566 4488 56,
1606 4429 1651 4478 ⁶.
1680 4430 1757 4487 15,
1792 4428 1901 4478 alia.
