3192 5009
1174 313 1614 367 murmanus.
2453 296 2587 367 289

306 483 383 548 P.
432 483 555 550 532
576 484 654 549 A.
722 483 833 549 καὶ
880 485 1005 563 γὰρ
1056 484 1259 564 ἰατρὸν
1308 489 1636 556 νοσοῦντες·
1670 487 1738 549 οὗ
1784 489 2440 565 παρακαλοῦμεν
2487 484 2590 549 τὸν

230 589 493 671 ἔμπειρον
526 590 957 670 αἰσχυνόμενοι
998 591 1099 654 τὸν
1138 590 1356 665 συνήθη
1380 639 1395 668 ,
1439 591 1543 655 καὶ
1595 590 1777 655 παισὶ
1830 591 2236 663 διδασκάλους
2284 590 2422 655 ἀντὶ
2473 596 2590 654 τῶν

230 703 493 777 χρηστῶν
556 697 695 769 τοὺς
771 701 1479 777 παρακαλοῦντας
1554 698 1919 776 αἱρούμενοι.
1984 696 2427 784 Depravatum
2489 703 2588 762 est

232 808 727 882 παρακαλοῦντας
748 851 765 880 ,
835 802 1007 888 quod
1064 805 1445 888 interpretes
1508 803 1882 890 intellegere
1931 804 2234 870 videntur
2279 804 2418 876 τοὺς
2469 827 2583 868 πα-

231 915 625 988 ρακαλοῦντας
679 909 933 980 ἑαυτοὺς
982 909 1315 988 αἱρεῖσθαι,
1366 931 1527 996 quae
1574 917 1792 976 tamen
1837 913 2284 996 interpretatio
2331 913 2463 975 iam
2511 930 2584 975 eo

230 1015 567 1081 excluditur
612 1015 783 1101 quod
830 1014 1046 1101 paullo
1094 1021 1242 1080 ante
1288 1015 1510 1081 eodem
1559 1017 1752 1082 verbo
1803 1015 1992 1081 aliter
2038 1037 2196 1082 usus
2237 1023 2355 1082 est.
2419 1015 2586 1096 Quid

228 1119 411 1186 lateat
458 1121 735 1187 indicare
794 1121 962 1185 mihi
1021 1120 1323 1186 videntur
1381 1143 1542 1207 quae
1592 1121 1810 1208 paullo
1858 1128 2002 1208 post
2050 1127 2352 1188 secuntur
2398 1122 2591 1189 verbe

230 1227 491 1308 ἐθίζοντες
554 1228 720 1306 μήτε
786 1236 987 1308 κουρεῖ
1040 1228 1203 1305 μήτε
1253 1237 1501 1309 γραφεῖ
1540 1230 1712 1294 κατὰ
1761 1230 2074 1296 δυσωπίαν
2117 1232 2386 1310 χρῆσθαι
2434 1228 2588 1306 μηδὲ

232 1335 535 1399 καταλύειν
600 1335 662 1398 ἐν
723 1334 952 1416 φαύλῳ
1021 1333 1393 1416 πανδοκείῳ,
1457 1335 1773 1413 βελτίονος
1843 1336 2176 1415 παρόντος,
2243 1332 2363 1400 ὅτι
2415 1348 2592 1399 πολ-

233 1438 449 1511 λάκις
508 1441 537 1504 ὃ
584 1439 1042 1512 πανδοκεὺς
1092 1440 1498 1515 ἠσπάσαθ’
1548 1443 1785 1518 ἡμᾶς.
1837 1438 1934 1507 cf.
1982 1462 2136 1506 mox
2186 1461 2437 1526 quoque
2483 1439 2587 1503 τὸν

234 1545 797 1624 ἑσπασαμενον
864 1555 1081 1611 καλεῖν
1130 1585 1215 1596 -
1266 1550 1512 1623 μᾶλλον
1585 1547 1618 1622 ἢ
1693 1548 1796 1614 τὸν
1860 1547 2062 1613 εὔνουν
2124 1548 2228 1612 καὶ
2294 1547 2585 1629 χρηστόν.

235 1651 515 1731 Quoniam
572 1674 729 1720 vero
792 1659 943 1718 noto
1000 1674 1127 1718 usu
1168 1654 1429 1718 honoris
1476 1673 1665 1718 causa.
1710 1655 1994 1719 iuniores
2043 1657 2318 1719 seniores
2367 1652 2590 1718 ἐπατε-

236 1757 388 1838 ριζον,
414 1767 623 1842 patres
666 1759 1014 1823 sabutabant
1032 1806 1049 1836 ,
1098 1761 1307 1824 nescio
1358 1780 1439 1824 an
1484 1753 1871 1825 Plutarchus
1911 1762 2226 1846 scriptum
2257 1759 2591 1846 reliquerit

240 1866 331 1929 καὶ
372 1866 536 1930 παισὶ
582 1865 993 1937 διδασκάλους
1036 1864 1175 1930 α’ντὶ
1218 1871 1337 1929 τῶν
1374 1871 1660 1946 χρηστῶν
1699 1865 1838 1938 τοὺς
1887 1864 2207 1946 πατέρα
2258 1869 2592 1931 καλοῦν-

240 1994 365 2043 τας
406 1971 749 2052 αἱρούμεθα.
797 1971 1308 2057 Praepositiones
1354 1971 1499 2051 πρός
1519 2020 1535 2048 ,
1586 1971 1723 2050 περί
1771 1977 1836 2036 et
1884 1972 2056 2050 παραὶ
2104 1992 2255 2036 cum
2295 1992 2585 2056 compen-

242 2075 349 2142 diis
384 2079 722 2143 formarum
770 2079 1002 2158 πατρός
1026 2126 1044 2155 ,
1092 2077 1284 2158 πατρί
1329 2082 1395 2142 et
1443 2076 1690 2157 πατέρα
1738 2077 2041 2142 confundi
2087 2077 2287 2143 solere
2334 2079 2402 2141 in
2447 2076 2582 2143 vol—

241 2203 353 2268 gus
392 2192 607 2250 notum
654 2190 771 2250 est.

324 2291 387 2355 P.
428 2291 549 2358 533
573 2292 655 2358 D.
702 2291 808 2357 καὶ
857 2292 1001 2371 πρὸς
1050 2290 1188 2363 τοὺς
1238 2289 1670 2363 δυσωποῦντας
1721 2289 1955 2366 ἔξεο-τιν
2003 2291 2196 2355 εἰπεῖν
2243 2292 2314 2355 τὸ

514 2415 517 2418 ·
790 2395 1079 2474 μανθάνω
1127 2396 1241 2473 μὲν
1288 2391 1389 2460 οἶα
1438 2394 1583 2475 δρᾶν
1633 2396 1848 2472 μέλλω
1896 2397 2065 2462 κακά

246 2503 320 2565 τὰ
368 2504 545 2584 ψευδῆ
592 2510 915 2583 μαρτυρῶν
964 2502 999 2579 ἢ
1046 2501 1132 2568 τὰ
1180 2502 1271 2579 μὴ
1318 2501 1530 2566 δίκαια
1577 2505 1784 2582 κρίνων
1831 2501 1864 2578 ἢ
1915 2503 2000 2566 τα
2049 2503 2138 2579 μὴ
2187 2503 2586 2584 συμφέροντα

248 2615 553 2688 χειροτονῶν
601 2609 635 2684 ἢ
684 2607 1264 2689 δανειζόμενος
1317 2609 1464 2688 ὑπὲρ
1510 2615 1618 2673 τοῦ
1658 2610 1748 2686 μὴ
1786 2608 2222 2681 ἀποδώσοντος.
2267 2607 2395 2674 Res
2431 2609 2586 2675 adeo

248 2715 493 2794 insolita,
552 2722 627 2781 ut
674 2715 1007 2780 contrahat
1054 2713 1287 2800 aliquis
1334 2735 1439 2779 aes
1487 2712 1773 2779 alienum
1819 2714 2007 2780 alteri
2052 2721 2362 2779 mutuum
2407 2715 2588 2781 detu-

248 2840 362 2898 1113,
412 2829 483 2886 ut
533 2821 789 2888 credam
834 2823 1050 2908 potius
1097 2820 1524 2885 Plutarchum
1568 2823 1896 2907 scripsisse
1961 2820 1994 2894 ἢ
2060 2820 2286 2886 δανεί
2303 2818 2482 2900 ζ<ων
2548 2814 2624 2896 ἢ’

251 2925 760 3008 ἕγγυῶ>μενος
824 2927 975 3007 ὑπὲρ
1036 2931 1143 2990 τοῦ
1209 2929 1297 3004 μὴ
1362 2926 1811 3004 ἀποδώσοντος,
1875 2947 2026 2992 nam
2075 2927 2152 2992 de
2199 2933 2470 3012 utraque
2517 2945 2586 2992 re

249 3036 455 3119 saepius
510 3035 583 3100 fit
645 3037 717 3098 in
776 3033 895 3100 hoc
955 3032 1173 3099 libello
1220 3035 1487 3098 mentio·
1541 3031 1640 3100 Of.
1693 3035 1892 3098 etiam
1936 3033 2013 3099 de
2061 3032 2256 3099 exilio
2304 3054 2440 3120 cap.
2489 3033 2586 3098 XI

252 3142 320 3224 (p.
360 3139 479 3206 603
526 3146 743 3222 extr.).

317 3245 378 3311 P.
422 3245 547 3314 558
571 3247 709 3312 DE.
769 3245 981 3312 Facile
1044 3245 1199 3312 haec
1260 3247 1636 3332 superstitio
1683 3244 2089 3332 intellegitur
2135 3245 2212 3310 de
2258 3246 2548 3334 hydrope
2567 3295 2584 3326 ,

249 3351 333 3416 sod
364 3375 477 3439 quo
511 3360 699 3441 pecto
739 3352 959 3419 eadem
999 3352 1246 3418 cautela
1286 3357 1506 3419 contra
1541 3351 1834 3439 phthisin
1873 3351 2084 3419 valere
2111 3353 2281 3418 credi
2304 3356 2591 3440 potuerit

248 3476 463 3540 prorsus
506 3481 613 3526 me
660 3460 855 3547 fugit.
1677 3478 1684 3484 ·

316 3564 380 3630 P.
422 3567 551 3634 562
574 3567 653 3632 Β.
714 3565 952 3644 ἄρκτων
1001 3566 1115 3643 μὲν
1163 3567 1287 3646 γὰρ
1338 3564 1427 3630 ἔτι
1476 3563 1724 3638 νήπια
1774 3564 1878 3629 καὶ
1927 3566 2125 3631 λύκων
2174 3566 2428 3631 τέκνα
2477 3565 2582 3634 καὶ

249 3672 466 3746 πιθήκων
525 3674 699 3743 εὐθὺς
765 3671 1061 3751 ἐμφαίνει
1110 3673 1179 3737 τὸ
1228 3671 1529 3749 συγγενὲς
1582 3668 1736 3745 ἦθος.
1785 3670 1998 3736 Mirus
2045 3671 2386 3736 verborum
2431 3669 2584 3738 ordo

246 3795 337 3860 pro
389 3777 616 3858 ἄρκτων
680 3804 752 3856 μ.
794 3802 863 3856 y.
905 3803 954 3843 ε.
1030 3780 1282 3853 νήπια
1356 3779 1604 3842 τέκνα
1675 3776 1780 3841 καὶ
1845 3777 2044 3842 λύκων
2108 3783 2183 3842 ut
2243 3777 2586 3845 Homerico

249 3879 371 3948 dicit
422 3885 595 3951 Plut.
660 3883 757 3952 Of.
822 3896 865 3950 B
894 3884 1022 3949 311
1090 3895 1149 3950 A
1180 3883 1330 3962 113,
1394 3887 1521 3948 nisi
1583 3883 1746 3948 forte
1809 3889 2088 3969 praestet
2138 3891 2214 3948 ut
2260 3884 2585 3971 glossema

252 3985 419 4056 delere
460 3991 683 4069 τέκνα,
731 3990 809 4056 cl.
860 4001 913 4056 Π
947 3989 1095 4054 134.
1145 3989 1324 4056 Solet
1374 3996 1593 4055 autem
1642 3990 2032 4055 Plutarchus
2071 3998 2207 4054 tam
2245 3991 2588 4058 hominum

256 4113 411 4176 quam
484 4098 837 4164 bestiarum
920 4118 1136 4162 recens
1217 4102 1437 4162 natam
1518 4095 1810 4162 subolem
1894 4099 2083 4171 νήπια
2167 4119 2415 4163 vocare.
2500 4135 2586 4150 -·

260 4193 512 4284 Sequitur
566 4203 1001 4270 memorabilis
1062 4205 1139 4268 de
1200 4205 1487 4268 ataviamo
1504 4253 1521 4282 ,
1585 4224 1780 4288 quem
1840 4201 2028 4268 hodie
2090 4202 2344 4282 dicunt,
2411 4205 2588 4272 locus

268 4321 315 4383 p.
352 4305 461 4371 563
484 4311 537 4372 A
580 4331 673 4396 sq.

344 4408 406 4473 P.
444 4412 561 4479 564
582 4417 659 4480 A.
723 4415 828 4480 καὶ
890 4414 1031 4482 τότε
1097 4416 1213 4492 μὶν
1268 4415 1437 4480 κάτω
1485 4413 1628 4481 τότε
1681 4414 1733 4480 δ’
1782 4411 1936 4480 ἄνω
1985 4415 2392 4497 ῥεπούσας
2441 4420 2587 4498 (τὰς
