3192 5009
1342 318 1679 369 nonanus.
2609 298 2693 365 39

413 484 570 549 Post
641 482 938 552 Cinaram
1007 486 1172 549 circa
1242 504 1300 549 a.
1365 483 1453 549 30
1525 484 1802 551 detinuit
1871 505 2023 550 eum
2093 483 2427 562 libertina,
2500 504 2694 570 quam

324 594 554 659 cecinit
596 594 851 658 nomine
899 591 1327 678 Myrtalae
1375 592 1432 673 (I
1472 590 1584 671 33)
1633 596 1698 658 et
1742 591 2126 679 Phrynae
2172 591 2317 679 (Ep.
2348 590 2493 672 14);
2534 592 2697 657 hanc

325 720 522 764 anum
567 697 802 765 factam
845 698 1154 765 laceravit
1198 700 1454 764 nomine
1498 698 1769 785 Lycae
1816 698 1921 779 (IV
1980 697 2109 777 13).

415 802 584 873 Cum
628 811 848 872 autem
892 808 1136 891 primae
1181 804 1432 891 puellae
1475 807 1743 891 periurii
1789 808 2012 871 statim
2060 805 2286 871 fuisset
2325 803 2693 883 intolerans,

323 914 711 997 experientia
755 914 1098 999 mitigatus
1144 914 1485 997 patientior
1530 912 1656 977 fuit
1706 932 1860 998 erga
1906 909 2205 979 Cinaram
2243 918 2308 977 et
2346 910 2698 998 Myrtalen-

321 1018 558 1106 Lycen.
627 1018 712 1083 Et
769 1021 906 1104 ipse
964 1021 1206 1085 interea
1254 1038 1367 1105 pro
1413 1019 1700 1084 moribus
1748 1016 1927 1083 illius
1976 1021 2203 1085 aetatis
2252 1017 2397 1083 aliis
2444 1038 2695 1105 quoque

315 1128 569 1191 vacavit
614 1124 1024 1202 mulieribus,
1073 1127 1311 1211 partim
1355 1128 1602 1210 poetico
1653 1127 1910 1191 nomine
1958 1127 2317 1213 generatim
2362 1124 2658 1190 indicatis
2676 1172 2695 1203 ,

318 1231 714 1318 Lalages,
789 1228 1090 1298 Chloes
1153 1234 1320 1303 sim„
1381 1234 1621 1317 partim
1683 1230 1999 1317 psaltriis,
2046 1234 2334 1319 primum
2381 1230 2697 1318 Tynda-

320 1338 520 1416 ridi,
567 1344 784 1424 postea
822 1337 1126 1425 Lydae,
1175 1337 1434 1403 tandem
1480 1336 1907 1423 Phyllidi,
1957 1358 1996 1402 a
2041 1339 2435 1423 provectiore
2481 1345 2697 1404 tamen

319 1450 527 1510 aetate
588 1445 798 1531 magis
859 1463 1180 1530 aucupans
1242 1442 1425 1507 dulce
1487 1464 1710 1509 earum
1765 1441 2162 1528 colloquium
2210 1449 2275 1509 et
2322 1449 2585 1509 cantum
2632 1450 2697 1510 et

318 1549 651 1616 convivale
695 1549 1011 1637 gaudium
1055 1570 1252 1634 quam
1299 1546 1729 1635 voluptatem.

413 1657 681 1721 Amores
740 1662 958 1722 autem
1017 1657 1113 1720 ita
1173 1675 1422 1740 semper
1467 1657 1697 1721 cecinit
1740 1662 1817 1720 ut
1861 1655 2147 1742 generali
2193 1659 2552 1722 carminum
2599 1678 2695 1723 co-

316 1762 454 1828 lore
499 1768 565 1829 et
609 1762 774 1827 fictis
821 1782 892 1827 ac
939 1763 1200 1827 variatis
1246 1762 1614 1827 nominibus
1653 1764 2040 1847 praeriperet
2075 1762 2419 1829 lectoribus
2455 1766 2697 1851 ignotis

317 1872 710 1935 occasionem
749 1870 1060 1933 curiosius
1099 1867 1578 1953 introspiciendi
1618 1888 1867 1934 amores
1891 1867 1997 1934 vel
2021 1889 2167 1933 suos
2189 1868 2295 1934 vel
2319 1872 2693 1935 amicorum.

411 1974 592 2057 Quod
637 1975 717 2041 ad
760 1974 1168 2063 singulorum
1205 1977 1563 2040 carminum
1602 1980 1889 2061 tempora
1927 1976 2159 2040 attinet
2176 2024 2193 2052 ,
2235 1974 2304 2041 id
2340 1978 2473 2041 iam
2510 1996 2697 2062 appa-

317 2084 454 2148 ruit
470 2132 488 2160 ,
549 2082 835 2148 ordinem
887 2080 1408 2169 chronolog-icum
1454 2102 1580 2147 non
1628 2080 1915 2145 multum
1961 2080 2206 2146 differre
2254 2102 2293 2145 a
2338 2084 2697 2147 carminum

320 2188 736 2275 dispositione
778 2190 847 2253 in
889 2187 1092 2253 libris.

409 2293 814 2359 Eroticorum
882 2296 1407 2379 antiquissimum
1475 2298 1574 2359 est
1643 2292 1902 2378 Epodns
1976 2291 2059 2357 12
2132 2314 2189 2357 a.
2255 2291 2342 2357 40
2412 2292 2516 2359 vel
2584 2291 2692 2358 39.

321 2399 627 2487 Sequitur
671 2400 790 2486 Ep.
845 2398 926 2463 15
975 2420 1031 2465 a.
1083 2398 1190 2477 39,
1239 2398 1384 2465 dein
1428 2398 1548 2485 Ep.
1605 2397 1681 2463 11
1736 2419 1793 2464 a.
1836 2397 1943 2463 36.
1992 2396 2301 2463 Omnium
2331 2403 2694 2483 postremus

319 2512 419 2573 est
487 2504 569 2569 14
633 2526 689 2571 a.
753 2507 882 2572 fere
945 2504 1052 2570 30.
1123 2504 1406 2570 Odarum
1463 2508 1908 2591 antiquissima
1953 2511 2051 2569 est
2095 2504 2128 2569 Ι
2178 2504 2217 2569 5
2265 2508 2429 2570 circa
2475 2526 2529 2570 a.
2583 2504 2690 2571 36.

317 2611 351 2677 Ι
409 2611 490 2677 11
565 2614 799 2699 scripta
865 2618 964 2677 est
1018 2613 1087 2676 in
1148 2610 1599 2677 florentissimo
1649 2608 1913 2677 Cinarae
1960 2630 2176 2675 amore
2194 2659 2213 2689 ,
2261 2609 2439 2675 nulla
2486 2610 2693 2675 adhuc

317 2721 676 2805 suspicione
737 2717 992 2783 turbato
1012 2766 1029 2794 ,
1075 2719 1240 2782 circa
1285 2738 1341 2781 a.
1394 2714 1502 2781 33.
1561 2715 1594 2780 Ι
1648 2715 1729 2781 13
1778 2722 1996 2781 exorto
2044 2715 2297 2782 aemulo
2345 2738 2402 2782 a.
2454 2716 2540 2782 32
2586 2716 2694 2783 vel

321 2824 428 2891 31.
494 2823 664 2889 Odae
721 2824 754 2889 Ι
821 2822 923 2901 17,
955 2822 1036 2888 19
1085 2829 1151 2889 et
1200 2820 1306 2901 30,
1357 2822 1466 2899 22,
1493 2821 1580 2887 23
1630 2821 2003 2909 (Tyndaris,
2054 2820 2359 2909 Glycera,
2411 2822 2691 2910 Lalage,

318 2929 566 3011 Chloe),
630 2950 1020 3016 quamquam
1067 2930 1256 2995 certis
1302 2931 1482 2993 annis
1529 2928 1833 2993 destinari
1878 2933 2201 3015 nequeunt
2218 2969 2254 3005 ,-
2284 2932 2430 3015 apte
2476 2935 2693 2994 tamen

315 3040 398 3103 iis
467 3036 930 3114 adscribuntur,
999 3035 1232 3121 quibus
1301 3038 1437 3100 erat
1503 3034 1668 3099 liber
1734 3055 1771 3098 a
1832 3032 2063 3101 Cinara
2123 3034 2395 3099 necdum
2441 3034 2693 3101 deditus

316 3142 640 3231 Myrtalae
710 3149 816 3223 (=
837 3142 1136 3228 Phrynae
1159 3166 1239 3192 =
1263 3140 1522 3227 Lycao),
1590 3143 1798 3227 igitur
1857 3161 1914 3205 a.
1964 3140 2094 3205 fere
2146 3139 2253 3217 31,
2303 3147 2417 3205 aut
2461 3142 2693 3227 quibus

317 3250 437 3315 hac
484 3256 692 3334 spreta
737 3254 850 3313 aut
893 3250 1027 3313 iam
1076 3247 1338 3311 dimissa
1386 3246 1735 3312 subsecivis
1780 3247 2104 3312 amoribus
2150 3268 2216 3311 se
2265 3246 2453 3313 dabat
2500 3268 2557 3313 a.
2604 3246 2691 3313 29

315 3354 424 3423 vel
469 3353 577 3420 28.
623 3353 657 3419 I
705 3352 790 3419 33
837 3359 1168 3419 cantatum
1212 3358 1310 3417 est
1359 3374 1415 3418 a.
1467 3353 1594 3419 fere
1644 3351 1753 3430 25,
1804 3355 1959 3417 satis
2006 3352 2117 3417 diu
2164 3359 2309 3437 post
2360 3352 2693 3419 dimissam

318 3459 666 3547 Myrtalen.

413 3565 558 3631 Non
603 3569 812 3653 magis
857 3568 1044 3631 certis
1089 3565 1486 3651 temporibus
1541 3564 1863 3652 adsignari
1913 3571 2179 3650 possunt
2227 3564 2483 3651 singula
2528 3586 2695 3631 amae-

321 3677 487 3739 toria
522 3672 672 3738 libri
709 3672 840 3749 HI;
887 3671 1306 3737 nihilominus
1322 3722 1338 3750 ,
1389 3678 1464 3736 ut
1510 3671 1809 3757 pleraque
1855 3672 2048 3737 huius
2094 3670 2246 3736 libri
2291 3672 2571 3736 carmina
2617 3672 2694 3737 de

321 3780 552 3866 quibus
613 3777 853 3865 aliquid
899 3777 1233 3845 adfirmare
1278 3778 1466 3855 licet,
1515 3776 1790 3843 incidere
1836 3777 2137 3843 videntur
2180 3778 2249 3842 in
2295 3797 2349 3841 a.
2400 3775 2691 3856 29—24,

321 3890 368 3953 i.
394 3908 449 3951 e.
510 3887 581 3950 in
641 3882 807 3949 illud
866 3890 1122 3969 tempus
1140 3933 1157 3961 ,
1210 3906 1358 3951 cum
1404 3887 1537 3949 iam
1597 3886 1849 3969 parcius
1907 3890 1973 3948 et
2019 3882 2317 3969 frigidius
2365 3886 2581 3968 poesin
2630 3888 2695 3949 et

321 3995 546 4079 praxin
594 3994 897 4069 eroticam
943 3997 1277 4057 exerceret.

413 4096 488 4163 In
546 4097 592 4162 1.
655 4095 742 4161 IV
805 4099 1088 4161 carmina
1157 4095 1235 4160 11
1302 4099 1367 4160 et
1435 4094 1516 4160 13
1566 4097 1915 4180 composita
1964 4094 2265 4160 videntur
2310 4093 2502 4180 paulo
2550 4100 2695 4161 ante

321 4205 929 4291 quinquagesimum
974 4207 1198 4288 poetae
1245 4221 1484 4266 annum
1502 4250 1519 4278 ,
1569 4222 1762 4287 quem
1802 4200 2033 4266 diserte
2070 4200 2378 4266 indicavit
2413 4202 2479 4265 in
2518 4198 2604 4265 IV
2634 4201 2691 4266 1.

409 4310 612 4375 Probe
672 4308 838 4373 mihi
885 4309 1169 4373 conscius
1217 4328 1363 4372 sum
1384 4356 1403 4386 ,
1454 4310 1669 4372 omnia
1707 4327 1781 4372 ea
1828 4327 1988 4392 quae
2033 4308 2218 4391 posui
2264 4326 2390 4370 non
2436 4308 2558 4370 niti
2606 4305 2696 4370 di-

321 4418 508 4485 sertis
579 4416 964 4483 testimoniis
981 4464 997 4497 ,
1087 4414 1197 4485 sed
1267 4414 1517 4481 indiciis
1587 4419 1653 4481 et
1722 4412 2144 4505 positionibus
2214 4432 2693 4500 nonnumquam
