3192 5009
565 320 696 386 264
1329 341 1412 388 nn
1457 339 1769 390 Ams'rmn
1816 339 2141 391 emerem.

559 509 806 569 nostrae
852 504 1195 569 editionem
1241 507 1595 591 principem
1646 506 1935 572 editurus
1973 510 2105 573 iam
2140 510 2209 571 in
2250 509 2503 573 Aristea
2540 507 2765 572 Latine
2802 527 2939 572 ver-

559 611 747 675 tendo
807 617 1185 689 versaretur,
1253 615 1717 677 transmittitur
1780 616 1839 678 ei
1901 617 2225 679 conversio
2246 663 2261 692 ‚
2326 634 2523 699 quam
2571 611 2903 680 Garbitius
2922 661 2939 688 ‚

558 717 750 802 paulo
813 724 958 782 ante
1012 721 1149 782 vita
1197 717 1532 783 defunctus
1551 767 1567 796 ‚
1620 727 1971 784 curaverat.
2046 719 2311 806 „Itaque
2356 718 2544 806 ego”,
2596 717 2943 784 Schardius

558 827 767 910 inquit
784 873 800 901 ‚
857 823 1167 901 „libenter
1212 825 1279 888 id
1327 826 1624 891 manibus
1672 827 1953 892 defuncti
1994 829 2303 904 concessi,
2344 832 2421 891 ut
2460 826 2672 891 debita
2708 824 2945 889 laboris

556 931 849 996 exhausti
891 929 1079 996 laude
1127 931 1444 996 frueretur
1489 953 1687 1018 eaque
1736 935 2059 998 conversio
2108 952 2287 997 meae
2334 931 2793 1016 praeferretur:
2844 933 2940 993 ita

558 1043 772 1102 tamen
833 1045 908 1100 ut
967 1037 1047 1101 ad
1107 1058 1328 1102 meum
1393 1038 1741 1124 exemplar,
1793 1038 1958 1124 quod
2006 1044 2069 1102 et
2116 1040 2433 1124 integ-rius
2480 1045 2547 1102 et
2592 1038 2943 1102 correctius

558 1144 878 1229 plerisque
937 1145 1006 1207 in
1051 1143 1206 1208 locis
1251 1149 1418 1220 erat,
1468 1151 1684 1208 textus
1731 1145 2016 1210 Aristeae
2064 1140 2345 1210 Graecus
2390 1141 2941 1228 imprimeretur''.

562 1247 824 1315 Constat
881 1251 1098 1334 itaque
1161 1248 1363 1313 alium
1426 1270 1622 1334 quam
1673 1248 1971 1314 Schardio
2017 1249 2299 1315 codicem
2345 1247 2636 1316 Garbitio
2682 1251 2939 1334 praesto

561 1356 776 1419 fuisse.
827 1355 950 1434 Qui
983 1354 1135 1420 licet
1181 1375 1383 1441 saepe,
1425 1355 1536 1419 ubi
1579 1355 1939 1420 obscuriora
1978 1362 2128 1419 sunt
2166 1357 2451 1421 Aristeae
2489 1355 2711 1431 verba,
2739 1355 2947 1418 nimia

562 1483 716 1527 usus
763 1464 848 1525 sit
891 1460 1184 1526 libertate
1229 1463 1297 1525 in
1345 1461 1648 1526 vertendo
1666 1511 1681 1540 ‚
1733 1461 1903 1525 haud
1952 1483 2079 1526 uno
2125 1467 2340 1526 tamen
2385 1461 2521 1527 loco
2566 1463 2661 1526 ita
2708 1463 2948 1544 episto-

551 1566 686 1632 lam
733 1569 964 1644 vertit,
1011 1573 1085 1631 ut
1132 1587 1282 1631 eum
1323 1565 1480 1631 alios
1521 1587 1717 1651 quam
1757 1587 1915 1652 quos
1953 1569 2251 1632 novimus
2290 1567 2533 1633 codices
2572 1566 2945 1631 adhibuisse

553 1679 848 1760 apertum
892 1674 996 1737 sit.
1043 1672 1106 1737 Is
1153 1693 1304 1738 vero
1350 1672 1562 1737 favere
1609 1672 1865 1738 videtur
1912 1675 2308 1739 coniecturae
2354 1694 2551 1758 quam
2598 1675 2946 1758 proposui;

553 1782 750 1844 vertit
820 1781 994 1844 enim
1050 1778 1298 1844 locum:
1367 1773 1508 1856 „Ita
1570 1782 1743 1843 enim
1802 1780 2182 1845 informatur
2244 1781 2495 1844 animus
2556 1779 2638 1843 ad
2698 1799 2945 1864 purum

550 1887 846 1951 habitum
865 1934 881 1962 ,
953 1907 1102 1950 cum
1160 1884 1408 1970 colligit
1472 1887 1741 1969 optima,
1806 1890 1870 1950 et
1928 1889 1997 1950 in
2057 1889 2361 1971 pietatem
2383 1934 2399 1962 ,
2459 1906 2597 1951 rem
2644 1887 2949 1950 omnium

551 1993 1165 2077 praestantissimam
1181 2039 1198 2068 ,
1260 1993 1546 2055 intentus
1565 2040 1580 2066 ,
1646 2011 1719 2056 ea
1776 1998 1852 2055 ut
1914 1991 2139 2077 regula
2185 1991 2422 2055 minime
2452 1991 2697 2076 fallam
2742 1989 2951 2053 utitur

553 2097 622 2160 in
669 2097 940 2161 consiliu
985 2103 1042 2160 et
1087 2096 1418 2160 actionibus
1457 2097 1927 2177 yubernandis”.

645 2203 978 2288 Sequitur:
1029 2207 1151 2282 (vs,
1200 2201 1307 2283 11)
1360 2207 1701 2283 ,,”Εχοντες
1758 2204 1932 2277 ἡμεῖς
1982 2203 2123 2281 πρὸς
2174 2204 2241 2267 τὸ
2292 2187 2617 2280 περιέργως
2667 2203 2755 2266 τὰ
2801 2202 2945 2266 θεῖα

555 2316 896 2385 κατανοεῖν,
939 2307 1191 2378 ἑαυτοὺς
1232 2309 1629 2380 ἐπεδώκαμεν
1667 2311 1749 2378 εἷς
1794 2309 1895 2374 τὸν
1920 2309 2333 2387 προειρημένον
2360 2309 2546 2386 ἄνδρα
2572 2309 2945 2388 πρεσβείαν,

557 2417 996 2494 καλοκαγαθίᾳ
1045 2413 1148 2476 καὶ
1198 2411 1338 2494 δόξῃ
1391 2416 1903 2492 προτετιμημένον
1954 2415 2070 2478 ὑπό
2103 2439 2171 2479 τε
2213 2417 2327 2478 τῶν
2364 2423 2628 2479 πολιτῶν
2670 2415 2773 2476 καὶ
2815 2423 2945 2478 τῶν

555 2518 785 2596 ἄλλων,
828 2520 930 2582 καὶ
977 2519 1430 2594 κατεκτημένον
1469 2521 1777 2596 μεγίστην
1819 2522 2123 2597 ὠφέλειαν
2166 2529 2292 2591 τοῖς
2318 2520 2427 2584 σὺν
2452 2522 2647 2600 ἑαυτῷ
2677 2521 2943 2590 καὶτοῖς

555 2625 724 2706 κατρὶ
788 2625 926 2695 τοὺς
989 2622 1212 2691 ἄλλους
1267 2625 1486 2694 τόπους
1539 2627 1859 2700 πολίταις,
1911 2627 2053 2703 πρὸς
2102 2627 2211 2696 την
2260 2627 2575 2702 ἑρμηνείαν
2622 2631 2727 2690 τοῦ
2777 2628 2939 2690 θείου

555 2729 757 2808 νόμου,
805 2731 906 2794 διὰ
954 2732 1023 2793 τὸ
1073 2727 1438 2808 γεγράφθαι
1488 2734 1631 2808 παρ’
1683 2732 1889 2801 αὐτοῖς
1936 2733 1995 2793 ἕν
2036 2731 2342 2812 διφθέραις
2384 2732 2687 2812 ἑβραῒκοῖς
2728 2734 2947 2810 γράμ-

551 2860 762 2912 μασιν.
814 2827 880 2909 ἣν
927 2837 996 2910 δη
1046 2837 1150 2900 καὶ
1203 2837 1599 2910 ἐποιησάμεθ’
1653 2840 1826 2911 ἡμεῖς
1878 2836 2145 2915 σπουδῇ,
2196 2838 2503 2916 λαβόντες
2545 2839 2745 2915 καιρὸν
2786 2841 2941 2916 πρὸς

552 2942 652 3009 τὸν
700 2942 978 3018 βασιλέα
1031 2941 1162 3019 περὶ
1213 2949 1328 3006 τῶν
1367 2944 1861 3016 μετοικισθέντων
1904 2945 1989 3014 εἷς
2038 2943 2353 3020 Αἴγυπτον
2398 2946 2465 3008 ἐκ
2491 2951 2599 3015 τῆς
2629 2943 2941 3014 Ἰουδαίας

554 3048 667 3115 ὑπὸ
729 3052 834 3112 τοῦ
901 3047 1128 3125 πατρὸς
1196 3053 1300 3111 τοῦ
1365 3049 1713 3126 βασιλέως,
1766 3047 2008 3129 πρώτως
2060 3049 2430 3124 κεκτημένου
2479 3053 2588 3124 τὴν
2633 3074 2704 3114 τε
2752 3050 2943 3112 πόλιν

556 3156 658 3221 καὶ
710 3155 794 3219 τὰ
841 3154 1013 3217 κατὰ
1061 3155 1169 3226 την
1221 3153 1537 3229 Αἴγυπτον
1587 3155 2059 3233 παρειληφότος.

637 3259 852 3336 ’Λξιόν
903 3262 1030 3324 ἐστι
1084 3261 1186 3322 καὶ
1227 3260 1446 3323 ,ταῦτα’
1492 3284 1584 3336 σοι
1637 3259 1931 3332 δηλῶσαι.

645 3367 719 3432 In
789 3369 1012 3452 primis
1073 3365 1284 3431 verbis
1348 3367 1502 3451 quid
1563 3370 1648 3431 sit
1711 3369 1925 3448 ,,ἓχειν
1978 3371 2118 3449 πρὸς
2168 3367 2237 3431 τὸ
2286 3369 2609 3448 περιέργως
2660 3367 2743 3432 τοὶ
2793 3371 2933 3432 θεῖα

555 3473 919 3538 κατανοεῖν”
983 3473 1220 3537 frustra
1282 3493 1532 3557 quaero.
1595 3473 1764 3538 Nam
1810 3474 1996 3539 video
2046 3472 2479 3539 Schmidtium
2523 3476 2933 3560 interpretari

559 3581 951 3660 ,,πεφυκότες
1014 3578 1224 3658 πρός”,
1290 3578 1458 3659 ἔχειν
1520 3600 1673 3644 vero
1736 3579 1910 3645 idem
1975 3579 2145 3665 quod
2193 3579 2535 3660 πεφυκέναι
2586 3603 2712 3646 non
2754 3579 2935 3646 valet

554 3691 680 3753 nisi
717 3686 1012 3752 adverbio
1059 3684 1292 3750 addito.
1341 3683 1562 3772 Neque
1608 3691 1765 3772 puto
1810 3685 2024 3752 locum
2072 3685 2321 3752 defendi
2369 3707 2551 3771 posse
2598 3707 2672 3752 eo
2690 3735 2707 3765 ,
2756 3687 2929 3772 quod

553 3797 687 3859 iam
733 3791 903 3878 apud
949 3793 1242 3877 antiquos
1291 3789 1458 3871 ἔχειν
1503 3794 1684 3872 ἀμφί
1730 3815 1786 3856 τι
1836 3792 1940 3857 vel
1991 3794 2128 3871 περί
2172 3816 2232 3856 τι
2282 3792 2503 3858 eodem
2542 3813 2730 3858 sensu
2766 3793 2933 3858 dica—

556 3906 663 3965 tur
709 3920 833 3985 quo
880 3894 1033 3962 εἶναι
1081 3899 1257 3976 ἀμφί
1303 3921 1384 3961 τι.
1445 3897 1615 3962 Nam
1664 3899 1815 3983 quid
1865 3905 1959 3963 est
2006 3906 2219 3964 nostro
2270 3898 2408 3964 loco
2457 3898 2619 3970 ὄντες
2670 3899 2811 3979 πρὸς
2860 3901 2933 3965 τὸ

555 4001 920 4072 κατανοεῖνῗ
984 4002 1258 4069 Omnino
1317 4007 1523 4091 igitur
1585 4006 2045 4090 transponenda
2109 4005 2408 4070 videntur
2472 4025 2546 4070 ea
2607 4005 2797 4071 verba
2863 4011 2931 4070 et

553 4110 901 4198 legendum
968 4107 1256 4190 »ἔχοντες
1328 4113 1504 4184 ἡμεῖς
1554 4109 1879 4189 περιέργως
1929 4111 2071 4188 πρὸς
2118 4111 2187 4173 τὸ
2237 4111 2321 4175 τα
2384 4112 2519 4175 θεῖα
2565 4111 2931 4174 κατανοεῐν”

555 4239 704 4284 nam
753 4217 918 4297 ἔχειν
969 4237 1116 4282 cum
1163 4217 1460 4282 adverbio
1509 4219 1922 4282 coniunctum
1966 4219 2035 4280 in
2080 4216 2321 4282 deliciis
2370 4221 2467 4282 est
2514 4219 2818 4282 Aristeae.

650 4322 924 4391 Gravius
971 4343 1123 4387 vero
1173 4331 1506 4409 peccatum
1555 4329 1651 4388 est
1694 4325 1763 4388 in
1808 4325 1887 4387 iis
1935 4324 2145 4390 verbis
2191 4345 2349 4411 quae
2396 4345 2491 4389 vs.
2540 4319 2621 4389 17
2660 4342 2935 4408 sequun—

556 4438 697 4498 tur:
768 4423 877 4508 υἣν
937 4429 1006 4502 δὴ
1072 4430 1175 4493 καὶ
1229 4429 1626 4505 ἐποιησάμεθ’
1680 4431 1853 4508 ἡμεῖς
1905 4431 2137 4512 σπουδῇ·
2185 4431 2403 4496 κ.τ.ἑ.”
2474 4429 2694 4496 Solent
2736 4431 2933 4496 inter·-
