3192 5009
521 332 607 402 34
1533 346 1871 401 somnus.

513 523 863 587 honoratus
934 525 1000 587 et
1072 522 1374 607 egregius
1407 520 1474 600 ¹).
1547 518 1774 605 Itaque
1833 524 2182 606 utrumque
2246 498 2499 585 carmen
2545 540 2671 583 non
2715 537 2896 583 mera

513 630 797 693 continet
859 628 1107 692 somnia
1152 631 1218 692 et
1265 624 1603 691 simulatos
1652 632 1843 713 atque
1885 628 2299 712 imaginarios
2344 627 2547 690 animi
2593 624 2851 690 affectus
2873 671 2892 701 ,

513 735 625 801 sed
684 736 990 821 exprimit
1034 732 1137 810 id,
1189 754 1313 818 quo
1359 735 1525 797 circa
1570 731 1766 797 finem
1812 736 2021 797 octavi
2066 731 2258 797 lustri
2304 734 2371 797 et
2414 733 2613 796 etiam
2659 729 2894 795 decimi

511 839 715 904 adhuc
761 839 1125 926 agitabatur
1170 840 1424 902 animus
1469 844 1715 923 poetae.
1764 835 2053 923 Impetus
2102 842 2356 902 tantum
2402 839 2637 902 amoris
2684 841 2750 901 et
2786 855 2892 900 ve-

505 945 834 1031 hementia
875 942 1162 1008 multum
1209 942 1485 1007 distabat
1529 943 1610 1008 ab
1654 942 1766 1008 illo
1812 948 2099 1028 tempore
2114 990 2132 1020 ,
2181 962 2307 1028 quo
2344 944 2601 1028 scripsit
2635 960 2893 1007 carmen

509 1050 542 1115 I
591 1048 696 1128 19,
767 1048 976 1114 simile
1045 1047 1514 1135 quodammodo
1584 1048 1739 1113 odae
1801 1046 1896 1111 ΠΙ
1940 1046 2048 1125 26,
2104 1068 2256 1113 cum
2298 1050 2431 1113 iam
2478 1047 2768 1112 finitis
2813 1050 2893 1110 ut

509 1157 804 1243 sperabat
870 1156 1300 1221 amoribus
1369 1158 1662 1221 animum
1724 1154 1983 1221 reddere
2044 1158 2256 1242 coegit
2310 1162 2573 1221 mater
2641 1173 2893 1220 saeva

510 1259 1058 1349 Cupidinum,
1109 1266 1243 1326 tota
1288 1281 1478 1326 ruens
1523 1263 1592 1325 in
1640 1282 1811 1351 eum.

599 1366 946 1433 Reservavi
985 1368 1316 1453 bucusque
1354 1388 1612 1433 carmen
1652 1365 1750 1431 ΙΙΙ
1796 1365 1901 1441 11,
1941 1386 2069 1431 una
2104 1367 2510 1433 tractandum
2546 1387 2696 1432 cum
2720 1387 2773 1431 c.
2800 1362 2887 1430 27

508 1480 768 1561 propter
811 1472 1306 1539 similitudinem
1353 1476 1711 1538 structurae
1729 1520 1745 1551 ,
1797 1492 1958 1558 quae
1994 1472 2141 1537 inde
2174 1492 2212 1537 a
2245 1471 2692 1557 Peerlkampio
2725 1469 2892 1535 'mul-

508 1582 594 1645 tis
641 1578 1234 1665 reprehensionibus
1279 1577 1406 1643 fuit
1455 1578 1748 1643 obnoxia.

597 1685 672 1750 In
717 1684 812 1749 III
862 1684 940 1749 11
994 1688 1232 1750 invitat
1275 1683 1490 1771 lyram
1529 1690 1605 1749 ut
1644 1684 1810 1750 dicat
1851 1684 2096 1763 modos,
2146 1684 2371 1773 Lyde
2415 1685 2719 1771 quibus
2767 1683 2891 1749 ob-

511 1794 879 1857 stinatas
951 1790 1329 1877 adplicet
1391 1792 1658 1867 auris,
1722 1795 1789 1855 et
1832 1796 2049 1855 narrat
2094 1789 2377 1856 fabulam
2422 1791 2499 1856 de
2544 1788 2777 1855 scelere
2824 1794 2890 1854 et

510 1918 712 1983 poena
773 1896 1136 1962 Danaidum
1156 1944 1171 1973 ‚
1233 1916 1394 1981 quae
1455 1898 1691 1983 impiae
1748 1916 2010 1982 sponsos
2059 1896 2217 1961 duro
2263 1895 2429 1962 ferro
2477 1895 2889 1981 perdiderunt

510 2010 759 2089 praeter
814 2024 1013 2069 unam
1061 2001 1384 2089 splendide
1431 2003 1803 2068 mendaeem
1848 2008 1913 2067 et
1958 2005 2025 2066 in
2074 2023 2260 2068 omne
2306 2024 2541 2069 aevum
2586 2000 2887 2068 nobilem.

600 2109 673 2174 In
742 2108 837 2173 111
881 2105 989 2187 2¹7,
1058 2108 1346 2173 multum
1413 2108 1703 2173 diversus
1772 2108 1847 2173 ab
1912 2106 2027 2173 illo
2092 2130 2283 2193 quem
2346 2128 2539 2195 supra
2582 2107 2889 2194 perfidam

507 2214 794 2302 puellam
838 2216 1286 2301 obiurgantem
1331 2214 1730 2292 audivimus,
1779 2213 2002 2279 eadem
2043 2217 2539 2300 aequanimitate
2577 2236 2703 2301 qua
2738 2213 2891 2278 Pro-

507 2324 752 2408 pertius
797 2323 866 2385 in
911 2319 944 2384 I
990 2319 1032 2385 8
1080 2318 1224 2385 vale
1271 2321 1426 2385 dicit
1473 2317 1882 2387 Galateae
1927 2341 2041 2406 per
2084 2340 2260 2386 mare
2298 2323 2423 2386 iter
2458 2320 2885 2408 ingredienti,

509 2435 584 2493 ut
645 2426 829 2491 adeat
885 2428 1197 2491 nimirum
1256 2432 1608 2491 amatorem
1670 2426 1794 2491 sibi
1846 2429 2057 2514 mag-is
2106 2433 2471 2514 acceptum:
2523 2426 2648 2492 Sis
2692 2424 2890 2491 licet

509 2531 706 2597 felix
774 2532 1251 2618 ubicumque
1319 2535 1603 2609 mavis,
1676 2533 2137 2619 subiungitque
2220 2533 2507 2599 fabulam
2590 2532 2888 2619 Europae

511 2646 761 2725 patrem
798 2638 1198 2724 patriamque
1237 2636 1581 2703 deserentis
1596 2686 1615 2716 ,
1656 2645 1997 2725 postquam
2041 2642 2308 2705 niveum
2354 2640 2571 2705 doloso
2616 2638 2891 2705 credidit

508 2750 694 2809 tauro
739 2742 931 2807 latus.

596 2847 1144 2935 Kiesslingius
1187 2854 1374 2935 putat
1419 2850 1487 2913 in
1533 2854 1806 2935 utroque
1854 2853 2134 2916 carmine
2170 2852 2439 2917 Horatio
2474 2852 2671 2917 fuisse
2704 2872 2883 2937 praer

507 2958 771 3044 cipuum
789 3004 806 3032 ,
871 2960 948 3019 ut
999 2960 1284 3021 narraret
1326 2953 1610 3021 fabulam
1656 2977 1933 3043 eumque
1979 2960 2381 3043 praemisisse
2424 2958 2601 3024 fictas
2646 2958 2889 3044 praefa-

505 3059 828 3126 tiunculas
845 3108 862 3137 ,
909 3060 1012 3125 his
1059 3060 1136 3126 de
1181 3062 1422 3126 causis:
1473 3061 1615 3139 „Da
1661 3062 1763 3129 die
1808 3063 1999 3129 Form
2046 3064 2156 3129 des
2189 3063 2418 3130 Liedes
2453 3068 2634 3131 einen
2672 3063 2885 3129 Horer

510 3167 685 3247 „und
741 3165 1202 3232 individuellen
1247 3166 1476 3233 Anlass
1523 3169 1774 3235 heischt
1792 3218 1810 3248 ,
1860 3192 1930 3236 so
1975 3170 2239 3236 erfindet
2285 3171 2395 3237 der
2438 3171 2701 3237 Dichter
2746 3169 2885 3237 sich

510 3274 653 3351 „die
699 3272 902 3357 Figur
945 3272 1054 3336 des
1101 3273 1367 3357 sproden
1410 3275 1573 3339 noch
1613 3275 2021 3363 unbandigen
2058 3276 2405 3344 Madchens
2444 3277 2696 3365 (Lyde),
2735 3277 2879 3343 dem

510 3378 654 3458 „die
725 3376 892 3463 Saga
962 3376 1054 3442 als
1124 3378 1487 3445 warnendes
1555 3380 1833 3468 Beispiel
1851 3430 1867 3460 ,
1938 3383 2155 3449 wohin
2215 3383 2317 3449 die
2378 3381 2604 3450 Frevel
2670 3404 2886 3470 gegen

575 3728 629 3793 1)
661 3728 1586 3797 Minusiusteigiturliienlingiua
1614 3734 1763 3784 ad1v
1789 3736 1953 3786 1:111
1985 3736 2091 3785 der
2114 3744 2325 3787 ersten
2354 3736 2883 3802 Odenummlung

505 3810 615 3860 hat
667 3812 734 3862 11.
781 3812 878 3861 dic
928 3811 1359 3863 Knabenliebe
1405 3815 1582 3867 nicht
1626 3815 1972 3868 behandelt
2145 3818 2315 3869 dicae
2358 3819 2561 3870 Liicke
2721 3819 2881 3870 tunt

509 3908 571 3949 er
597 3892 765 3957 jetzt
799 3894 1250 3960 nachtrflglich
1284 3912 1404 3946 aus.
1442 3898 1542 3946 Nec
1575 3897 1683 3947 ideo
1718 3899 1833 3949 haec
1867 3900 2085 3967 scripsit,
2123 3905 2178 3951 ut
2214 3901 2422 3967 expleret
2458 3902 2675 3953 lacunam
2710 3902 2761 3952 in
2794 3916 2883 3953 una

505 3975 770 4040 lyricorum
820 3978 1114 4027 Graecorum
1159 3976 1456 4033 imitatione.
1501 3979 1583 4028 sed
1629 3982 1743 4045 quia
1788 3996 1954 4031 revera
1998 3980 2180 4032 calebat
2211 3982 2373 4048 aliquo
2406 3999 2581 4049 puero;
2619 3999 2879 4050 puerorum

503 4058 628 4107 enim
681 4074 815 4107 amor
866 4060 1093 4109 Romanis
1144 4075 1333 4125 quoqne
1385 4065 1499 4110 tunc
1555 4062 1759 4113 usitatus
1808 4066 1925 4113 crat.
1982 4064 2093 4113 Non
2144 4068 2303 4114 umen
2355 4080 2537 4115 necesse
2586 4069 2658 4115 est
2705 4070 2759 4115 ut
2801 4080 2881 4114 co-

503 4138 709 4204 gitemus
753 4141 810 4189 de
857 4140 1084 4191 obscoeno
1129 4156 1316 4208 semper
1356 4158 1535 4193 amore.
1591 4144 1650 4194 G.
1698 4145 2011 4196 Gebhardi
2054 4146 2105 4195 in
2160 4146 2515 4208 elegantis-imo
2565 4147 2715 4198 libro=
2764 4147 2877 4197 lein

504 4223 766 4272 nuthet.
819 4223 1218 4273 Kommentn
1257 4238 1326 4275 zu
1371 4226 1484 4275 den
1518 4225 1629 4289 lyr.
1670 4226 2019 4277 Gedichten
2054 4229 2155 4278 des
2194 4230 2425 4289 Horu,
2470 4231 2594 4279 188⁵
2630 4230 2783 4289 edito.
2816 4230 2879 4279 ad

501 4303 574 4353 lv
611 4304 674 4353 10
719 4304 835 4353 scite
878 4304 1147 4355 adnotavita
1205 4304 1327 4355 ‚Um
1373 4306 1450 4356 ein
1501 4307 1833 4359 Ver-staminia
1866 4310 1946 4359 fiir
1980 4309 2104 4359 disse
2140 4310 2363 4376 Neigung
2394 4326 2451 4360 zu
2484 4311 2745 4376 gewinnen.
2782 4310 2879 4360 lese

503 4400 612 4436 man
648 4387 759 4435 den
793 4386 1286 4437 Schenkenbucb
1320 4388 1382 4437 in
1421 4388 1701 4440 Goetbe's
1741 4390 2075 4443 west-esth
2116 4390 2365 4453 Divan”;
2406 4408 2525 4457 quac
2558 4396 2773 4459 poemata
2805 4391 2879 4443 in-

500 4468 706 4535 spexisse
737 4468 966 4519 lectorem
1001 4468 1195 4519 iuverit.
