3192 5009
469 341 600 409 292
1261 362 1573 411 cannam
1597 381 1683 393 —
1710 361 2042 411 aunum.

466 527 668 593 Iulius
732 526 944 596 Cornu
963 577 978 598 .
1042 529 1142 592 die
1191 529 1666 611 portayiesiaeehe
1728 528 1987 612 Spraclae
2048 531 2115 593 in
2188 527 2460 591 Grb'ber’e
2515 527 2845 590 &andriae

465 637 572 698 der
631 635 1039 698 romanischen
1085 634 1426 716 Philoloqie
1477 634 1533 711 l,
1564 631 1717 712 766,
1766 642 1955 720 atque
2001 637 2071 698 in
2115 636 2341 720 primis
2390 655 2541 699 cum
2585 635 2843 699 nomine

462 745 600 828 ipso
664 742 958 822 Portuqal
1015 741 1316 806 hodierno
1337 790 1352 818 ,
1418 741 1703 806 derivato
1724 789 1741 816 ,
1790 747 1865 804 ut
1911 747 2140 805 notum
2188 747 2317 817 est,
2366 760 2403 803 a
2442 740 2633 804 Portu
2680 739 2841 802 Cale.

463 847 626 915 Cum
691 853 910 912 autem
969 851 1036 912 in
1098 847 1325 912 multis
1387 846 1717 912 vocabulis
1777 846 2026 912 Latinis
2089 846 2256 910 nond
2264 867 2372 910 um
2438 845 2843 931 exploratum

460 957 544 1019 sit
591 975 715 1039 quo
764 961 1048 1040 tempore
1095 961 1340 1019 vestem
1387 960 1464 1019 ut
1507 956 1602 1018 ita
1651 954 1858 1019 dicam
1906 953 2260 1019 Romanam
2306 952 2667 1029 induerint,
2720 973 2847 1016 non

458 1058 686 1125 inutile
732 1063 852 1124 erit
899 1059 1195 1124 adnotare
1244 1060 1435 1123 Portu
1490 1060 1633 1123 Cale
1679 1060 1755 1123 ab
1803 1058 2092 1144 Hydatio
2138 1080 2200 1143 p.
2232 1057 2317 1123 34
2368 1057 2563 1122 Sirm.
2609 1078 2847 1122 memo-

459 1171 670 1230 ratum
737 1170 829 1244 (et
873 1187 934 1251 p.
984 1163 1089 1230 37.
1145 1163 1256 1246 38)
1319 1167 1386 1228 in
1445 1164 1676 1230 Isidori
1736 1166 1885 1229 hist.
1938 1162 2331 1232 Gotthorum
2380 1185 2432 1230 c.
2489 1162 2573 1228 18
2622 1163 2843 1228 eodem

463 1271 652 1336 modo
689 1272 913 1349 scribi,
955 1271 1124 1356 apud
1165 1270 1625 1357 Fredegarium
1663 1293 1813 1336 vero
1854 1292 2047 1356 quem
2086 1277 2319 1336 vocant
2357 1267 2845 1346 Scholasticum,

465 1380 576 1463 qui
612 1377 840 1442 itidem
873 1377 1240 1463 Hydatium
1279 1380 1613 1462 exscripsit
1652 1383 1730 1457 (c.
1776 1398 1831 1441 a.
1875 1375 2053 1460 660),
2093 1380 2227 1442 iam
2268 1377 2488 1442 audire
2522 1375 2847 1457 Portuqale

468 1483 558 1564 (2,
609 1482 720 1562 54)
752 1481 819 1564 ¹).

560 1587 860 1656 Ceterum
933 1589 1196 1653 Callaeci
1269 1609 1393 1654 non
1471 1585 1727 1655 tantum
1801 1590 2074 1654 Gallaeci
2136 1589 2247 1655 sed
2319 1593 2517 1654 etiam
2596 1587 2855 1652 Callaici

469 1717 506 1761 a
587 1696 816 1760 multis
899 1698 1060 1761 viris
1139 1696 1342 1761 doctis
1414 1703 1479 1762 et
1547 1695 1705 1761 olim
1777 1702 1842 1761 et
1913 1696 2099 1762 hodie
2170 1697 2477 1782 appellari
2543 1694 2748 1761 solent
2774 1691 2850 1773 ⁹).

475 1802 776 1866 Callaicus
849 1801 1238 1868 adiectivum
1316 1808 1414 1868 est
1493 1823 1530 1867 a
1599 1803 1911 1866 canaam
1972 1802 2354 1868 derivatum.
2427 1800 2586 1866 Vide
2658 1821 2853 1885 supra

467 1911 570 1971 tit.
656 1904 844 1973 Clun.
925 1909 987 1985 2,
1017 1905 1228 1986 2776;
1308 1906 1494 1973 Ovid.
1576 1909 1747 1974 Fast.
1832 1909 1893 1987 6,
1921 1908 2089 1987 461;
2172 1907 2288 1973 Sil.
2364 1908 2507 1974 Ital.
2608 1907 2853 1986 decies;

468 2012 634 2077 Plin.
689 2011 752 2090 8,
783 2013 945 2092 1163
1023 2013 1344 2080 Martialis
1412 2017 1750 2102 quinquies
1810 2015 1901 2096 (4,
1930 2013 2037 2092 39,
2068 2011 2106 2081 7
2171 2017 2241 2079 in
2301 2035 2495 2079 versu
2554 2013 2858 2080 hendeca-

472 2118 769 2206 syllabo).
836 2119 1018 2185 Unde
1079 2127 1341 2207 apparet
1398 2124 1468 2186 in
1529 2142 1721 2186 versu
1784 2141 1977 2207 supra
2036 2121 2295 2186 laudato
2344 2117 2555 2186 Gratii
2602 2117 2851 2206 Cyneg.

475 2224 605 2290 514
668 2246 782 2311 pro
837 2225 1129 2290 Callaecis
1175 2226 1641 2291 restituendum
1688 2248 1823 2292 esse
1876 2227 2183 2290 Callaicis.
2235 2224 2472 2294 Contra
2518 2246 2851 2311 nunquam

471 2332 581 2396 ubi
649 2329 872 2417 populi
930 2335 1174 2396 mentio
1236 2331 1309 2395 fit
1369 2332 1670 2397 scribitur
1740 2332 2017 2397 Callaici.
2088 2331 2258 2396 Nam
2318 2352 2529 2397 errore
2592 2330 2855 2396 Henzen

471 2436 624 2515 (Ins.
673 2443 763 2500 n0.
817 2435 1020 2518 5430)
1079 2440 1150 2502 in
1197 2438 1545 2523 diplomate
1592 2438 1863 2503 militari
1909 2444 2001 2503 n0.
2054 2437 2137 2503 12
2185 2441 2576 2504 extrinsecus
2632 2423 2857 2500 Gallai-

471 2565 667 2606 0orum
709 2545 884 2608 intus
939 2545 1340 2608 calamorum
1371 2547 1649 2609 incisum
1688 2565 1826 2610 esse
1863 2544 2024 2610 olim
2062 2543 2473 2609 adnotaverat
2512 2547 2578 2608 et
2611 2541 2857 2629 legitur

471 2649 730 2736 quidem
775 2652 843 2714 in
891 2650 1187 2716 omnibus
1232 2650 1556 2716 Strabonis
1603 2649 1935 2716 Plutarchi
1983 2652 2259 2738 Appiani
2314 2649 2665 2717 Ptolemaei
2727 2647 2858 2714 edi-

469 2756 750 2820 tionibus
819 2756 927 2820 vel
997 2759 1446 2822 recentissimis
1511 2755 1863 2823 Καλλαῒκοί
1924 2777 2036 2822 nec
2108 2763 2323 2822 tamen
2389 2756 2659 2822 dubium
2719 2776 2857 2821 esse

470 2865 680 2946 potest
726 2863 882 2946 quin
927 2865 996 2926 in
1042 2864 1391 2926 Καλλαικοί
1436 2863 1825 2928 mutandum
1874 2855 1979 2927 sit'.

564 2966 784 3033 Unum
830 2976 925 3034 est
972 2967 1139 3054 quod
1179 2968 1426 3034 addam.
1477 2967 2021 3057 cognomentum,
2066 2990 2189 3054 quo
2231 2967 2308 3033 D.
2351 2967 2575 3033 Iunius
2613 2967 2861 3032 Brutus

472 3072 816 3138 honoratus
878 3079 1009 3150 est,
1081 3073 1382 3137 Callaicae
1443 3084 1540 3140 est
1559 3125 1574 3153 ,
1640 3096 1789 3139 nam
1846 3072 2285 3141 Callaecorum
2333 3079 2431 3139 est
2476 3076 2681 3138 victor
2726 3095 2859 3137 non

475 3177 824 3245 Callaecus.
866 3179 959 3242 Eo
1007 3183 1292 3264 tempore
1310 3229 1327 3256 ‚
1377 3183 1652 3265 septimo
1693 3181 1869 3244 urbis
1908 3179 2158 3245 saeculo
2188 3177 2239 3259 ³)
2280 3181 2434 3244 haec
2473 3180 2859 3266 cognomina

474 3307 552 3350 ex
621 3291 792 3350 certa
853 3282 1079 3372 regula
1140 3285 1528 3350 formantur:
1591 3286 2051 3370 Macedonicus,
2121 3285 2414 3348 Achaicus
2434 3334 2448 3358 ‚
2519 3283 2855 3362 Callaicus,

543 3595 599 3658 1)
649 3593 883 3655 Hydatius
897 3614 910 3641 ι
957 3591 1236 3642 Reehian‘m
1279 3592 1348 3640 ad
1392 3593 1540 3640 boun
1570 3591 1656 3655 qui
1689 3592 1949 3640 Portueale
1978 3593 2251 3654 appellatur
2282 3592 2523 3654 prosaque
2562 3589 2859 3638 Theudoria»

441 3683 448 3690 ·
472 3675 683 3737 captivus
713 3675 988 3732 adducitur,
1019 3689 1110 3738 quo
1141 3673 1194 3721 in
1227 3674 1490 3722 custodiam
1527 3675 1719 3723 redacto
1752 3677 1843 3722 cet.
1878 3673 2222 3736 monegarium
2259 3672 2537 3722 Rickiarins
2568 3673 2637 3721 ad
2662 3671 2859 3721 looonbi

471 3758 734 3820 Portuyale
776 3758 1044 3819 appellatur
1065 3771 1158 3819 pro
1149 3757 1310 3819 suque
1344 3754 1442 3818 νομί
1483 3755 1768 3804 Theudoria>
1800 3760 1969 3818 captus
2002 3755 2199 3804 ducit&
2236 3761 2286 3804 et
2322 3755 2373 3803 in
2408 3755 2630 3804 eust-dia
2664 3755 2857 3817 Νώρα·

470 3843 568 3888 ειν.
617 3838 690 3887 cf.
725 3837 872 3886 etiam
908 3837 1038 3901 Hya.
1073 3854 1116 3903 p.
1157 3836 1238 3887 87.
1277 3838 1341 3886 38
1375 3837 1518 3885 Sirm.
1555 3841 1607 3885 et
1640 3837 1778 3886 Fred.
1817 3838 1863 3896 2,
1886 3840 1948 3888 55
1983 3839 2142 3899 (Mon.
2180 3838 2343 3886 Germ.
2384 3837 2559 3902 Seript.
2592 3851 2686 3885 rer.
2718 3836 2857 3884 Mer-

472 3920 630 3983 oving.
665 3918 757 3968 vol.
795 3918 868 3982 2).

538 4002 596 4065 2)
644 4001 762 4050 Vide
809 4016 848 4050 o.
897 4017 970 4064 gr.
1013 4000 1227 4065 Kiepert.
1264 3999 1316 4049 in
1351 4000 1542 4064 egregio
1574 4015 1660 4049 suo
1695 4000 1959 4050 enchiridio
1996 4001 2241 4050 Lair-buck
2275 4003 2362 4050 der
2393 4004 2527 4050 alten
2568 4002 2860 4066 Geoyraphie

469 4101 516 4149 p.
551 4083 650 4132 489
700 4083 771 4132 ita
823 4083 1129 4132 scribentem:
1185 4081 1412 4141 Callaici,
1465 4082 1741 4132 romanieirt
1788 4084 1896 4142 (mit
1942 4083 2276 4132 {immadem
2322 4083 2549 4147 Aul-law
2582 4100 2647 4132 an
2682 4083 2853 4144 Galli).

472 4165 683 4215 Gallaeoi
717 4165 864 4215 heim
897 4166 974 4214 die
1006 4165 1291 4214 mtuchaeee
1329 4165 1511 4229 Gruppc
1542 4169 1633 4215 eet.

539 4247 594 4308 8)
629 4246 925 4312 Cognomina
957 4261 1012 4295 ex
1046 4246 1251 4295 victoria
1283 4250 1422 4311 parta
1454 4246 1721 4296 vetustiora
1752 4249 1863 4296 sunt
1900 4246 2129 4296 Messalla
2164 4246 2348 4295 Valerii
2384 4244 2591 4296 Maximi
2622 4245 2707 4310 (cf.
2744 4249 2857 4297 Seu.

474 4331 531 4379 de
580 4328 711 4379 brev,
751 4329 839 4378 vit.
885 4330 971 4386 18;
1029 4327 1242 4378 Meci-ob.
1298 4329 1523 4387 1‚o,26;
1570 4329 1699 4377 Fut.
1746 4329 1885 4378 Cous.
1922 4329 1980 4377 ud
2014 4344 2192 4380 annum
2227 4328 2368 4392 491),
2404 4329 2654 4394 Hispanus
2688 4328 2859 4392 (Diod.

480 4413 563 4471 85,
581 4412 646 4461 88
670 4433 719 4454 ==
745 4411 802 4460 fr.
825 4412 921 4459 605
943 4411 1036 4466 W.)
1069 4410 1349 4470 Africanus,
1383 4409 1623 4458 Asiaticus
1652 4411 1701 4457 et
1729 4409 1992 4474 Asiagenns
2020 4411 2101 4472 (οἰ.
2140 4411 2368 4472 Bernayn,
2396 4407 2507 4460 Ges.
2524 4409 2716 4469 ΔΑΒ,
2739 4410 2862 4473 182)

473 4493 764 4560 Scipionum.
802 4493 870 4541 Ex
906 4492 982 4541 his
1022 4492 1256 4556 Hispanus
1285 4495 1478 4542 tantum
1512 4506 1623 4540 cum
1658 4493 1905 4542 Callum
1936 4492 2145 4543 conferri
2180 4495 2351 4558 mmet.
