3192 5009
1233 231 1650 286 sornnonms.
2551 208 2634 276 11

253 412 344 475 sit
379 406 552 474 illud
588 404 760 491 quod
795 402 874 469 de
918 401 1116 468 Beata
1163 399 1427 486 Virgine
1472 399 1563 465 ibi
1610 405 1739 464 est:
1792 394 1940 463 ὅπου
1986 420 2079 461 τα
2102 396 2181 462 νύ
2200 396 2283 461 σθ
2303 421 2336 471 n
2385 393 2598 474 Μαρίη
2620 415 2637 433 ·

257 514 500 581 melius
563 516 732 579 certe
795 510 1128 576 conveniet
1187 529 1233 584 γ
1253 532 1296 572 α
1319 532 1347 570 ν
1368 506 1401 571 ύ
1419 507 1502 571 σθ
1524 531 1558 580 n
1577 554 1594 583 ‚
1656 504 1809 570 licet
1868 506 2147 569 nesciam
2194 501 2349 589 quid
2393 500 2637 568 Mariae

257 643 414 688 cum
461 616 820 685 coenaculo.

347 740 632 807 Facilius
693 738 1095 823 corrigentur
1156 733 1460 821 dactylici
1521 754 1744 799 versus
1760 780 1779 811 ,
1826 734 1938 818 qui
1982 737 2127 817 post
2172 730 2501 816 stropham
2543 704 2636 795 Π

257 852 610 941 leguntur:

810 946 997 1017 Χαῖρε
1047 939 1201 1003 Σιὼν
1247 937 1492 1018 Φαέθων
1540 935 1677 1014 ἥλιε
1723 934 1984 1012 κόσμου,

811 1034 878 1118 ἣν
925 1044 1147 1110 ποθέων
1193 1042 1497 1124 ςενοὶζω
1548 1044 1848 1121 νύκτωρ
1897 1042 2003 1107 καὶ
2058 1035 2259 1120 {gap--

259 1154 384 1221 Vel
432 1174 596 1239 puer
637 1149 1034 1219 emendabit:

814 1246 881 1329 ἣν
928 1252 1154 1321 ποθέων
1199 1254 1519 1336 ςενιέχω
1571 1254 1827 1320 νύκτα
1875 1253 1981 1319 καὶ
2027 1246 2211 1332 ἦμαρ.

258 1370 572 1439 Geterum
637 1365 707 1429 hi
770 1383 992 1431 versus
1038 1364 1388 1428 necessario
1431 1359 1882 1447 transponendi
1926 1365 2075 1425 sunt
2121 1364 2267 1446 post
2310 1358 2643 1445 stropham

261 1470 358 1566 P;
406 1489 592 1553 visus
639 1486 766 1551 fuit
809 1484 988 1550 Iesus
1034 1492 1160 1557 τοῖς
1211 1479 1422 1549 ἕνδεκα
1469 1487 1538 1549 in
1579 1482 1941 1549 coenaculo.

351 1607 633 1695 Strophe
678 1582 750 1674 P
797 1604 968 1693 apud
1012 1603 1366 1673 Christium
1414 1608 1508 1672 ita
1553 1604 1829 1691 legitur:

898 1703 1157 1807 Ῥαγὲν
1202 1729 1278 1801 ὥς
1323 1728 1570 1809 ἀφῆκεν
1621 1724 1771 1811 ᾅδου

992 1837 1252 1913 νεκῶδας
1303 1838 1571 1921 ζοφῶδες
1622 1837 1857 1919 ἔργῳ,

993 1944 1138 2010 τότε
1184 1943 1518 2022 παντοίναξ
1567 1948 1596 2009 ὅ
1641 1944 1829 2027 ῥήξας

995 2051 1193 2133 ἐφάνη
1243 2051 1341 2135 (pl
1355 2066 1488 2124 λος
1535 2052 1769 2127 ἐκεῖσε,

267 2164 336 2224 et
381 2164 594 2224 cetera
641 2156 902 2243 quidem
947 2159 1106 2224 vitia
1143 2156 1312 2224 recte
1351 2156 1686 2224 emendata
1722 2160 1873 2221 sunt
1888 2204 1905 2233 ,
1945 2154 2057 2220 sed
2080 2175 2336 2239 prorsus
2361 2155 2643 2219 otiosum

265 2272 364 2331 est
427 2265 597 2331 illud
659 2262 836 2347 ἔργῳ.
897 2264 1154 2331 Arridet
1216 2266 1503 2346 εἱργμοῦς
1563 2284 1792 2329 verum
1836 2264 2213 2347 neutiquam
2259 2260 2411 2325 ferri
2459 2258 2644 2324 debet

267 2374 460 2455 φίλος
479 2421 498 2450 ,
564 2392 719 2436 nam
778 2370 1030 2436 iambus
1088 2374 1454 2457 requiritur,
1519 2392 1645 2436 non
1690 2369 2072 2457 pyrrichius.
2118 2368 2255 2433 Aut
2301 2364 2487 2432 fallor
2532 2370 2645 2431 eut

267 2484 462 2565 poeta
512 2477 689 2543 dedit
737 2477 1026 2549 πύλας.

352 2597 431 2662 In
475 2598 742 2684 stropha
780 2588 845 2665 Σ
883 2618 1009 2662 non
1046 2596 1339 2685 intelligo
1364 2598 1520 2684 quid
1543 2601 1631 2663 sit
1655 2598 1834 2674 δόμον
1880 2598 1953 2668 ἐς
1994 2599 2253 2677 πετροῖ
2274 2620 2302 2659 ν
2342 2594 2641 2659 κατέλθω.

261 2708 448 2775 Nihil
495 2712 651 2775 novi
697 2708 1092 2775 commodius
1134 2730 1328 2795 quam
1368 2710 1548 2787 δόμον
1587 2708 1866 2788 ὅςερον
1906 2708 2206 2773 κατέλθω.
2254 2704 2646 2790 Inproxima

263 2816 531 2902 stropha
573 2837 707 2881 non
753 2822 1016 2901 tangam
1063 2817 1155 2882 ἑὸν
1204 2816 1541 2881 ἔκλυσεν
1593 2815 1661 2880 τὸ
1710 2824 1932 2894 πῆμα,
1981 2819 2151 2880 certe
2198 2817 2483 2878 metrum
2519 2832 2646 2876 non

267 2924 564 2990 admittit
609 2924 680 2987 in
726 2943 918 3008 quam
963 2924 1392 3009 suspicionem
1437 2926 1648 3009 quivis
1694 2922 1964 3000 incidet,
2012 2918 2336 2985 ἔκλαυσεν.

359 3043 506 3112 Duo
558 3043 870 3110 vocabula
915 3050 1214 3131 corrupta
1257 3051 1409 3111 sunt
1452 3048 1523 3110 in
1571 3045 1835 3131 stropha
1878 3022 1989 3111 Φ;

918 3144 1090 3245 Φέρε
1139 3164 1245 3244 δή,
1291 3164 1564 3243 μάτην
1611 3165 1885 3240 μετέλθοι

1001 3279 1229 3354 ἀγορῆς
1278 3275 1472 3352 μέσης
1520 3275 1757 3354 ὁδεύων,

1005 3378 1091 3447 ὅθι
1138 3390 1579 3463 πατρικοῖς
1629 3381 1852 3462 ἐτέχθη

1004 3488 1308 3565 θαλάμοις
1355 3487 1607 3553 ἄνασσα
1655 3490 1852 3568 κούρη.

263 3596 396 3661 Pro
460 3594 678 3672 μάτην
739 3594 1231 3681 simplissimum
1291 3594 1485 3659 fuerit
1545 3615 1847 3680 reponere
1910 3619 1949 3663 ς
1968 3593 2105 3672 byn
2128 3620 2157 3659 ν
2175 3643 2193 3673 ,
2254 3594 2364 3660 sed
2407 3615 2487 3660 ne
2532 3594 2651 3659 hoc

265 3700 538 3789 quidem
574 3700 869 3789 intelligo
887 3751 904 3780 ,
945 3723 1059 3766 cur
1095 3701 1290 3768 Beata
1326 3700 1525 3788 Virgo
1563 3706 1714 3768 nata
1753 3724 1887 3767 esse
1927 3700 2174 3767 dicatur
2215 3726 2262 3765 π
2281 3727 2322 3764 α
2340 3724 2460 3782 τρι
2479 3727 2516 3767 κ
2534 3726 2561 3766 ο
2578 3710 2650 3776 ῖς

265 3807 606 3887 θαλάμοις.
656 3806 825 3874 Novi
870 3809 1348 3874 substantivum
1394 3809 1679 3885 παρθένος
1732 3811 1929 3875 etiam
1969 3810 2421 3874 recentissimis
2462 3805 2653 3875 Grae-

264 3915 438 3985 culis
467 3914 790 3989 ,adiectivi
833 3914 972 3980 loco
1018 3935 1188 3993 esse;
1236 3915 1386 3980 hinc
1433 3916 1861 4001 reposuerim:

1002 4018 1087 4086 ὅθι
1134 4021 1570 4101 παρθένοις
1622 4022 1929 4100 ἰτέχθη

1002 4126 1307 4205 θαλάμοις
1358 4124 1610 4192 ἄνασσα
1660 4127 1859 4206 κούρη.

261 4235 396 4303 Sed
443 4236 726 4321 septimo
771 4232 1019 4299 saeculo
1065 4255 1139 4300 ea
1185 4236 1552 4320 superstitio
1602 4234 1867 4300 fortasse
1914 4233 2202 4300 nondum
2246 4240 2396 4299 nata
2444 4239 2596 4299 eret.

361 4358 440 4424 In
485 4354 756 4441 stropha
801 4329 887 4420 Ψ
934 4354 1278 4444 Matrange
1315 4356 1628 4436 τρυφείην,
1676 4353 2004 4421 Flaschius
2040 4356 2110 4420 in
2149 4352 2377 4423 Codice
2414 4356 2663 4421 invenit
