3192 5009
998 346 1385 405 ΗΡΩΙΔΟΤ
1435 347 1919 404 MIMIAMBOI
2554 334 2638 403 97

1383 572 1537 640 VIII

1233 748 1683 808 ΕΝΤΠΝῙΟΝ

342 888 525 958 VIII
608 890 937 972 ”Avo-vnde,
986 894 1204 968 δούλη·
1256 894 1527 973 Ψύλλοι,
1577 892 1764 974 μέχρι
1817 898 1924 958 τεῦ
1975 895 2144 977 κείσῃ

627 997 965 1079 [Ξένωνα-Μ
1016 1003 1126 1073 τὴν
1174 999 1239 1065 δὲ
1286 1010 1485 1082 χοῖρον
1535 1002 1714 1073 αὖονῆ
1764 1002 2039 1078 δρύπτει.

631 1105 664 1179 ἢ
713 1112 1070 1187 προσμενεῒς
1118 1108 1192 1171 σὺ
1242 1105 1464 1186 μέχρις
1514 1101 1580 1171 εὖ
1631 1102 1791 1182 ἥλιος
1845 1108 2108 1186 θῶλψεις

1365 1216 1600 1295 [cetera
1646 1212 1926 1297 desunt.]

338 1364 435 1413 Ac,
494 1368 525 1413 1
567 1380 602 1411 a
648 1362 791 1421 mdc
826 1363 879 1413 P.
917 1365 1053 1414 Corr.
1092 1366 1147 1414 R.
1186 1380 1338 1427 μεχρι
1373 1380 1459 1414 τεο
1496 1366 1552 1415 Ρ.
1588 1362 1772 1427 μέχρις
1807 1380 1897 1414 τευ
1926 1364 1997 1424 R,
2037 1364 2116 1413 sed
2149 1366 2356 1415 metrum
2391 1364 2518 1413 favet
2551 1364 2647 1413 for-

274 1458 377 1493 mae
426 1443 597 1508 μέχρι.
651 1446 769 1495 Tum
823 1446 965 1509 κείσῃ
1011 1447 1167 1511 (xeo-ne
1214 1448 1277 1509 P)
1325 1448 1541 1497 revoc-vi
1589 1464 1676 1513 pro
1715 1447 1882 1495 nelo-u.
1958 1456 1978 1504 11
2050 1452 2098 1497 2
2136 1444 2385 1509 ῥέγκουσα
2417 1447 2525 1496 dedi
2561 1462 2647 1513 pro

270 1542 547 1590 ρεγχουσα.
599 1554 665 1565 -·
715 1528 884 1590 χοῖρος
928 1528 1091 1578 lonico
1135 1545 1267 1580 more
1302 1528 1601 1579 femininum.
1639 1530 1710 1579 Cf.
1747 1545 1890 1594 supra
1925 1529 1996 1579 1v
2039 1530 2115 1579 1⁶.
2167 1556 2234 1567 —
2284 1526 2453 1588 δρύψε(
2493 1530 2549 1579 R.
2603 1538 2626 1587 Ι

271 1612 321 1657 8
355 1612 467 1658 noto
502 1610 802 1660 durissimam
836 1611 1169 1677 synaloephen.
1206 1639 1270 1649 —
1306 1610 1459 1670 θαλψι
1494 1628 1622 1661 corr.
1654 1627 1710 1661 ex
1744 1609 1927 1671 θαλψηι
1962 1611 2017 1661 Ρ.

274 1794 639 1879 tepefecisse
700 1794 1116 1861 manifestum
1162 1804 1295 1875 est,
1342 1816 1457 1861 nec
1502 1796 1616 1861 illo
1663 1796 1854 1861 modo
1904 1794 2098 1861 calcei
2143 1794 2364 1861 confici
2407 1795 2645 1873 solent,

272 1906 349 1964 ut
388 1900 675 1964 arbitror.
722 1900 819 1963 Ex
862 1922 956 1967 vs.
991 1899 1117 1966 114
1158 1904 1429 1967 carcinio
1468 1902 1752 1967 nondum
1795 1901 2077 1967 confecta
2114 1924 2247 1967 esse
2289 1904 2646 1987 suspiceris.

276 2042 357 2055 -
393 2004 589 2084 βκίτη
638 2005 833 2092 volgo
879 2012 976 2071 est
1019 2010 1218 2073 vestis
1264 2010 1533 2095 agrestis
1573 2030 1607 2073 e
1657 2007 1822 2093 pelle
1871 2011 2130 2093 caprina
2179 2008 2464 2073 confecta
2483 2056 2499 2084 ,
2545 2008 2649 2071 hic

271 2097 415 2197 ipse
458 2111 660 2199 pellis.
711 2115 1177 2178 -θὶλπουσκν
1222 2117 1626 2179 intransitive
1673 2120 1750 2178 ut
1797 2136 1895 2199 ap.
1945 2113 2138 2200 Soph.
2181 2113 2404 2180 Trach.
2452 2111 2646 2179 1072.

369 2228 414 2283 1
466 2220 695 2283 Ψύλλοι
736 2240 976 2285 novum
1013 2228 1258 2301 (servae
1274 2217 1326 2301 ?)
1360 2242 1612 2287 nomen.
1654 2219 1750 2287 cf.
1786 2224 2036 2298 Ψυλλώ,
2064 2224 2349 2298 Ψύλλας,
2379 2222 2646 2291 Ψύλλος.

1276 2664 1648 2713 mmmmm.

368 2810 540 2894 Quae
600 2817 669 2880 in
732 2814 1128 2881 Praefatione
1188 2836 1335 2903 pag.
1387 2815 1469 2880 45
1535 2815 1613 2881 de
1674 2820 1894 2901 poetae
1942 2821 2146 2880 aetate
2193 2814 2328 2878 dixi
2373 2818 2650 2878 correcta

274 2921 523 2987 videbis
567 2923 636 2985 in
680 2920 811 2986 ΑΕ.
864 2920 943 2987 ad
988 2920 1075 2985 IV
1125 2919 1229 3001 75,
1278 2929 1343 2988 et
1391 2922 1466 2987 de
1515 2920 1746 3007 Cyzico
1793 2921 1868 2986 cf.
1917 2920 2047 2989 AB.
2098 2920 2176 2985 ad
2223 2918 2344 2983 VII
2389 2917 2496 2983 85.

1288 3176 1660 3185 -.———.-—.-.—-

1014 3348 1353 3413 Excunsus
1399 3365 1484 3411 An
1530 3364 1750 3411 mmm
1795 3344 1902 3410 VI.

368 3502 533 3583 Quid
596 3505 681 3567 sit
723 3504 1046 3567 coccineus
1091 3499 1201 3565 ine
1247 3499 1529 3579 βαυβών,
1578 3499 1654 3564 de
1702 3520 1828 3584 quo
1875 3502 2118 3566 amicae
2165 3502 2234 3564 in
2280 3500 2398 3567 hoc
2445 3503 2646 3567 mimo

276 3608 780 3685 confabulantur,
822 3610 1080 3673 omnino
1118 3609 1375 3693 ignoro;
1426 3606 1535 3671 sed
1582 3605 1737 3691 quid
1785 3628 1908 3670 non
1956 3608 2040 3669 sit
2087 3609 2438 3692 perspicere
2483 3609 2648 3673 mihi

275 3716 515 3793 videor,
558 3722 624 3780 et
659 3715 813 3779 haec
856 3714 981 3779 fuit
1018 3734 1205 3778 causa
1235 3733 1349 3777 cur
1371 3732 1407 3777 a
1428 3710 1672 3797 collega
1693 3733 1836 3777 meo
1863 3714 2382 3777 aestimatissimo
2408 3715 2649 3797 petive-

272 3824 403 3887 rim
442 3829 517 3886 ut
552 3820 773 3885 liceret
808 3820 973 3884 mihi
1012 3838 1211 3904 pauca
1251 3818 1634 3903 subiungere
1674 3820 1811 3882 eius
1857 3820 2041 3882 notis.
2094 3816 2338 3902 Nempe
2383 3818 2508 3882 fuit
2547 3822 2650 3883 vir

274 4033 765 4117 Aristophanem
801 4030 953 4116 Lys.
1001 4029 1127 4094 109
1169 4036 1235 4094 et
1272 4029 1347 4093 fr.
1391 4026 1522 4093 320
1546 4028 1629 4092 K.
1669 4035 2221 4106 commemoratur,
2247 4032 2652 4096 sermocinari

273 4138 675 4204 contenderet
691 4159 707 4215 3
758 4139 865 4201 cui
910 4157 1061 4201 mox
1108 4135 1217 4199 alii
1265 4132 1642 4219 adstipulati
1692 4142 1860 4199 sunt.
1911 4133 2034 4200 Sed
2076 4142 2189 4200 aut
2237 4139 2494 4223 egregie
2541 4137 2649 4202 fal-

274 4243 375 4309 lor
419 4250 532 4309 aut
577 4244 681 4307 hic
727 4264 850 4307 usu
894 4244 1072 4307 venit
1118 4241 1287 4327 quod
1332 4261 1515 4326 saepe
1561 4240 1806 4305 factum
1852 4260 1986 4305 esse
2034 4242 2272 4305 scimus
2291 4290 2308 4319 ‚
2347 4249 2424 4306 ut
2461 4244 2652 4309 inter-

275 4356 487 4437 pretes
504 4399 521 4427 ,
583 4349 787 4415 sicubi
846 4350 913 4413 in
960 4350 1187 4413 comici
1240 4346 1456 4413 locum
1504 4347 1934 4412 obscuriorem
1979 4346 2345 4413 incidissent
2362 4396 2380 4427 ‚
2429 4354 2648 4417 statim

278 4458 750 4542 suspicarentur
810 4454 1103 4520 obscoeni
1163 4452 1403 4541 aliquid
1461 4452 1752 4531 latitare,
1819 4473 1944 4539 qua
1990 4453 2065 4519 de
2111 4474 2179 4519 re
2225 4454 2304 4519 cf.
2360 4453 2650 4525 Naberus

2301 4570 2334 4627 Ἰ
