3192 5009
1051 333 1136 380 AD
1183 331 1439 380 BELLUM
1481 331 1944 382 msunrmnnu.
2547 311 2676 381 295

303 500 548 588 Nempe
590 501 977 587 Iugurtham
1023 500 1226 565 tribus
1271 502 1603 585 proxumis
1650 502 1829 564 annis
1866 501 1935 564 in
1976 519 2251 587 regnum
2290 503 2668 586 pervenisse.

302 607 440 674 Iam
485 611 724 694 inspice
741 657 758 685 ‚
809 627 1040 692 quaeso
1057 656 1074 685 ,
1125 603 1333 691 Caput
1386 605 1488 670 10.
1521 604 1578 670 1.
1630 605 1728 670 Ibi
1770 605 2045 693 Micipsa
2090 609 2440 673 moriturus
2486 608 2672 674 dicit:

304 715 556 778 Par-vom
602 735 721 802 ego
737 761 754 792 ,
805 713 1122 800 Iugurtha
1137 761 1153 790 ,
1202 720 1260 776 te
1304 715 1537 778 amisso
1586 718 1766 798 patre
1813 715 1950 778 sine
1997 734 2109 800 spe
2154 716 2288 779 81116
2336 714 2563 800 opibus
2606 714 2675 778 in

301 843 542 900 regum
583 843 768 884 meum
815 819 1035 902 accepi.

391 927 690 992 Etiamne
734 926 1014 992 dubitari
1059 931 1271 1013 potest
1313 947 1472 991 num
1518 926 1903 1008 adoptatione
1946 947 2172 991 sanum
2218 924 2344 991 sit?

391 1032 564 1118 Ergo
631 1031 1044 1098 statuendum
1111 1037 1208 1098 est
1270 1030 1657 1118 Iugurtham
1675 1080 1691 1108 ,
1761 1037 1835 1096 ut
1897 1031 2239 1098 affirmavit
2300 1031 2637 1119 Hiempsal
2658 1083 2675 1112 ,

299 1139 677 1226 adoptatum
724 1159 858 1204 esse
906 1140 1084 1203 annis
1132 1143 1275 1203 ante
1315 1137 1626 1225 Micipsae
1664 1143 1938 1204 mortem
1981 1139 2207 1205 tribus.
2257 1138 2437 1205 Unde
2476 1142 2678 1226 sequi-

299 1251 410 1310 tur
455 1244 608 1309 alibi
652 1243 852 1309 latere
897 1243 1344 1330 corruptelam.

391 1350 912 1435 Quandoquidem
958 1348 1348 1434 Hiempsalis
1395 1350 1588 1414 verba
1628 1348 1808 1414 nullo
1858 1352 2019 1415 vitio
2060 1349 2383 1428 laborant,
2424 1372 2675 1418 necesse

296 1463 398 1524 est
441 1459 634 1523 verba
680 1457 913 1542 quibus
951 1477 1208 1542 prorsus
1246 1457 1631 1522 contrarium
1676 1455 1831 1541 quid
1867 1456 2237 1541 perhibetur
2278 1459 2506 1523 vitiose
2543 1457 2676 1545 legi

295 1565 512 1649 quivis
557 1562 964 1629 confiteatur.·
1002 1560 1170 1627 Sunt
1229 1566 1449 1626 autem
1507 1560 1620 1626 illa
1678 1560 1994 1646 statimque
2056 1585 2183 1626 eum
2244 1563 2559 1647 adoptavit
2620 1571 2677 1628 et

295 1677 345 1734 t.
375 1692 448 1751 p.
490 1692 538 1732 c.
563 1669 638 1754 s.
680 1670 738 1732 h.
786 1667 1090 1745 instituit,
1131 1669 1360 1753 quibus
1407 1665 1532 1732 133
1581 1687 1637 1732 a.
1667 1665 1737 1732 O.
1787 1687 2028 1732 annum
2074 1668 2431 1754 adoptionis
2478 1670 2673 1736 fuisse

294 1775 627 1841 confirmet
669 1780 906 1840 auctor.

388 1881 464 1947 In
499 1884 771 1946 transitu
802 1878 1068 1945 Iacobsii
1082 1878 1470 1945 difficultatis
1494 1878 1807 1944 tollendae
1830 1900 2129 1945 conamen
2154 1901 2671 1948 commemorem.

294 1986 363 2052 Is
421 1990 516 2053 ita
577 1986 790 2052 locum
849 1985 1156 2072 explicat:
1222 1985 1464 2063 „statim
1513 1985 1745 2072 gehort
1790 1985 1959 2050 bloss
2004 2007 2083 2050 zu
2130 1988 2444 2070 adoptavit
2463 2037 2480 2066 ,
2544 2008 2674 2053 was

295 2093 432 2158 also
494 2095 683 2159 sehon
745 2092 870 2158 621
923 2091 1110 2172 (133)
1170 2091 1321 2158 oder
1379 2095 1588 2179 wenig
1650 2096 1862 2178 spater
1926 2091 2235 2178 erfolgte,
2300 2093 2432 2158 und
2504 2095 2677 2160 steht

295 2199 446 2264 dem
507 2206 846 2264 testamento
905 2201 1000 2263 im
1061 2197 1216 2284 folg.
1263 2199 1649 2285 gegeniiber,
1699 2197 1969 2264 welches
1990 2247 2005 2276 ,
2054 2199 2215 2264 nach
2270 2199 2372 2264 11.
2402 2199 2441 2266 6
2487 2201 2676 2266 hoch-

293 2311 473 2371 stens
518 2305 652 2370 drei
695 2304 736 2370 J
736 2305 887 2370 ahre
931 2325 1047 2370 vor
1089 2303 1395 2391 Micipsae
1443 2304 1727 2370 Ableben
1774 2304 1935 2385 (dies
1988 2305 2130 2369 sind
2170 2305 2271 2370 die
2296 2307 2489 2388 pauci
2526 2307 2675 2370 anni

295 2413 338 2496 ς
365 2411 431 2493 4)
477 2411 746 2478 verfasst
762 2459 778 2488 ,
842 2411 956 2476 ihn
1003 2411 1167 2476 auch
1215 2410 1308 2476 als
1351 2409 2007 2498 gleichberechtigten
2053 2409 2457 2478 'I'hronerben
2505 2433 2677 2478 aner-

291 2517 598 2583 kannte’'.

391 2623 516 2690 Sed
560 2645 634 2690 ea
677 2623 1129 2710 qualiscunque
1174 2626 1614 2710 interpretatio
1660 2626 1793 2690 iam
1839 2624 2021 2690 nulla
2070 2631 2169 2690 est
2186 2674 2202 2703 ‚
2254 2628 2377 2690 nisi
2426 2628 2677 2708 adopta-

293 2730 462 2796 tione
519 2733 588 2796 in
651 2728 874 2816 Capite
938 2730 1043 2795 11.
1073 2730 1112 2796 6
1175 2730 1480 2808 deleatur,
1545 2731 1715 2816 quod
1778 2730 1915 2796 fieri
1962 2751 2089 2795 non
2134 2730 2324 2796 licere
2375 2735 2529 2798 satis
2574 2732 2674 2798 de-

293 2845 680 2904 monstrasse
725 2838 891 2903 mihi
934 2837 1174 2903 videor.

395 2944 558 3009 Mihi
619 2944 878 3029 quidem
923 2963 1297 3030 persuasum
1343 2949 1441 3009 est
1483 2945 1552 3008 in
1595 2942 1911 3028 statinzque
1958 2946 2150 3009 sitam
2199 2965 2333 3010 esse
2378 2947 2672 3011 omnium

291 3051 703 3116 tenebrarum
756 3053 1093 3137 originem.

391 3156 514 3222 Pro
552 3157 866 3242 statimque
903 3156 1296 3242 (praecedere
1331 3158 1490 3221 scito
1529 3177 1837 3236 aqyresm
1885 3179 1915 3219 e
1932 3178 1963 3219 8
1977 3163 2027 3238 t)
2076 3157 2430 3222 substituas
2477 3157 2676 3223 velim

295 3266 566 3350 idemque
581 3313 597 3342 ‚
647 3264 849 3349 itaque
894 3264 1000 3329 vel
1043 3263 1171 3329 tale
1219 3263 1405 3348 quid:
1467 3262 1713 3328 videbis
1762 3261 2011 3328 nullam
2055 3264 2189 3327 iam
2236 3284 2492 3330 manere
2538 3287 2676 3351 per-

297 3374 730 3438 turbationem
747 3420 764 3450 ,
811 3370 990 3436 nulla
1031 3373 1166 3436 iam
1211 3392 1371 3457 opus
1417 3391 1549 3436 6886
1592 3373 2115 3457 interpretatione
2164 3371 2449 3436 distorta.

391 3479 516 3545 Hic
563 3481 735 3545 enim
781 3479 906 3542 fuit
949 3498 1167 3543 rerum
1217 3476 1411 3542 ordo:

299 3585 372 3653 G.
424 3584 486 3650 9.
515 3585 556 3650 3
611 3607 719 3650 rex
781 3583 1092 3670 Scipionis
1156 3582 1434 3669 epistula
1479 3583 1757 3668 perlecta
1804 3582 1983 3648 flexit
2030 3585 2321 3648 animum
2368 3605 2560 3650 suum
2608 3591 2674 3652 et

615 3691 1000 3778 Iugurtham
1059 3689 1378 3755 beneficiis
1440 3691 1693 3754 vincere
1755 3709 2096 3776 aggressus
2152 3696 2247 3754 est
2296 3697 2487 3772 (anno
2543 3691 2668 3756 133

615 3819 671 3863 a.
722 3795 823 3877 C.)
890 3797 1185 3882 idemque
1249 3817 1400 3862 eum
1459 3795 1791 3881 adoptavit
1853 3802 1918 3861 et
1986 3802 2366 3863 testamento
2433 3799 2671 3884 pariter

614 3926 765 3970 cum
809 3904 958 3968 filiis
1008 3903 1305 3970 heredem
1349 3905 1637 3968 instituit
1685 3909 1873 3983 (anno
1928 3902 2051 3968 121
2102 3923 2159 3967 a.
2209 3901 2309 3978 Ο.)

297 4011 372 4080 Ο.
424 4010 484 4076 9.
513 4011 556 4076 4
609 4012 719 4077 sed
779 4013 916 4096 ipse
971 4031 1204 4096 paucos
1253 4015 1396 4096 post
1441 4029 1637 4074 annos
1688 4057 1701 4074 .
1733 4057 1747 4073 .
1778 4056 1791 4073 .
1825 4057 1839 4073 .
1889 4031 2039 4073 cum
2084 4010 2206 4073 sibi
2253 4007 2446 4074 finem
2495 4011 2668 4076 vitae

613 4117 827 4183 adesse
871 4115 1274 4203 intellegeret
1321 4123 1510 4196 (anno
1563 4114 1692 4180 118
1738 4135 1794 4180 a.
1843 4113 1965 4194 G.).

387 4223 474 4288 Et
508 4223 655 4289 vide
691 4243 898 4288 annon
936 4225 1178 4309 optime
1217 4242 1350 4287 sese
1389 4221 1661 4286 habeant
1698 4218 2091 4306 Hiempsalis
2116 4220 2307 4285 verba
2330 4217 2432 4304 (O.
2464 4218 2567 4284 11.
2598 4220 2667 4306 6)

299 4332 557 4416 „ipsum
624 4328 815 4394 illum
884 4329 1090 4394 tribus
1157 4329 1490 4414 proxumis
1551 4328 1734 4391 annis
1794 4326 2199 4412 adoptatione
2262 4329 2331 4390 in
2396 4347 2669 4413 regnum

299 4435 726 4522 pervenisse''.
