3192 5009
534 876 1051 970 EPISTULA
1106 872 1534 966 CRITICA
1591 872 1740 962 AD
1795 871 2282 963 BATAVOS

884 1011 1305 1104 HOMERI
1362 1009 1908 1100 EDITORES.

1294 1215 1544 1258 sculpam·

1038 1327 1045 1333 ’
1144 1370 1210 1437 6.
1258 1370 1337 1435 A.
1386 1367 1698 1435 NABER.

1306 1635 1545 1662 *-

354 1855 553 1936 Quanti
594 1859 827 1923 faciam
844 1905 861 1935 ,
910 1855 1310 1921 Amicissimi
1356 1853 1495 1920 Viri
1515 1904 1532 1934 ,
1582 1876 1842 1941 operam
1881 1855 2181 1922 Vestram
2218 1859 2288 1922 in
2330 1857 2615 1924 Homero

288 1963 616 2030 emendando
662 1966 942 2050 positam
959 2012 976 2042 ,
1025 1984 1140 2028 nec
1186 1961 1313 2027 Vos
1361 1961 1522 2027 latet
1569 1968 1634 2027 et
1681 1983 1785 2028 me
1821 1962 2038 2048 palam
2075 1967 2258 2030 iuvat
2298 1967 2614 2052 proloqui.

286 2066 547 2153 Equidem
594 2064 671 2136 ab
720 2073 984 2135 ineunte
1031 2073 1237 2134 aetate
1281 2073 1428 2154 post
1466 2075 1638 2133 certa
1675 2069 2018 2134 intervalla
2057 2090 2309 2156 semper
2347 2070 2620 2136 Homeri

286 2171 573 2242 lectionem
634 2183 921 2262 repetere
982 2173 1153 2240 soleo
1217 2179 1283 2239 et
1343 2196 1511 2239 nunc
1576 2173 1782 2240 denuo
1848 2175 1927 2239 ad
1977 2174 2353 2241 Maeonium
2399 2183 2619 2242 vatem

288 2277 486 2347 delatus
545 2285 681 2368 ipse
746 2285 988 2367 optime
1036 2283 1239 2346 sentio
1286 2285 1604 2366 quantum
1652 2301 1730 2346 ex
1777 2279 2020 2346 Vestris
2069 2282 2300 2348 studiis
2349 2283 2624 2368 profece-

286 2387 383 2450 rim
437 2394 493 2454 et
552 2391 609 2453 si
671 2387 827 2474 quid
885 2390 1039 2454 novi
1100 2387 1267 2451 mihi
1313 2386 1477 2452 forte
1525 2390 1800 2473 reperire
1849 2390 2127 2473 contigit
2145 2437 2162 2467 ,
2213 2389 2282 2452 id
2328 2410 2496 2454 nunc
2519 2389 2623 2454 ad

287 2489 380 2556 Vos
429 2497 833 2578 potissimum
892 2496 1151 2558 mittere
1198 2492 1484 2570 decrevi,
1533 2514 1685 2557 nam
1734 2499 1879 2557 tum
1927 2493 2192 2559 demum
2237 2514 2344 2559 me
2397 2515 2624 2580 operae

284 2601 522 2683 pretium
579 2600 801 2666 fecisse
861 2597 1231 2686 intelligam
1248 2647 1265 2677 ,
1331 2602 1386 2664 si
1447 2597 1753 2664 Vestrum
1815 2619 2146 2664 assensum
2195 2600 2425 2665 tulero.
2480 2600 2625 2687 Ego

290 2710 467 2772 autem
520 2708 587 2771 in
642 2705 965 2792 plerisque
1022 2702 1279 2770 Vestras
1342 2707 1622 2770 rationes
1683 2708 1971 2790 impense
2017 2705 2217 2790 probo
2265 2711 2330 2770 et
2375 2708 2444 2770 in
2489 2705 2624 2770 lau-

294 2807 472 2876 dandis
504 2795 728 2898 ‘poetae
772 2811 984 2877 verbis
1030 2808 1327 2876 Vestram
1372 2813 1806 2876 recensionem
1851 2817 1927 2874 ut
1974 2810 2335 2896 plurimum
2375 2831 2624 2896 sequar,

294 2915 377 2980 sed
432 2917 615 2984 nolite
677 2938 865 3003 aegre
929 2917 1091 2981 ferre
1153 2919 1211 2980 si
1270 2919 1339 2980 in
1398 2919 1670 2981 minutis
1718 2915 2103 3003 quibusdam
2152 2916 2263 2982 sed
2308 2919 2630 2982 intricatis

294 3025 720 3104 quaestionibus
791 3043 829 3087 a
895 3020 1090 3087 Vobis
1162 3021 1525 3087 discessero.
1593 3020 1814 3088 Veluti
1881 3025 1952 3086 in
2020 3023 2495 3108 pronunciando
2558 3028 2635 3087 ut

295 3145 524 3212 aequum
566 3133 666 3194 est
709 3126 1006 3193 Aeolicae
1052 3126 1275 3192 literae
1323 3126 1545 3192 sedulo
1567 3113 1908 3193 ‘rationem
1953 3127 2185 3194 habere
2235 3128 2406 3194 soleo
2428 3177 2444 3208 ,
2495 3151 2634 3194 nec-

296 3229 420 3298 dum
472 3241 681 3300 tamen
746 3235 911 3298 mihi
970 3232 1349 3320 persuadere
1410 3236 1593 3319 potui
1612 3282 1628 3311 ,
1698 3240 1774 3299 ut
1820 3233 2389 3300 eandem‘literam
2435 3239 2635 3301 etiam

294 3334 558 3406 lectorum
596 3339 800 3406 oculis
840 3344 1381 3425 repraesentarem
1399 3388 1416 3418 ,
1459 3342 1585 3405 nisi
1621 3338 1689 3403 id
1727 3341 1991 3406 fortasse
2022 3349 2280 3426 propter
2303 3341 2638 3406 elisionem

297 3452 676 3512 necessarium
720 3450 904 3510 esset.
953 3444 1139 3510 Ferte
1187 3466 1419 3530 quaeso
1460 3466 1674 3510 meam
1714 3445 2233 3531 superstitionem
2273 3453 2338 3512 et
2361 3450 2638 3533 cogitate

298 3569 454 3632 quam
507 3552 716 3618 multa
771 3553 890 3616 hac
951 3572 1077 3636 qua
1135 3554 1423 3616 vivimus
1484 3557 1692 3617 aetate
1752 3552 2010 3617 senibus
2057 3551 2353 3618 discenda
2399 3555 2528 3618 sint
2576 3557 2642 3617 et

300 3651 646 3724 dediscenda.
716 3655 903 3723 Vobis
968 3662 1186 3722 autem
1250 3660 1580 3744 contingat
1645 3678 1838 3743 quam
1898 3657 2245 3722 inchoastis
2291 3658 2492 3723 telam
2536 3679 2640 3723 an-

300 3765 595 3830 nuentibus
642 3763 852 3830 Musis
898 3763 977 3828 ad
1022 3763 1219 3829 finem
1264 3770 1611 3850 pertexere.
1663 3762 1904 3828 Valete.

370 3949 413 4015 l.
460 3953 555 4018 Ad
604 3964 660 4020 A
692 3951 814 4018 19:
1166 4017 1171 4022 .

618 4062 760 4137 ὑμῖν
806 4061 919 4136 μὲν
966 4061 1080 4124 θεοὶ
1136 4059 1289 4125 δοῖεν
1340 4058 1680 4139 Ὀλύμπια
1727 4060 1964 4139 δώματ’
2013 4056 2263 4140 ἔχοντες

619 4165 910 4245 διεπέρα-αι
964 4166 1256 4245 Πριάμοιο
1306 4166 1505 4247 πόλιν,
1556 4169 1624 4234 ἐὺ
1670 4168 1721 4233 δ’
1768 4167 1964 4233 οἴκαδ’
2015 4168 2304 4246 ἱκέσθαι,

309 4265 615 4340 adnotastis
662 4269 1079 4358 Suringarem
1124 4275 1535 4340 correxisse:-

626 4381 1081 4462 ἐκπέρσασι
1130 4379 1312 4444 πόλιν
1361 4379 1647 4463 Πριάμοι’
1698 4380 1762 4445 ἐὺ
1811 4378 2009 4446 οἴκαδ’
2055 4379 2351 4459 ἱκέσθαι,

2294 4500 2360 4552 19
