3192 5009
1207 299 1292 346 nn
1335 297 1648 347 uus-rsus
1692 296 2015 346 musrom.
2650 276 2779 344 271

415 464 536 528 άνὰ
600 463 784 540 μέσον
833 473 948 532 τῶν
995 465 1258 546 φολίδων
1305 465 1578 532 σύνδεσιν
1627 464 2021 545 πολυτέχνως
2070 461 2387 546 ἔχοντες”.
2459 463 2783 531 Lacunam

413 578 558 658 post
609 568 848 650 ,,ἦσαν”
898 594 1048 639 cum
1095 573 1448 640 Schmidtio
1493 593 1725 659 ponere
1769 593 1927 658 opus
1972 593 2099 637 non
2137 573 2261 636 erit
2296 574 2353 636 si
2388 571 2576 638 modo
2614 572 2785 638 hunc

409 679 482 741 in
549 678 818 744 modum
883 682 1449 767 interpungemus:
1513 687 1629 744 τῶν
1687 679 1749 744 δὲ
1814 681 2120 760 κρατήρων
2168 678 2266 743 δύο
2312 679 2427 756 μὲν
2475 674 2627 753 ὴσαν
2674 680 2785 753 τὴν

409 787 800 858 κατασκευὴν
845 785 1187 866 φολιδωτὴν
1239 786 1488 868 ἔχοντες
1537 785 1663 850 άπὸ
1711 793 1819 860 τῆς
1868 783 2113 862 βάσεως
2163 783 2350 865 μέχρι
2398 789 2505 850 τοῦ
2551 784 2783 863 μέσου,

409 891 518 964 τὴν
565 889 885 967 διασκευὴν
929 901 1006 973 τῇ
1055 893 1256 975 τορείᾳ
1303 891 1408 956 καὶ
1456 892 1566 965 τὴν
1605 897 1721 956 τῶν
1760 891 1937 956 λίθων
1978 891 2102 956 dv&
2141 889 2327 967 μέσον
2365 897 2482 954 τῶν
2518 890 2782 971 φολίδων

409 997 678 1062 σύνδεσιν
729 997 1123 1079 πολυτέχνως
1171 997 1419 1079 ἔχοντες
1441 1047 1458 1077 ,
1508 1019 1669 1085 quae
1716 1001 2028 1066 sententia
2074 997 2421 1063 admodum
2458 997 2783 1085 inelegans

405 1125 524 1168 nec
568 1109 784 1170 tamen
827 1104 968 1172 ideo
1018 1127 1054 1170 a
1099 1111 1316 1171 nostro
1365 1107 1673 1190 scriptore
1719 1103 1921 1169 aliena
1967 1108 2083 1168 est.

500 1232 562 1295 p.
610 1209 718 1274 29.
747 1209 807 1276 6.
870 1211 1137 1277 Peracta
1183 1214 1540 1278 narratione
1589 1211 1663 1276 de
1713 1210 1895 1276 donis
1941 1212 2121 1276 venit
2166 1211 2449 1276 Aristeas
2496 1210 2574 1276 ad
2621 1213 2785 1276 sacri

405 1315 531 1381 loci
578 1315 1100 1402 descriptionem:
1155 1320 1306 1395 ,,τὴν
1353 1317 1414 1382 δὲ
1463 1319 1619 1382 θέσιν
1661 1324 1769 1392 τῆς
1811 1313 1953 1390 ὅλης
1991 1317 2197 1397 χώρας
2240 1324 2470 1398 πρῶτον
2513 1315 2782 1392 δηλώσω.

407 1424 536 1492 Ὠς
581 1425 706 1502 γὰρ
755 1424 1254 1502 παρεγενήθημεν
1301 1423 1402 1488 ε’πὶ
1451 1427 1558 1489 τοῦ
1601 1422 1791 1488 τόπου
1831 1421 1903 1502 (1.
1946 1421 2084 1494 τοὺς
2125 1423 2343 1494 τόπους
2372 1426 2509 1490 sive
2533 1425 2782 1497 τούτους

407 1528 548 1598 τοὺς
617 1529 866 1610 τόπους)
941 1529 1298 1610 έθεωροῦμεν
1366 1531 1474 1604 τὴν
1547 1529 1726 1594 πόλιν
1789 1527 1983 1606 μέσην
2048 1528 2325 1606 κειμένην
2388 1536 2526 1602 τῆς
2592 1526 2629 1594 δ’
2640 1545 2781 1606 λης

406 1633 806 1706 Ἰουδαίας
875 1634 1077 1716 (codd.
1140 1637 1218 1700 A.
1281 1634 1479 1700 Burn.
1543 1633 1724 1700 Marc
1782 1633 2106 1714 Ἰουδαίων)
2170 1634 2271 1699 ἐπ’
2334 1633 2491 1715 ὅρους
2542 1637 2785 1716 ὑψηλὴν

405 1738 649 1820 ἔχοντος
714 1743 822 1816 τὴν
885 1741 1253 1807 audracus&
1325 1741 1709 1808 Succensent
1767 1743 1894 1805 viri
1944 1739 2114 1805 docti
2158 1741 2408 1806 homini
2452 1741 2773 1821 locorum,

404 1867 564 1932 quae
602 1847 934 1924 describit,
984 1853 1120 1912 tam
1166 1850 1424 1934 ignaro,
1474 1853 1549 1911 ut
1595 1849 1665 1910 in
1712 1847 1923 1912 media
1968 1845 2201 1912 Iudaea
2248 1845 2490 1912 Urbem
2537 1869 2780 1916 sacram

404 1957 596 2020 sitam
658 1975 794 2020 esse
855 1957 1200 2040 putaverit.
1265 1954 1350 2018 Et
1411 1955 1645 2020 merito
1704 1952 1803 2017 illi
1866 1953 2158 2038 quidem3
2208 1954 2319 2018 sed
2364 1957 2573 2022 nescio
2620 1978 2779 2022 num

401 2066 572 2127 recte
632 2063 927 2146 scriptori
983 2059 1147 2125 fflud
1192 2059 1418 2146 culpae
1465 2059 1807 2124 tribuatur.
1857 2057 2119 2124 Variant
2166 2062 2339 2124 enim
2384 2063 2451 2125 in
2496 2064 2653 2147 ipsis
2700 2066 2780 2128 iis

404 2167 616 2233 verbis
661 2167 940 2245 codices,
990 2187 1264 2252 quorum
1310 2165 1422 2231 alii
1467 2165 1785 2242 Ἰουδαίων,
1836 2164 1947 2230 alii
2000 2163 2302 2236 Ἰουδαίας
2349 2166 2620 2247 habent,
2670 2169 2779 2234 alii

406 2294 557 2339 vero
579 2322 594 2350 ,
644 2295 722 2338 ex
769 2273 1000 2358 quibus
1058 2272 1334 2358 pendent
1392 2275 1689 2357 antiquae
1751 2270 2057 2337 editiones
2076 2321 2093 2348 ,
2154 2271 2350 2338 verba
2415 2282 2568 2350 „viic
2633 2271 2777 2348 ὅλης

405 2377 754 2450 Ἰουδαίας”
803 2382 1134 2444 omittunt.
1206 2377 1428 2463 Neque
1475 2375 1846 2444 Garbitium
1893 2398 1967 2442 ea
2010 2379 2079 2442 in
2126 2378 2337 2444 codice
2382 2400 2499 2445 suo
2545 2379 2778 2466 legisse

404 2489 800 2573 putaverim,
849 2488 961 2572 qui
1006 2488 1234 2551 vertit:
1280 2483 1751 2562 „Cernebamus
1791 2486 2123 2550 civitatem
2160 2487 2228 2549 in
2266 2485 2479 2550 medio
2516 2487 2778 2568 reqionie

403 2594 636 2660 sitam”
699 2593 993 2674 (Iudaeae
1058 2595 1314 2658 nomine
1360 2614 1486 2658 non
1532 2592 1821 2672 adiecto).
1874 2591 2173 2677 Suspicor
2218 2596 2601 2660 sententiam
2650 2617 2778 2662 cor-

403 2707 662 2786 ruptam
707 2720 842 2765 esse
889 2697 1214 2764 vocabulis
1261 2705 1370 2772 τῆς
1421 2694 1562 2773 ὅλης
1613 2719 1647 2762 e
1694 2697 2214 2782 praecedentibus
2264 2707 2413 2777 »τῆς
2465 2697 2607 2777 ὅλης
2655 2705 2777 2783 χῶ-

403 2806 555 2884 ρας”
595 2826 928 2892 perperam
965 2807 1287 2890 repetitis,
1316 2805 1546 2890 quibus
1571 2811 1790 2890 postea
1813 2807 1948 2870 sive
1977 2802 2280 2876 Ἰουδαίας
2308 2809 2444 2872 sive
2470 2806 2771 2873 Ἰουδαίων

401 2913 720 2978 adiectum
777 2914 880 2975 sit.
945 2911 1114 2976 Nam
1176 2931 1326 2976 cum
1387 2913 1612 2976 statim
1672 2915 1976 2996 sequatur
2039 2911 2184 2988 »ἐπὶ
2239 2911 2299 2976 δὲ
2348 2918 2453 2983 τῆς
2504 2921 2770 3004 κορυφῇ

403 3020 864 3082 κατεσκεύαστο
902 3017 971 3080 τὸ
1012 3016 1229 3096 ίερὸν”,
1271 3020 1644 3102 scriptorem
1680 3015 1957 3082 indicare
1994 3017 2279 3084 voluisse
2318 3019 2482 3084 mihi
2513 3020 2773 3104 quidem

400 3124 670 3190 dubium
731 3145 858 3189 non
920 3131 1048 3204 est,
1112 3126 1306 3188 sitam
1375 3144 1509 3188 esse
1579 3124 1805 3188 urbem
1874 3123 1942 3186 in
2010 3125 2203 3188 medio
2272 3132 2461 3189 monte
2479 3174 2495 3203 ,
2568 3135 2634 3192 at
2704 3131 2773 3192 in

400 3231 678 3297 culmine
740 3229 1095 3316 templum:
1162 3231 1268 3305 τὴν
1333 3229 1509 3294 πόλιν
1574 3230 1768 3307 μέσην
1818 3231 2097 3304 κειμένην
2147 3231 2246 3294 ἐπ’
2300 3229 2459 3310 ὅρους
2512 3280 2526 3296 .
2555 3279 2571 3298 .
2601 3282 2615 3298 .
2668 3234 2765 3298 ἐπὶ

399 3338 463 3402 δὲ
512 3345 618 3409 τῆς
673 3345 936 3418 κορυφῆς
983 3337 1441 3401 κατεσκεύαστο
1489 3337 1560 3402 τὸ
1609 3335 1777 3415 ἱερόν.

493 3466 556 3529 p.
606 3441 713 3508 29.
747 3440 848 3508 17.
914 3440 1414 3507 obscurissimus
1473 3449 1539 3510 et
1592 3441 1930 3508 manifesto
1979 3447 2315 3527 corruptus
2360 3447 2648 3528 sequitur
2694 3445 2770 3512 de

401 3549 628 3634 templi
670 3547 1030 3614 velamento
1076 3548 1273 3613 locus.
1321 3547 1601 3614 Text-um
1644 3547 2036 3613 Schmidtius
2084 3547 2285 3613 edidit
2327 3550 2396 3612 in
2435 3549 2605 3615 hunc
2641 3572 2771 3616 mo-

400 3655 590 3719 dum:
659 3659 806 3731 ,,τοῦ
869 3677 938 3718 τε
1001 3653 1587 3731 καταπετάσματος
1654 3659 1687 3730 ὴ
1742 3653 2115 3724 διατύπωσις
2166 3655 2372 3733 θυρῶσι
2424 3656 2591 3719 κατὰ
2641 3660 2769 3720 πᾶν

399 3762 724 3840 ὁμοιοτάτη
780 3762 1052 3840 ὑπῆρχε·
1103 3762 1204 3824 καὶ
1258 3761 1546 3836 μάλιστα
1597 3760 1699 3825 διὰ
1747 3763 1855 3835 τὴν
1895 3765 2001 3825 τοῦ
2042 3759 2392 3837 πνεύματος
2435 3760 2769 3842 ὑποδρομὴν

398 3869 822 3949 (ἀδιάλειπτον
869 3868 1095 3940 κίνησιν
1140 3865 1587 3944 λαμβανούσης
1636 3875 1741 3941 τῆς
1794 3865 2051 3950 διυφῆς,
2102 3865 2204 3930 διὰ
2252 3866 2321 3930 τὸ
2360 3865 2461 3930 ἐπ’
2502 3866 2765 3948 ἐδάφους

398 3973 724 4053 γενομένης
791 3981 900 4047 τῆς
966 3971 1302 4050 ὑποδρομῆς
1355 3974 1521 4044 κατα
1570 3977 1679 4045 τὴν
1730 3972 2032 4037 κόλπωσιν
2080 3971 2268 4053 μέχρι
2315 3981 2422 4047 τῆς
2473 3972 2593 4038 ἄνω
2644 3975 2769 4041 δια-

396 4083 660 4162 τάσεως)
725 4080 929 4154 ὴδεῖάν
996 4104 1132 4143 τινα
1183 4081 1286 4142 καὶ
1337 4079 1869 4144 δυσαπάλλακτον
1915 4081 2021 4152 τὴν
2071 4081 2313 4157 θεωρίαν
2364 4078 2608 4161 ἔχοντος
2658 4089 2765 4150 τοῦ

395 4185 841 4266 maiarum-04⁹2
881 4185 1122 4250 Verum
1161 4207 1308 4250 cum
1349 4191 1414 4250 et
1453 4188 1586 4271 ipse
1628 4184 1840 4250 locum
1880 4193 2252 4270 corruptum
2290 4196 2603 4267 censeret,
2630 4195 2765 4255 tam

395 4315 605 4360 acrem
645 4293 1028 4358 medicinam
1050 4291 1484 4357 laborantibus
1510 4292 1721 4358 verbis
1745 4293 2253 4370 administravit,
2279 4299 2355 4357 ut
2378 4294 2507 4358 fere
2532 4317 2763 4362 novam

395 4401 530 4468 veli
552 4401 1035 4485 descriptionem
1059 4399 1330 4464 edidisse
1355 4399 1666 4464 videatur.
1694 4399 1928 4466 Scribit
1952 4402 2126 4464 enim
2155 4449 2187 4478 ‚,
2198 4399 2531 4480 ὑποδρομὴν
2559 4401 2763 4478 ἧδεῖάν
