3192 5009
1076 247 1163 294 nn
1207 247 1357 294 lumi
1412 246 1696 294 nomano.
2458 223 2585 292 117

464 411 531 475 in
598 434 663 475 eo
736 411 863 476 loco
925 413 1055 476 eine
1115 412 1255 476 dolo
1316 412 1499 494 malo)
1561 411 2051 498 aedificare
2119 411 2372 476 liceat
2438 411 2588 474 vim

446 519 679 604 fieri
724 517 965 582 veto.”

302 624 513 704 Quaeri
572 631 783 712 potest
804 674 819 702 ,
882 645 1075 711 quare
1138 630 1387 711 praeter
1446 625 1864 691 interdictum
1907 623 2072 690 illud
2115 623 2410 712 generale
2459 623 2586 688 duo

230 734 451 819 propria
508 732 849 798 interdicta
913 732 1365 799 desiderentur.
1430 732 1624 798 Ratio
1686 733 1840 798 haec
1893 738 1991 797 est
2007 779 2024 810 ,
2074 732 2243 818 quod
2289 731 2586 818 generale

228 840 605 905 interdictum
664 841 733 903 in
794 842 899 904 ius
962 845 1341 925 conceptum
1386 846 1484 904 est
1502 887 1519 916 ‚
1564 842 1784 924 itaque
1833 839 2130 904 omnibus
2178 845 2274 904 est
2317 837 2552 904 inutile
2568 883 2584 915 ,

227 949 317 1032 qui
350 949 482 1010 iure
528 944 711 1010 civili
754 967 881 1010 non
929 951 1197 1031 possunt
1248 944 1567 1011 intendere
1612 948 1717 1010 ius
1781 946 1906 1011 sibi
1952 965 2086 1010 esse
2132 947 2338 1009 invito
2383 942 2586 1008 altero

226 1052 531 1118 aedificare.
596 1051 707 1116 Ius
757 1057 977 1118 autem
1021 1051 1208 1117 civile
1255 1053 1590 1138 proprium
1635 1053 1740 1116 ius
1789 1051 2110 1138 sepulchri
2155 1049 2329 1115 haud
2374 1052 2586 1136 mag-is

228 1161 474 1244 agnoscit
539 1178 735 1244 quam
780 1156 945 1223 illud
986 1159 1091 1222 ius
1138 1157 1511 1223 aedificandi
1558 1157 1728 1242 quod
1775 1157 2186 1222 satisdatione
2238 1158 2583 1242 quaeritur.

230 1263 387 1329 Haud
444 1267 739 1351 agnoscit
798 1266 1133 1350 proprium
1193 1265 1297 1328 ius
1358 1263 1700 1350 sepulchri.
1763 1263 1826 1328 N
1827 1284 1934 1328 am
1981 1263 2278 1328 dominus
2325 1261 2585 1348 quidem

226 1374 277 1434 in
326 1370 477 1435 loco‘
516 1391 679 1456 puro
727 1373 1133 1456 proprietatis
1178 1371 1317 1435 iure
1362 1368 1776 1455 sepulchrum
1825 1369 2148 1448 aedificat;
2199 1373 2266 1434 at
2311 1370 2588 1455 proprie-

230 1480 353 1540 tatis
392 1479 493 1541 ius
540 1478 870 1541 amittitur
916 1481 1259 1562 postquam
1304 1475 1527 1541 illatus
1574 1476 1772 1541 fuerit
1808 1482 2106 1541 mortuus
2125 1476 2263 1541 loco
2284 1474 2585 1560 religioso

230 1583 359 1647 fliete
384 1581 451 1663 ¹).
516 1581 797 1648 Posthac
860 1585 914 1646 si
970 1581 1132 1647 velit
1196 1581 1520 1648 aedificare
1582 1581 1690 1647 vel
1734 1582 1984 1648 reficere
2029 1585 2086 1646 is
2131 1580 2212 1646 ad
2258 1602 2451 1666 quem
2495 1601 2587 1646 εθ-

232 1687 537 1772 pulchrum
576 1691 857 1774 pertinet
874 1737 891 1766 ,
918 1688 1155 1752 civilem
1180 1737 1195 1752 .
1226 1737 1240 1752 .
1272 1737 1287 1752 .
1319 1737 1332 1752 .
1360 1690 1650 1752 actionem
1671 1691 1745 1752 dc
1749 1689 2054 1774 faciendo
2079 1709 2276 1774 aeque
2299 1687 2586 1768 habe(bit)

232 1807 383 1880 atque
428 1798 483 1860 is
526 1799 645 1881 qui
690 1798 757 1860 in
802 1795 990 1860 litore
1038 1798 1235 1860 maris
1280 1795 1569 1862 aedificat
1593 1795 1668 1877 ⁵¹).
1719 1795 1914 1860 Haud
1953 1798 2242 1884 agnoscit
2262 1798 2367 1860 ius
2392 1793 2584 1860 civile

236 1903 315 1964 ius
370 1901 530 1967 illud
578 1900 947 1966 aedificandi
994 1902 1162 1988 quod
1209 1901 1621 1968 satisdatione
1668 1905 2016 1988 quaeritur.
2063 1902 2330 1967 Praetor
2374 1903 2582 1978 enim,

234 2027 327 2070 non
358 2007 457 2073 lex
473 2056 491 2084 ,
536 2008 735 2073 donec
756 2007 837 2072 lis
860 2007 1054 2073 finem
1078 2010 1347 2094 accipiat
1364 2057 1380 2085 ‚
1406 2028 1834 2094 possessorem
1855 2011 2120 2073 interim
2145 2009 2480 2072 constituit
2509 2007 2580 2087 ³).

300 2111 457 2178 Haec
494 2114 610 2178 ubi
650 2113 1042 2199 placuerint,
1082 2116 1304 2202 negari
1328 2135 1453 2179 non
1476 2117 1714 2201 poterit
1737 2122 1998 2180 eatenus
2021 2117 2424 2180 verissimam
2449 2133 2584 2179 esse

240 2217 475 2304 Adolphi
542 2217 781 2284 Stolzel
829 2218 1261 2284 definitionem
1279 2268 1295 2296 ‚
1347 2225 1662 2305 quatenus
1710 2219 2034 2285 contendit
2081 2222 2225 2306 cog-i
2267 2222 2585 2284 nuntiato-

236 2344 340 2387 rem
397 2345 653 2390 causam
719 2325 925 2391 dicere
988 2333 1101 2390 aut
1161 2329 1429 2391 missam
1487 2327 1690 2392 facere
1754 2329 2245 2392 nuntiationem.
2311 2323 2583 2412 Cogitm

239 2433 377 2494 enim
408 2451 520 2516 per
560 2430 979 2496 interdictum
1014 2454 1105 2495 ne
1151 2432 1489 2519 vissiat
1529 2433 2069 2519 aedificanti.
2109 2431 2342 2498 Vereor
2364 2439 2582 2498 autem

235 2543 289 2598 ut
326 2557 459 2602 mea
504 2539 952 2623 interpretatio
998 2537 1245 2623 placeat
1263 2587 1279 2616 ,
1326 2539 1471 2604 ideo
1520 2542 1672 2624 quia
1715 2540 2046 2626 hucusque
2091 2560 2342 2625 semper
2387 2539 2582 2605 credi·-

235 2645 347 2704 tum
384 2643 543 2721 fuit,
592 2642 1012 2707 interdictum
1058 2666 1147 2706 ne
1193 2645 1311 2706 vie
1341 2645 1535 2730 fiat
1580 2646 2100 2731 aedificanti
2136 2645 2432 2732 generale
2455 2667 2581 2710 non

234 2767 369 2824 esse,
412 2749 517 2814 sed
568 2752 887 2835 pertinere
932 2748 1013 2813 ad
1050 2751 1350 2814 iteratam
1388 2755 1531 2837 post
1571 2750 2053 2817 satisdationem
2089 2754 2578 2817 nuntiationem.

232 2849 327 2916 Cui
358 2858 705 2920 sententiae
742 2855 955 2920 favere
993 2855 1276 2921 creditur
1311 2855 1573 2943 Ulpiani
1609 2858 2050 2945 frag-mentum
2082 2857 2250 2944 quod
2272 2865 2370 2924 est
2390 2859 2579 2923 hodic

230 2955 263 3020 L
302 2959 335 3023 5
380 2963 413 3046 ᾖ
452 2961 540 3028 20
589 2961 669 3026 D.
721 2960 931 3026 39.1·

458 3070 513 3132 εἰ
565 3075 933 3152 procurator
990 3075 1185 3132 autem
1244 3089 1394 3152 opus
1455 3093 1668 3134 novum
1713 3071 1863 3134 mihi
1909 3070 2284 3135 nuntiaverit
2329 3077 2386 3135 et
2427 3071 2581 3134 satie

452 3176 765 3259 acceperit
824 3173 1042 3236 deinde
1086 3174 1409 3239 interdicto
1456 3178 1742 3241 adversm
1787 3199 1916 3240 eum
1960 3184 2104 3240 utar
2147 3199 2222 3240 nc
2267 3177 2387 3240 vim
2430 3177 2580 3240 mihi

436 3279 659 3366 faciat
702 3279 1013 3364 quominus
1061 3279 1367 3363 aedificem
1415 3329 1429 3344 .
1461 3329 1474 3345 .

302 3383 473 3474 Fingi
519 3386 769 3451 dicitur·
800 3389 857 3450 is
901 3389 1007 3451 cui
1051 3389 1425 3452 nuntiatum
1474 3391 1561 3453 sit
1609 3388 1686 3454 de
1736 3409 1924 3476 opere
1969 3390 2362 3456 restituendo
2399 3393 2580 3456 satis-

235 3486 433 3557 dedisse
446 3541 462 3569 ,
530 3491 755 3557 deinde
813 3491 1153 3556 interdicto
1214 3493 1315 3557 11ῖ1
1376 3493 1680 3560 adversus
1738 3497 2040 3560 iteratam
2085 3499 2575 3562 nuntiationem.

234 3595 299 3658 At
344 3595 491 3663 latet
554 3597 863 3662 mendum
911 3600 1262 3684 scripturae
1281 3620 1296 3676 ;
1348 3605 1447 3664 θεῖ
1492 3603 1665 3665 enim
1711 3601 2144 3687 reponendum
2205 3625 2576 3684 accepero

235 3719 319 3782 pro
356 3725 575 3785 accep
596 3703 759 3766 erit
773 3731 801 3778 ;
844 3703 1013 3789 quod
1056 3725 1181 3768 non
1220 3704 1363 3770 ideo
1402 3704 1712 3771 contendo
1752 3709 1902 3791 quia
1939 3708 2130 3771 alieni
2152 3707 2312 3771 iuris
2320 3707 2575 3790 petitor,

234 3805 283 3868 id
335 3815 423 3872 est
478 3815 865 3896 procurator,
938 3831 1018 3872 rc
1022 3811 1571 3891 promissione
1641 3819 1947 3876 contentus
2005 3835 2127 3876 esse
2171 3815 2388 3894 debe-(t)
2436 3812 2576 3893 (1.8

238 3911 263 3993 5
298 3911 329 3976 3
366 3913 437 3980 Ι).
484 3913 594 3980 39.
626 3915 727 3996 1);
771 3935 921 3980 nam
969 3916 1091 3980 hoc
1136 3915 1457 3982 refellitur
1502 3919 1575 3984 c'o
1613 3918 1783 4004 quod
1805 3918 2086 4005 leg-imus
2111 3918 2156 3984 1.
2186 3918 2225 3984 3
2251 3918 2330 3984 D.
2359 3917 2466 3984 46.
2497 3919 2574 3985 5:

282 4195 327 4257 l)
354 4200 593 4265 Sepulchri
626 4219 767 4254 nemo
798 4204 1019 4256 dominus
1052 4208 1152 4255 est:
1187 4205 1221 4256 1.
1261 4207 1322 4256 18
1359 4211 1383 4270 ς
1417 4208 1445 4256 5
1482 4209 1538 4259 D.
1574 4209 1767 4268 43.24;
1801 4225 1843 4258 c.
1877 4209 1911 4258 4
1946 4210 1999 4259 C.
2038 4210 2186 4262 8.44.

284 4278 329 4344 2)
357 4281 422 4332 Of.
454 4283 485 4336 l.
523 4286 586 4336 50
624 4287 685 4336 D.
717 4289 869 4338 41.1.

286 4359 333 4426 8)
361 4363 457 4415 Gai.
490 4365 563 4416 lv
596 4369 714 4434 51⁶.
