3192 5009
479 310 611 377 380
1285 332 1370 376 nn
1417 329 1687 378 'ramme
1732 329 2030 377 somnis.

573 493 743 575 Quae
814 497 931 560 sub
1000 495 1066 559 1⁰
1130 501 1194 558 et
1258 495 1329 559 2⁰
1393 503 1456 560 et
1524 494 1593 560 3⁰
1652 499 1867 580 posui,
1928 495 2111 561 facile
2172 499 2243 559 in
2287 516 2491 560 unum
2538 496 2851 582 coniungi

475 607 820 688 potuerunt
881 603 1002 667 sic:
1072 603 1169 680 „A
1233 603 1441 687 primo
1504 601 1740 688 angulo
1788 602 1840 666 L
1888 602 2077 687 pedes
2123 606 2191 684 in
2240 600 2601 668 aedificium
2646 599 2815 666 illud
2837 650 2852 677 ,

473 708 620 774 inde
669 707 786 772 XL
831 709 1018 794 pedes
1065 712 1133 772 in
1179 708 1537 774 aedificium
1585 707 1818 785 illud”,
1866 715 1931 774 et
1976 712 2069 774 ita
2114 708 2427 794 deinceps.
2472 707 2615 773 Hoc
2658 708 2852 773 modo

471 812 608 879 loca
672 819 850 878 erant
913 815 1306 878 determinata
1367 815 1544 878 certis
1589 815 1925 895 reqionibus
1973 815 2131 894 (vid.
2180 837 2353 900 supr.
2404 836 2551 901 pag.
2603 811 2733 880 373
2782 821 2855 879 et

473 919 853 985 Addendum
899 941 1046 1008 pag.
1098 919 1276 1001 390).

563 1025 702 1091 Hae
763 1026 1074 1092 formulae
1120 1047 1281 1113 quae
1327 1027 1524 1092 semel
1569 1027 1886 1092 confectae
1924 1030 2213 1113 primum
2250 1029 2317 1091 in
2355 1031 2853 1114 inauguratione

473 1133 903 1198 recitabantur
966 1132 1159 1218 (quod
1205 1139 1301 1198 est
1347 1133 1518 1199 effari
1559 1133 1827 1219 templa)
1866 1132 2090 1198 deinde
2128 1133 2618 1198 asservabantur
2652 1133 2853 1217 (quod

470 1247 566 1305 est
614 1239 856 1326 templa
901 1239 1082 1305 effata
1128 1240 1418 1326 habere),
1469 1241 1878 1306 continebant
1925 1260 2253 1304 summam
2298 1241 2588 1305 omnium
2626 1260 2853 1304 rerum

471 1366 631 1430 quae
691 1349 759 1410 in
819 1348 1308 1433 inauguratione
1371 1352 1549 1412 erant
1612 1347 1814 1411 factae
1877 1345 1951 1411 ad
2017 1346 2170 1411 fines
2233 1345 2725 1411 constituendos.
2774 1345 2853 1411 Si

470 1451 646 1518 locus
707 1451 938 1536 aliquis
1001 1453 1270 1518 habebat
1331 1474 1445 1517 sua
1511 1454 1698 1538 effata
1742 1451 1911 1538 apud
1958 1473 2233 1539 augures
2254 1501 2271 1529 ,
2322 1450 2642 1539 templum
2688 1459 2853 1516 erat.

474 1558 626 1623 Inde
686 1559 928 1624 factum
985 1565 1114 1636 est,
1174 1581 1298 1624 non
1345 1558 1554 1624 solum
1604 1568 1678 1624 ut
1724 1560 1841 1624 hoc
1889 1558 2311 1636 vocabulum,
2361 1558 2537 1623 locus
2584 1557 2811 1623 effatus
2836 1607 2854 1634 ,

470 1667 540 1727 in
586 1686 710 1749 quo
753 1666 958 1728 inerat
1001 1667 1138 1750 ipsa
1181 1667 1695 1750 inaugurationis
1743 1667 1906 1729 ratio
1924 1713 1941 1740 ‚
1989 1666 2163 1729 notio
2211 1667 2469 1728 immoti
2516 1669 2581 1728 et
2619 1667 2859 1749 sempi-

471 1774 671 1847 terni,
713 1769 1027 1835 sufficeret
1067 1791 1189 1855 quo
1229 1770 1670 1856 designaretur
1711 1770 2029 1855 templum
2068 1770 2339 1855 quodvis
2359 1819 2374 1848 ,
2418 1770 2528 1835 sed
2550 1775 2625 1834 ut
2650 1773 2853 1835 etiam

470 1874 856 1942 vocabulum
902 1876 1086 1941 effari·
1119 1878 1647 1962 comprehendere
1686 1882 1897 1962 posset
1938 1883 2143 1941 totam
2183 1878 2635 1942 caerimoniam
2672 1879 2859 1940 inau-

472 1985 865 2070 gurationis,
915 1988 980 2047 et
1025 2005 1159 2048 esse
1207 1989 1420 2069 posset
1458 2005 1572 2068 pro
1612 1987 2016 2069 inaugurare.
2058 1983 2225 2048 Nam
2261 1987 2581 2070 auspicia,
2633 2003 2863 2067 quam-

471 2093 570 2155 vis
617 2093 964 2155 necessaria
1009 2096 1215 2154 essent
1263 2096 1327 2154 et
1374 2091 1559 2156 cardo
1608 2094 1701 2155 rei
1750 2090 2213 2177 quodammodo
2252 2094 2319 2154 in
2361 2093 2451 2154 eis
2490 2097 2861 2155 versaretur

473 2203 694 2281 (quam
741 2197 819 2260 ob
868 2215 1124 2259 causam
1166 2195 1358 2261 Varro
1408 2195 1651 2281 templa
1690 2199 2015 2261 terrestria
2054 2197 2125 2258 ab
2166 2196 2458 2278 auspiciis
2497 2216 2631 2261 esse
2673 2195 2859 2272 dicit,

469 2303 600 2368 vid.
667 2323 812 2388 pag.
866 2300 993 2365 335
1043 2301 1182 2368 adn.
1251 2303 1350 2380 1),
1416 2309 1632 2367 tamen
1704 2302 1935 2367 diserte
2006 2305 2349 2368 memorari
2413 2322 2537 2367 non
2598 2323 2859 2387 semper

471 2428 720 2474 necesse
766 2415 930 2484 erat,
979 2411 1128 2493 quia
1173 2430 1448 2496 augures
1495 2417 1811 2495 augurato
1858 2430 2045 2494 agere
2092 2415 2583 2474 consentaneum
2631 2417 2803 2474 erat:

563 2515 738 2580 Serv.
803 2515 958 2580 Aen.
1027 2513 1087 2578 3.
1133 2513 1298 2579 463:
1368 2515 1669 2592 ‚,effatUS‚
1727 2536 1879 2602 ergo
1928 2516 2121 2581 verbo
2170 2515 2465 2601 augurali
2514 2537 2667 2579 usus
2714 2521 2857 2591 est,

471 2625 621 2707 quia
681 2624 802 2685 scit
858 2620 996 2685 loca
1061 2641 1233 2686 saera
1297 2621 1487 2702 (male
1536 2643 1648 2707 pro
1694 2629 1927 2702 sancta)
1974 2624 2017 2686 i.
2046 2644 2099 2687 e.
2150 2622 2228 2686 ab
2275 2622 2628 2707 auguribus
2672 2623 2859 2685 inan-

468 2731 732 2815 gurata,
785 2725 966 2791 effata
1013 2725 1201 2791 dici’'.
1331 2791 1340 2800 ,

561 2831 690 2899 Cic.
741 2835 874 2896 Att.
931 2832 1032 2896 13.
1062 2832 1167 2897 42.
1197 2831 1272 2897 3:
1325 2833 1759 2918 „Scripseram
1807 2838 1974 2911 iam3
2026 2855 2165 2900 ecce
2216 2837 2333 2901 tibi
2382 2841 2523 2902 orat
2569 2833 2853 2919 Lepidus

467 2945 544 3005 ut
611 2942 880 3004 veniam.
946 2937 1181 3025 Opinor
1243 2960 1518 3026 augures
1582 2939 1728 3004 vult
1793 2941 2019 3006 habere
2073 2944 2157 3004 ad
2200 2943 2475 3026 templum
2522 2943 2851 3026 effandum.

469 3046 689 3110 Eatur.
741 3047 1018 3120 Mlacmoe
1067 3045 1279 3122 δρυός”
1315 3043 1382 3130 ¹).

559 3152 703 3215 Liv.
772 3151 874 3216 10.
917 3149 1023 3216 37.
1072 3151 1186 3215 15:
1248 3150 1414 3228 „sed
1475 3153 1697 3216 fanum
1760 3159 2049 3229 tantum,
2110 3153 2174 3216 id
2238 3161 2335 3218 est
2379 3153 2557 3220 locus
2606 3152 2855 3238 templo

471 3257 721 3334 effatus,
771 3257 1040 3321 fizerat'’.

560 3362 709 3429 Loci
757 3385 912 3447 quos
953 3361 1178 3438 attuli,
1220 3363 1332 3427 ubi
1373 3363 1449 3426 ab
1491 3367 1754 3448 optimis
1794 3366 2159 3430 auctoribus
2198 3387 2451 3430 summa
2488 3369 2651 3430 ratio
2690 3369 2855 3430 tem-

469 3467 725 3554 plorum
781 3469 1054 3532 refertur
1101 3468 1178 3531 ad
1223 3467 1378 3532 duas
1428 3489 1558 3544 reS,
1612 3470 1781 3553 quod
1828 3473 1957 3534 sint
2000 3470 2139 3535 loca
2187 3492 2346 3555 quae
2394 3492 2432 3535 a
2475 3470 2608 3535 deis
2650 3473 2857 3552 auspi-

469 3574 580 3638 ciis
643 3576 770 3637 sint
825 3573 1192 3637 confirmata
1239 3581 1302 3638 et
1352 3595 1509 3658 quae
1557 3575 1831 3666 habeant
1870 3579 2024 3656 fines
2070 3579 2247 3640 certis
2274 3577 2577 3662 formulis
2622 3579 2859 3640 demon-

465 3689 718 3758 stratos,
766 3681 1140 3765 gravissimi
1185 3687 1332 3743 sunt
1382 3701 1506 3744 non
1556 3680 1766 3744 solum
1814 3689 2073 3766 propter
2117 3683 2183 3746 id
2229 3683 2395 3768 quod
2443 3687 2511 3747 in
2557 3686 2649 3748 eis
2685 3681 2857 3747 affir-

465 3793 708 3862 matur,
769 3785 878 3850 sed
927 3784 1135 3849 mult-o
1185 3788 1394 3871 magis
1441 3789 1639 3850 etiam
1686 3795 1943 3872 propter
1988 3787 2055 3852 id
2104 3789 2272 3874 quod
2320 3792 2387 3852 in
2436 3791 2527 3853 eis
2575 3795 2856 3875 negatur

477 3945 707 3952 ———
734 3941 840 3949 -———

533 4033 586 4095 l)
631 4032 904 4080 Lectionum
951 4030 1095 4078 huius
1141 4029 1230 4078 loci
1269 4031 1522 4080 constituit
1557 4036 1605 4079 et
1640 4032 1795 4082 locum
1827 4032 2084 4097 explicavit
2121 4034 2196 4083 vir
2228 4033 2288 4083 cl.
2328 4035 2473 4090 Boot,
2508 4035 2580 4084 M.
2616 4035 2855 4084 Aemilius

465 4115 670 4178 Lepidus
721 4129 761 4162 a.
811 4116 874 4161 45
929 4129 1036 4161 cum
1092 4113 1317 4176 magister
1367 4114 1581 4177 equitum
1630 4119 1775 4172 esset,
1814 4116 1975 4164 aedem
2010 4115 2251 4164 Felicitati
2288 4117 2535 4165 aedificare
2570 4116 2851 4176 constituit,

459 4197 636 4262 partim
673 4196 722 4244 in
760 4210 815 4243 eo
851 4195 954 4243 loco
994 4193 1072 4242 ubi
1109 4199 1247 4242 antea
1283 4195 1439 4242 fuerat
1478 4196 1624 4244 Curia
1664 4197 1902 4254 Hostilia.
1940 4198 2024 4246 cfr.
2062 4197 2151 4246 Dio
2185 4200 2263 4246 44.
2288 4199 2384 4246 5.2
2438 4199 2511 4247 Ad
2546 4213 2655 4248 eum
2693 4199 2851 4248 locum

463 4278 846 4342 inaugurandum
891 4275 1150 4338 auguribus
1198 4276 1240 4323 ei
1289 4292 1406 4341 opus
1451 4281 1581 4336 erat,
1619 4277 1739 4326 hanc
1773 4278 1832 4327 ob
1866 4295 2053 4327 causam
2090 4279 2338 4345 expetebat
2376 4295 2569 4344 operam
2607 4281 2853 4330 Ciceronis

463 4362 672 4425 auguris.
719 4360 884 4408 Cicero
935 4363 1069 4406 notat
1110 4357 1196 4406 illo
1230 4359 1482 4422 proverbio
1517 4361 1698 4408 Graeco
1734 4362 1881 4424 (quod
1917 4363 1975 4410 ad
2009 4377 2238 4425 quercum
2280 4363 2581 4412 Dodonaeam
2616 4363 2853 4428 pertinet)

464 4443 712 4494 levitatem
745 4457 838 4507 qua
871 4441 1027 4489 solum
1064 4444 1280 4489 sanctum
1317 4441 1488 4490 Curiae
1525 4459 1648 4491 novo
1682 4443 1785 4493 usui
1822 4443 2162 4494 destinabatur.
