3192 5009
501 323 630 392 376
1305 347 1388 394 nn
1434 347 1703 394 'rnupms
1750 346 2049 394 nomme.

492 515 734 577 mentio
779 513 942 577 facta
989 519 1084 576 est
1128 512 1202 576 de
1249 511 1652 578 tabernaculo
1700 513 1868 597 quod
1915 519 2194 601 captaret
2240 534 2451 600 augur
2488 515 2559 577 in
2600 513 2759 578 Arce
2798 519 2871 578 et

488 619 908 704 magistratus
967 621 1078 702 qui
1137 622 1316 683 extra
1370 619 1593 684 urbem
1645 621 2088 704 auspicaturus
2132 626 2296 685 esset
2310 668 2327 698 ,
2376 619 2453 684 de
2502 639 2629 704 quo
2678 623 2869 684 antea

491 727 746 812 egimus
807 722 1143 803 (Mnemos.
1213 721 1404 788 1889.
1476 721 1555 789 17
1618 745 1765 811 pag.
1830 723 1957 790 281
2022 747 2137 810 sq„
2202 732 2267 791 et
2332 724 2526 790 1890.
2582 724 2665 790 18
2714 745 2869 810 pag.

493 830 625 896 242
674 835 856 915 sqq.).
919 827 1124 894 Verba
1168 828 1375 894 Servii
1419 835 1568 894 sunt
1613 830 1767 895 haec
1812 831 1996 916 (Aen.
2046 831 2107 896 4.
2138 831 2333 916 200):

586 937 760 1017 „Alii
819 935 1138 1022 templum
1183 935 1402 1001 dicunt
1445 958 1572 1002 non
1620 937 1829 1002 solum
1875 938 2043 1024 quod
2086 944 2297 1024 potest
2342 937 2553 1004 claudi
2570 987 2586 1016 ,
2635 957 2873 1002 verum

492 1051 689 1114 etiam
755 1044 925 1129 quod
992 1042 1152 1128 palis
1221 1049 1334 1107 aut
1393 1045 1591 1108 hastis
1652 1051 1765 1109 aut
1826 1044 2035 1131 alique
2098 1044 2215 1110 tali
2260 1065 2327 1110 re
2372 1051 2437 1109 et
2479 1043 2695 1109 linteis
2740 1045 2873 1128 (sic

377 1239 384 1247 ι
491 1154 720 1219 Nissen
765 1148 1107 1235 Templum
1152 1169 1296 1236 pag.
1347 1148 1388 1213 4
1435 1171 1546 1235 pro
1595 1150 1802 1234 bimis)
1851 1157 1964 1216 aut
2002 1151 2153 1217 loris
2191 1159 2304 1216 aut
2346 1149 2547 1216 simili
2586 1171 2653 1215 re
2692 1170 2876 1234 saep-

491 1265 637 1326 tum
700 1263 827 1334 est,
893 1255 1060 1341 quod
1123 1255 1384 1320 effatum
1429 1258 1540 1334 (sic
1587 1255 1953 1322 Mommsen
2000 1257 2114 1323 1.1.
2164 1279 2278 1342 pro
2322 1263 2381 1320 et
2408 1257 2679 1342 factum)
2727 1261 2869 1334 est3

493 1363 772 1450 amplius
815 1365 883 1426 in
929 1383 1002 1426 eo
1047 1383 1174 1426 uno
1215 1363 1391 1426 exitu
1427 1383 1562 1428 esse
1602 1384 1727 1427 non
1765 1369 2014 1449 oportet
2030 1412 2047 1442 ,
2089 1385 2239 1428 cum
2273 1362 2366 1427 ibi
2404 1365 2490 1427 sit
2528 1363 2875 1427 cubiturus

492 1469 889 1556 auspicans'’.

583 1575 708 1640 Hic
766 1574 946 1639 locus
963 1621 978 1649 ,
1042 1577 1116 1636 ut
1162 1594 1327 1637 nunc
1370 1572 1614 1659 legitur
1632 1623 1647 1651 ,
1698 1577 1811 1640 vix
1855 1581 2022 1640 recte
2068 1595 2131 1640 se
2178 1575 2411 1640 habere
2458 1575 2749 1652 videtur,
2800 1583 2879 1639 et

491 1687 562 1748 in
609 1704 680 1748 eo
728 1685 840 1746 aut
887 1678 1127 1765 aliquid
1175 1682 1487 1745 omissum
1528 1682 1615 1745 sit
1650 1702 1900 1747 necesse
1940 1687 2035 1746 est
2078 1687 2190 1746 aut
2224 1685 2294 1746 in
2333 1682 2545 1748 locum
2584 1681 2881 1747 alienum

493 1787 734 1874 aliquid
777 1807 1107 1872 perperam
1151 1789 1466 1851 insertum
1512 1793 1609 1850 est
1656 1787 1826 1871 quod
1870 1787 1950 1852 ad
1998 1786 2201 1852 alium
2248 1787 2464 1853 locum
2502 1791 2880 1872 pertineret.

495 1897 792 1960 Primum
855 1913 1246 1978 quamquam
1307 1893 1427 1958 hoc
1487 1891 1623 1958 loco
1688 1893 1764 1958 de
1814 1893 2053 1979 templo
2104 1894 2328 1958 minore
2371 1894 2546 1980 loqui
2595 1892 2886 1960 voluisse

493 2001 790 2067 Servium
851 2005 1110 2085 apparet
1167 2001 1221 2063 si
1285 2001 1422 2064 eius
1483 1998 1679 2064 verba
1740 2021 2185 2086 comparamus
2245 2022 2395 2066 cum
2440 2001 2653 2066 verbis
2696 1999 2886 2064 Festi

494 2107 682 2173 modo
719 2105 995 2170 laudatis
1014 2153 1030 2182 ,
1072 2110 1286 2170 tamen
1323 2105 1440 2171 hoc
1479 2107 1695 2190 ipsum
1731 2107 1922 2168 minue
1962 2109 2032 2170 in
2070 2127 2142 2171 eo
2184 2128 2309 2171 non
2342 2106 2587 2193 legitur
2603 2127 2619 2184 ;
2648 2105 2883 2170 deinde

493 2216 642 2280 hinc
689 2213 768 2277 ad
813 2211 1124 2276 ultimum
1171 2213 1479 2276 sententia
1524 2211 1771 2277 aberrat
1818 2212 1898 2276 ad
1945 2212 2426 2278 tabernaculum
2464 2215 2533 2276 in
2573 2232 2696 2296 quo
2736 2231 2888 2275 aus—

495 2323 661 2406 picia
728 2319 1140 2403 capiebantur
1160 2365 1175 2393 ,
1246 2338 1449 2401 neque
1518 2323 1734 2382 tamen
1802 2318 1997 2384 verbo
2058 2317 2409 2383 indicatum
2464 2323 2561 2382 est
2624 2338 2738 2381 cur
2800 2337 2883 2381 eo

496 2426 708 2492 subito
774 2425 1152 2488 transiretur
1168 2471 1184 2500 ,
1255 2429 1579 2508 praeterea
1649 2426 1873 2488 omnia·
1932 2427 2123 2489 nimis
2180 2426 2458 2490 brevitor
2505 2423 2673 2489 dicta
2720 2427 2882 2487 sunt

495 2553 698 2616 neque
765 2528 900 2594 ullo
968 2528 1156 2592 modo
1225 2529 1574 2593 cohaerent.
1650 2527 1909 2594 Servius
1978 2533 2141 2596 mihi
2206 2531 2463 2596 videtur
2510 2550 2883 2615 comparare

496 2637 774 2703 voluisse
821 2635 1098 2718 temphcm
1145 2634 1336 2696 minus
1383 2655 1530 2698 cum
1571 2635 1950 2699 tabernaculo
1994 2636 2365 2720 auspic-mutis
2382 2686 2399 2714 ‚
2441 2638 2590 2722 quia
2626 2641 2883 2701 utrum-

497 2765 619 2830 que
680 2745 845 2807 esset
903 2743 970 2804 in
1029 2739 1165 2804 loco
1225 2743 1607 2826 inaugurato
1626 2789 1641 2817 ,
1710 2747 1775 2806 et
1838 2741 2016 2806 fieret
2062 2763 2139 2807 ex
2188 2741 2349 2828 palis
2397 2747 2460 2807 et
2504 2741 2757 2817 linteis,
2811 2748 2883 2806 et

496 2847 820 2934 templum
882 2845 1142 2931 quidem
1203 2844 1629 2931 appellaretur
1692 2847 1801 2912 sed
1863 2853 2077 2912 tamen
2138 2848 2355 2913 eodem
2402 2847 2593 2913 modo
2640 2849 2881 2932 opponi

497 2961 708 3042 posset
756 2952 1051 3018 aedificiis
1102 2957 1165 3017 et
1210 2954 1515 3016 stucturis
1564 2955 1969 3018 manentibus
2018 2975 2177 3039 quae
2225 2955 2303 3019 ab
2353 2957 2558 3039 operis
2605 2956 2671 3018 in
2718 2958 2883 3018 tem-

497 3061 624 3148 plis
685 3059 822 3124 fieri
886 3057 1158 3123 solerent
1175 3077 1190 3134 ;
1257 3057 1520 3123 fortasse
1583 3059 2062 3125 tabernaculum
2110 3062 2495 3146 auspicantis
2542 3067 2881 3144 tamquam

497 3187 700 3254 genus
744 3163 1061 3250 quoddam
1099 3163 1326 3248 templi
1363 3167 1629 3228 minoris
1667 3172 1834 3230 recte
1876 3165 2132 3231 definire
2172 3165 2385 3231 voluit
2407 3163 2687 3231 Servius.
2728 3164 2879 3230 Hoc

500 3279 667 3338 recte
729 3292 794 3336 se
856 3271 1081 3351 habet,
1132 3269 1321 3334 modo
1369 3291 1447 3335 ne
1494 3269 1911 3356 neg-legamus
1960 3292 2275 3357 magnum
2322 3271 2662 3337 discrimen
2708 3269 2883 3356 quod

500 3401 537 3444 a
583 3377 801 3442 Servio
847 3375 1108 3440 fortasse
1146 3381 1572 3440 memoratum
1614 3383 1748 3442 erat
1788 3375 1897 3441 sed
1935 3398 2101 3442 nunc
2142 3399 2214 3442 eo
2254 3377 2391 3442 loco
2430 3399 2556 3442 non
2597 3375 2877 3463 leg-itur,

500 3487 785 3570 primum
846 3481 1327 3546 tabernaculum
1387 3484 1773 3567 auspicantis
1836 3483 2033 3548 fuisse
2083 3491 2297 3547 teobam
2316 3533 2331 3561 ,
2382 3489 2459 3548 ut
2504 3486 2721 3570 ipsum
2768 3503 2883 3547 vo—

501 3589 802 3655 cabulum
842 3587 1117 3653 ostendit
1134 3636 1149 3664 ‚
1202 3587 1443 3672 templa
1489 3591 1737 3653 minora
1782 3609 1931 3654 vero
1982 3589 2174 3655 fuisse
2222 3591 2355 3653 sine
2377 3570 2387 3580 ⁵
2408 3593 2605 3672 tect0,
2656 3593 2733 3651 ut
2780 3609 2883 3652 res

500 3701 638 3783 ipsa
705 3696 963 3782 probat,
1030 3693 1252 3758 deinde
1315 3715 1386 3758 ea
1451 3693 1692 3779 templa
1710 3744 1726 3773 ,
1788 3697 1855 3759 in
1916 3696 2147 3781 quibus
2211 3693 2615 3760 tabernacula
2674 3693 2880 3758 facere

502 3802 776 3869 solerent
834 3803 1230 3886 auspicantes
1248 3849 1265 3877 ‚
1327 3802 1466 3886 ipsa
1527 3803 1723 3865 etiam
1780 3806 1997 3886 saepta
2042 3801 2239 3865 fuisse
2287 3807 2432 3864 tum
2478 3820 2630 3864 cum
2676 3799 2883 3864 taber·

501 3909 806 3974 naculum
869 3907 1123 3972 nullum
1167 3909 1437 3984 inesset,
1489 3907 1757 3992 denique
1802 3909 1873 3970 in
1919 3927 2046 3971 uno
2096 3905 2337 3991 templo
2389 3905 2744 3990 compluria
2786 3910 2879 3970 ta-

506 4015 840 4082 bernacula
884 4016 1034 4100 poni
1083 4016 1383 4098 potuisse.

595 4121 673 4186 In
733 4123 873 4184 urbe
934 4121 1239 4183 condenda
1299 4119 1460 4184 nihil
1521 4119 1764 4183 factum
1827 4139 1960 4183 esse
2021 4124 2266 4183 constat
2327 4120 2394 4181 in
2456 4115 2593 4182 loco
2636 4119 2703 4180 in
2752 4138 2884 4201 quo

506 4229 678 4293 muri
737 4224 1101 4292 aedificandi
1161 4230 1400 4300 essent,
1463 4224 1633 4309 quod
1694 4223 1904 4289 simile
1968 4231 2128 4289 esset
2192 4221 2455 4307 templis
2502 4222 2881 4288 minoribus.

507 4332 645 4398 Hoc
705 4353 851 4396 sane
899 4352 1367 4416 supervacuum
1413 4336 1581 4406 erat,
1633 4331 1783 4414 quia
1829 4328 2006 4394 locus
2053 4331 2225 4394 muri
2270 4331 2466 4394 etiam
2516 4337 2735 4414 postea
2782 4329 2883 4395 fu-

505 4447 728 4504 turum
787 4459 913 4503 non
971 4443 1106 4502 erat
1149 4444 1225 4502 ut
1272 4439 1652 4522 saepiretur,
1702 4435 1809 4501 sed
1856 4442 1930 4499 ut
1976 4436 2265 4500 terminis
2311 4433 2698 4500 definiretur.
2750 4434 2880 4502 Sed
