3192 5009
565 185 698 253 252
1331 206 1415 252 nn
1460 206 1612 252 1111111
1660 205 2112 254 omonimum.

563 370 775 436 solum
834 373 1117 458 potuisse
1173 371 1479 436 intercedi
1496 422 1512 449 ,
1578 374 1636 436 si
1694 372 1814 437 hoc
1881 371 2060 437 fieret
2107 372 2437 435 volentibus
2484 372 2659 435 etiam
2710 370 2801 434 cis
2849 370 2946 454 qui

562 480 744 558 leqem
785 479 1073 562 ferrent,
1140 480 1195 541 si
1254 478 1355 541 his
1409 499 1660 562 quoque
1705 483 1970 565 gratum
2020 484 2185 543 esset
2231 484 2306 541 ut
2349 477 2456 543 lex
2501 475 2944 562 impediretur,

561 605 688 649 non
733 605 886 649 vero
907 634 923 662 ,
972 586 1028 648 si
1072 586 1197 669 ipsi
1244 591 1547 669 cuperent
1591 584 1807 672 legem
1854 606 2039 650 suam
2084 585 2380 670 perferre.
2422 584 2798 649 Intercessio
2838 582 2950 647 illa

562 693 787 777 igitur,
848 711 1010 775 quae
1059 711 1113 754 a.
1169 690 1254 754 54
1301 690 1468 755 facta
1515 696 1648 769 est,
1699 712 1824 755 non
1869 692 2196 756 nitebatur
2241 689 2408 776 lege,
2459 690 2567 755 sed
2612 688 2949 756 voluntate

564 804 628 863 et
673 818 976 862 consensu
1027 817 1252 861 eorum
1297 800 1408 882 qui
1450 797 1527 861 ad
1566 797 1784 884 legem
1824 803 2152 863 vetantem
2175 817 2516 883 provocare
2540 799 2946 871 omitterent;

561 906 779 988 itaque
827 905 951 967 sita
996 908 1131 967 erat
1175 908 1357 968 extra
1400 906 1502 967 ius
1542 907 2001 981 constitutum,
2044 909 2108 969 et
2148 906 2331 988 quasi
2366 906 2618 988 privata
2655 905 2948 988 pactione

563 1010 1023 1075 continebatur.
1077 1046 1161 1057 -—
1208 1008 1334 1074 Sed
1377 1010 1547 1074 hunc
1596 1015 1845 1075 statum
1891 1013 2089 1087 111116,
2141 1013 2252 1095 qui
2297 1016 2476 1074 ortus
2515 1015 2650 1074 erat
2689 1031 2769 1074 ex
2809 1008 2947 1093 lege

565 1113 820 1191 Clodia,
872 1112 1091 1180 Cicero
1141 1121 1288 1200 post
1334 1115 1552 1180 decem
1590 1138 1786 1181 annos
1824 1120 1890 1181 in
1933 1120 2214 1182 oratione
2255 1116 2530 1202 quadam
2567 1120 2949 1202 impugnare

564 1229 628 1288 et
690 1221 903 1287 verbis
948 1220 1260 1287 discutere
1308 1228 1571 1286 conatus
1621 1229 1735 1287 est.
1787 1224 2104 1288 Antonius
2154 1221 2372 1288 consul
2421 1229 2566 1287 tum
2609 1222 2791 1307 leges
2837 1220 2951 1284 fae-

564 1334 750 1393 turus
796 1333 932 1392 erat
977 1348 1137 1412 quae
1182 1349 1414 1413 parum
1462 1327 1800 1413 placebant
1845 1329 2265 1413 optimatibus
2281 1350 2298 1407 ς
2352 1326 2572 1394 Cicero
2622 1350 2775 1394 cum
2819 1348 2950 1391 con·

564 1434 744 1499 cedat
810 1434 1134 1499 consulem
1202 1455 1306 1499 eas
1377 1434 1678 1519 impediri
1749 1457 1876 1500 non
1949 1456 2085 1499 esse
2157 1456 2534 1520 passurum,
2611 1436 2948 1501 verborum

566 1542 773 1624 specie
833 1537 1099 1603 simulat
1158 1560 1223 1604 se
1286 1540 1406 1605 hoc
1453 1561 1578 1605 non
1626 1540 1959 1605 ferendum
2011 1543 2379 1606 existimare
2430 1563 2625 1626 seque
2671 1545 2958 1628 ignorare

563 1645 781 1733 legem
842 1648 1113 1711 existere
1180 1666 1340 1731 quae
1387 1652 1566 1711 vetet
1611 1646 2079 1733 impedimenta
2128 1647 2355 1713 afferri.
2409 1649 2547 1726 „De
2593 1648 2693 1711 his
2743 1648 2956 1728 leq-ibus

566 1756 658 1818 ait
719 1775 869 1837 quae
918 1752 1340 1834 promulyatae
1384 1758 1526 1815 cunt
1571 1754 1741 1837 queri
1777 1776 2112 1835 possumus.
2171 1755 2403 1835 Quaero
2451 1761 2647 1817 autem
2695 1752 2845 1838 quid
2884 1752 2959 1815 sit

567 1883 672 1922 cur
711 1865 819 1922 aut
857 1880 959 1939 eqo
997 1865 1104 1921 aut
1143 1858 1452 1943 quisquam
1490 1866 1744 1922 vestrum
1764 1908 1780 1937 ,
1818 1868 2034 1942 patres
2080 1860 2438 1942 conscripti,
2489 1861 2658 1923 boni-3
2708 1858 2955 1923 tribunis

556 1966 730 2048 plebi
792 1966 946 2046 Ceyce
1007 1965 1198 2028 malae
1258 1972 1499 2029 metuat.
1564 1965 1914 2030 Paratoe
1983 1968 2350 2030 habemus
2420 1968 2556 2052 qui
2626 1968 2953 2030 interce-

568 2075 798 2150 dant,
835 2078 1186 2154 paratos
1231 2072 1365 2155 qui
1404 2073 1975 2154 rempublicam
2014 2074 2424 2154 reliyione
2463 2075 2951 2159 defendam&

568 2178 743 2242 vacui
788 2184 944 2241 metu
992 2200 1115 2240 csse
1161 2178 1447 2241 debemus.
1501 2215 1582 2225 —
1643 2180 1804 2259 Qua-5·
1852 2186 1918 2242 tu
1956 2179 2106 2241 mihi
2127 2227 2142 2256 ,
2184 2179 2417 2264 inquit,
2459 2172 2951 2242 intercessiones?

577 2286 740 2366 Qua-3
801 2283 1176 2363 rebiyiones?
1224 2321 1310 2331 -—
1359 2284 1487 2347 Eas
1546 2284 1779 2347 scincet
1796 2333 1811 2360 ,
1879 2285 2089 2369 quibus
2150 2285 2520 2367 reipublicae
2568 2286 2736 2347 sabas
2784 2278 2952 2345 conti-

569 2396 763 2454 netur.
816 2426 900 2435 —
948 2388 1335 2469 Neyleyimus
1402 2389 1523 2451 ieta
1591 2397 1650 2452 et
1709 2389 1890 2453 nimis
1951 2390 2204 2475 antiqua
2265 2414 2336 2453 ac
2397 2391 2584 2454 stulta
2651 2389 2909 2453 ducimus
2925 2410 2950 2458 ,-

551 2498 775 2582 forum
843 2495 1166 2577 saepietur‚
1239 2517 1431 2558 omnes
1494 2496 1854 2559 claudentur
1918 2496 2124 2559 aditus
2142 2545 2158 2573 ‚
2227 2496 2449 2560 armati
2510 2497 2578 2559 in
2630 2490 2954 2578 praecidiis

569 2601 776 2665 multis
838 2601 983 2663 locis
1044 2601 1509 2665 collocabuntur.
1561 2640 1648 2650 -—
1706 2602 1871 2684 Quid
1933 2603 2107 2665 tum?
2175 2604 2348 2683 Quod
2403 2604 2495 2665 ita
2543 2602 2664 2665 erit
2703 2606 2947 2683 yestum,

570 2710 641 2771 id
699 2708 797 2770 lex
857 2707 974 2770 erit
990 2707 1027 2769 .?
1087 2713 1144 2770 et
1188 2707 1258 2769 in
1304 2729 1404 2770 aee
1451 2708 1646 2770 incidi
1696 2708 1974 2771 iubebitis
1992 2758 2008 2786 ‚
2060 2710 2232 2771 credo
2253 2757 2268 2785 ,
2319 2708 2438 2770 illa
2483 2708 2754 2789 leyitima
2771 2733 2789 2769 .·
2835 2725 2950 2766 con·

570 2815 730 2878 eules
763 2813 1057 2896 populum
1101 2812 1234 2876 iure
1281 2820 1640 2893 royaverwnt
1689 2853 1772 2861 —
1813 2813 2022 2877 hocine
2063 2838 2101 2876 a
2142 2813 2464 2876 maioribus
2501 2814 2829 2895 accepimus
2865 2808 2949 2869 ἕω

571 2919 879 3001 royandi?
904 2956 988 2967 —-
1003 2919 1385 3002 populusque
1420 2919 1552 2980 iure
1586 2918 1858 2981 scivit?''
1910 2918 2104 2997 (Phil.
2139 2919 2197 2984 l.
2230 2918 2336 2983 10.
2361 2917 2497 3001 25).
2547 2918 2725 2984 Haec
2773 2913 2946 2981 verba

573 3025 861 3091 multum
903 3046 1051 3090 sane
1098 3023 1314 3089 valere
1359 3028 1744 3109 potuerunt,
1801 3025 2119 3110 siquidem
2168 3031 2424 3090 senatus
2466 3028 2557 3089 eis
2598 3019 2944 3109 permoveri

570 3136 785 3219 potuit
831 3138 905 3196 ut
950 3134 1294 3196 etiamtum
1341 3130 1600 3196 tolleret
1643 3130 1859 3217 legem
1909 3129 2199 3197 Clodiam
2245 3132 2553 3197 intercedi
2599 3135 2942 3198 vetantem3

572 3239 682 3303 sed
742 3241 797 3302 si
857 3257 931 3301 ea
975 3240 1299 3322 exigimus
1348 3237 1428 3300 ad
1475 3257 1772 3301 normam
1819 3239 1981 3300 iuris
2027 3236 2195 3321 quod
2241 3242 2388 3299 tum
2438 3235 2732 3321 vigebat,
2781 3247 2948 3297 voces

572 3350 752 3410 erant
797 3348 863 3408 et
905 3346 1123 3407 inanes
1174 3340 1465 3428 querelae
1487 3391 1502 3419 ,
1553 3363 1758 3427 neque
1800 3342 2151 3427 quidquam
2191 3342 2464 3427 probant
2503 3344 2627 3406 nisi
2668 3342 2818 3415 hoc,
2859 3338 2948 3398 ius

573 3450 741 3536 quod
805 3454 948 3513 tum
1009 3448 1250 3514 valeret
1313 3447 1711 3533 displicuisse
1773 3446 2084 3513 Ciceroni.
2133 3448 2309 3512 Adeo
2358 3468 2583 3513 verum
2636 3453 2769 3523 est,
2818 3449 2947 3504 tum

573 3555 822 3621 nullam
879 3556 1396 3620 intercessionem
1456 3554 1688 3630 fuisse,
1754 3560 1828 3618 ut
1892 3560 2147 3638 postea,
2217 3574 2367 3618 cum
2428 3554 2607 3640 leges
2653 3548 2944 3617 Antoniae

573 3661 854 3748 perlatae
924 3666 1133 3725 essent
1202 3667 1266 3725 et
1345 3665 1602 3723 senatus
1689 3680 1793 3723 eas
1879 3659 2101 3724 tollere
2188 3657 2421 3736 vellet,
2513 3665 2769 3723 senatus
2836 3668 2945 3715 non

573 3769 858 3854 potuerit
926 3771 1140 3850 petere
1208 3785 1468 3829 causam
1542 3764 1971 3828 tollendarum
2041 3764 2271 3849 legum
2356 3786 2433 3829 ex
2518 3762 2944 3829 intercessione

574 3879 783 3959 spreta
830 3879 943 3937 aut
988 3871 1201 3948 elusa,
1254 3870 1363 3935 sed
1410 3891 1672 3934 causam
1719 3874 1933 3955 petere
1984 3869 2277 3935 debuerit
2328 3891 2407 3934 ex
2455 3869 2745 3952 auspiciis
2782 3882 2943 3929 emen-

578 3981 742 4053 sssse‘flx,
807 3979 977 4063 quod
1036 3981 1205 4043 inter
1262 3980 1524 4041 comitia
1570 3979 1855 4042 tonuisse
1904 3976 2176 4053 diceret,
2227 3976 2358 4041 vid.
2410 3997 2580 4061 supr.
2633 3996 2778 4061 pag.
2824 3961 2938 4034 239

578 4089 718 4149 111111.
774 4085 833 4148 1.

678 4193 738 4253 11.
803 4189 900 4255 De
946 4191 1223 4255 comitiis
1271 4193 1336 4254 et
1381 4187 1663 4254 conciliis
1705 4188 1938 4273 quibus
1981 4188 2435 4252 exercebantur
2478 4186 2714 4251 iudicia
2739 4176 2939 4271 populi

582 4317 634 4361 ατ
706 4296 905 4381 plebis
925 4345 941 4373 ‚
1004 4299 1125 4361 hoe
1186 4302 1441 4361 tantum
1502 4294 2142 4360 animadvertendum
2187 4301 2317 4371 est,
2369 4294 2933 4360 obnuntiationem2
