3192 5009
398 235 527 304 394
1331 253 1828 304 Amsworusmzs.

395 423 459 487 h.
485 421 529 486 1.
594 426 929 499 statuetur,
990 442 1140 486 vera
1201 442 1334 487 esse
1382 424 1605 508 nequit
1649 420 2058 486 Meinekiana
2103 423 2460 485 coniectura
2510 419 2569 482 ἐν
2614 426 2755 488 ταῖς

395 528 591 598 δίκαις
608 578 625 605 ,
686 531 835 614 (11110
893 548 1018 592 11011
1080 533 1177 593 est
1220 531 1325 592 τοῦ
1374 525 1612 601 ἥττονος
1663 526 1851 605 λόγου
1898 529 2211 592 contraria
2255 525 2458 592 dicere
2506 525 2761 612 legibus

394 634 502 699 sed
546 637 626 698 iis
674 654 833 718 quae
878 632 1023 720 lege
1069 638 1135 698 et
1177 633 1463 698 moribus
1510 654 1622 718 pro
1671 635 1860 698 iustis
1908 635 2277 700 habeantur.

484 853 653 918 Nub.
707 852 901 918 1310.

661 955 834 1037 οἶμαι
880 960 1008 1040 γὰρ
1056 961 1241 1025 αὑτὸν
1286 959 1505 1039 αὐτίχ’
1552 959 1818 1038 εὑρήσειν
1867 953 2012 1035 ὅπερ

522 1129 527 1136 ,
665 1061 868 1130 πάλαι
920 1067 1082 1130 ποτ’
1133 1063 1353 1146 ἐζήτει.

393 1171 641 1236 Vitium
700 1174 1042 1237 metricum
1101 1169 1212 1235 alii
1264 1169 1450 1235 aliter
1509 1169 1730 1234 tollere
1792 1171 2000 1234 conati
2051 1173 2220 1232 sunt.
2273 1165 2442 1231 Mihi
2486 1164 2766 1252 placeret

393 1275 663 1358 ἔχρῃζεν,
728 1276 915 1343 modo
979 1297 1353 1363 persuasum
1411 1277 1713 1342 haberem
1773 1280 1942 1340 recte
2010 1275 2322 1339 traditum
2389 1293 2525 1338 esse
2593 1291 2772 1357 prae-

390 1404 685 1471 gressum
732 1384 902 1449 ποτέ.
942 1382 1120 1449 Solet
1156 1386 1327 1449 enim
1360 1384 1566 1449 πάλαι
1611 1381 1762 1446 ποτέ
1801 1383 2096 1466 usurpari
2133 1379 2210 1444 de
2249 1385 2535 1464 tempore
2573 1377 2772 1464 longe

392 1494 669 1565 remote,
734 1495 809 1553 ut
869 1492 934 1553 iu
992 1490 1106 1554 illo
1145 1489 1349 1553 πάλαι
1398 1495 1535 1553 ποτ’
1586 1485 1740 1563 ἦσαν
1787 1485 2038 1565 ἄλκιμοι
2090 1486 2413 1562 Μιλήσιοι,
2467 1490 2532 1550 et
2575 1484 2774 1548 huius

390 1597 512 1661 1001
551 1595 797 1660 nudum
845 1593 1047 1659 πάλαι
1095 1617 1229 1661 0000
1276 1595 1551 1661 videtur.
1606 1594 1742 1675 Quo
1794 1595 2050 1658 nomine
2097 1597 2324 1678 aptum
2358 1591 2520 1656 foret
2561 1589 2772 1654 πάλαι

393 1705 459 1778 γ’
509 1702 795 1776 ἐπόθησεν
842 1700 946 1766 vel
990 1701 1349 1779 πεπθθηκεν,
1401 1722 1678 1787 (1110111111
1724 1703 1900 1786 prius
1947 1700 2212 1764 coniecit
2258 1697 2528 1784 Kayser.

488 1921 659 1989 Nub.
712 1922 905 1989 1406.
1628 1923 1702 1994 ὡς
1753 1917 1967 1998 ἔμοιγε
2017 1919 2289 1997 κρεῖττόν
2337 1917 2503 1981 ἐστιν

664 2026 865 2094 ἵππων
912 2027 1157 2108 τρέφειν
1204 2026 1648 2108 τέθριππον
1697 2027 1730 2101 ἢ
1782 2026 2159 2100 τυπτόμενον
2208 2022 2615 2104 ἐπιτριβῆναι.

396 2137 542 2203 Iure
589 2137 850 2201 haerens
896 2138 963 2199 111
1009 2133 1209 2199 ἵππων
1235 2171 1319 2182 —-
1345 2133 1666 2213 τέθριππον
1714 2131 1989 2219 Blaydes
2033 2129 2235 2196 ἵππων
2281 2129 2601 2216 glossema
2638 2149 2775 2193 esse

396 2248 581 2329 putat
599 2292 615 2320 ,
690 2241 897 2322 πολλῷ
959 2239 1261 2305 excidisse
1324 2241 1699 2324 suspicatus.
1765 2238 1909 2303 Alio
1975 2245 2190 2302 tamen
2251 2235 2491 2301 ducunt
2540 2236 2774 2320 optimi

397 2346 574 2414 codd.
623 2347 789 2414 Nam
833 2349 901 2411 in
946 2347 1312 2412 Ravennate
1362 2367 1479 2410 vox
1528 2346 1850 2426 τέθριππον
1899 2343 2292 2409 desideratur
2329 2348 2393 2407 et
2431 2344 2499 2405 iu
2535 2338 2775 2405 Veneto

395 2455 638 2541 legitur
698 2457 842 2518 ante
901 2452 1164 2534 τρέφειν,
1216 2451 1382 2517 1111ᾱο
1429 2458 1691 2539 apparet
1739 2473 1863 2516 nou
1909 2447 2108 2514 ἵππων
2159 2447 2267 2514 sed
2315 2446 2638 2525 τέθριππον
2685 2448 2777 2510 111-

397 2559 785 2646 terpolatum
831 2579 993 2636 esse,
1044 2578 1169 2643 qua
1216 2579 1367 2622 voce
1414 2557 1654 2635 delete,
1707 2557 2130 2643 Aristophane
2173 2555 2450 2641 dignum
2487 2553 2730 2619 iudico:

1584 2667 1662 2734 ὥς
1710 2663 1928 2740 ἔμοιγε.
1973 2661 2244 2741 κρεῖττόν
2296 2662 2462 2725 ἐστιν

668 2768 865 2837 ἵππων
913 2771 1156 2852 τρέφειν
1205 2771 1491 2852 (ἀγέλην
1538 2773 1703 2846 τιν’)
1757 2772 1791 2845 ἢ
1840 2767 2220 2848 τυπτόμενον
2270 2767 2680 2848 ἐπιτριβῆναι.

540 2981 753 3033 Traiecti
785 2985 851 3031 ad
885 2983 1093 3032 Rhenum
1128 2999 1280 3032 meme
1315 2983 1498 3032 Martio
1538 3000 1582 3031 a.
1629 2983 1766 3031 1891.

713 3459 1017 3508 INSOLENS
1066 3459 1542 3508 comtmc'moms
1589 3461 1683 3507 ΕΤ
1730 3461 1796 3506 IN
1843 3459 2196 3507 SENTENTIA
2242 3459 2460 3506 LOCUS.

496 3639 567 3704 V.
593 3638 671 3704 D.
722 3638 880 3704 Max
926 3637 995 3706 O.
1024 3639 1095 3703 Ρ.
1148 3639 1439 3705 Schmidt
1488 3641 1917 3706 Berolinensis
1965 3643 2376 3727 sagacissime
2425 3641 2791 3705 observavit

402 3746 827 3826 (Fleckeisens
878 3746 1270 3811 Jahrbiicher
1318 3745 1510 3810 1890.
1562 3769 1623 3830 p.
1674 3746 1832 3827 299)
1882 3749 2132 3830 saepius
2181 3747 2293 3810 ubi
2340 3746 2561 3810 formis
2607 3747 2792 3811 verbi

392 3875 569 3935 posse
615 3855 968 3939 iungantur
1015 3851 1320 3916 vocabula
1366 3875 1438 3914 ne
1464 3890 1547 3899 —
1577 3853 1810 3936 quidem
1830 3901 1846 3929 ,
1896 3854 1986 3916 ita
2033 3856 2108 3916 ut
2148 3851 2392 3938 aliquid
2429 3850 2566 3916 fieri
2605 3873 2791 3936 posse

402 3964 692 4044 negetur,
743 3979 866 4022 non
912 3958 1183 4022 verbum
1218 3981 1395 4039 posse
1440 3957 1728 4023 medium
1775 3959 1940 4022 inter
1979 3981 2052 4020 ne
2093 3964 2158 4022 et
2196 3958 2431 4042 quidem
2469 3954 2792 4036 collocari,

404 4064 513 4130 sed
575 4063 973 4128 infinitivum
994 4113 1009 4142 ‚
1069 4085 1193 4149 quo
1243 4063 1342 4141 id,
1395 4064 1562 4148 quod
1612 4063 1748 4129 fieri
1791 4083 1914 4128 non
1960 4066 2196 4149 possit,
2247 4062 2662 4149 significetur,
2711 4071 2797 4129 ut

404 4169 531 4236 Cio.
584 4169 752 4234 Phil.
802 4169 916 4234 III.
972 4168 1073 4234 14.
1140 4169 1433 4232 mihtibm
1482 4170 1832 4254 exquirendi
1878 4177 2016 4233 sunt
2063 4171 2311 4233 honores
2357 4169 2496 4232 novi
2531 4175 2798 4252 propter

404 4298 597 4338 eorum
643 4276 912 4338 divinum
962 4283 1135 4358 atque
1184 4275 1511 4338 immortale
1559 4274 1828 4338 meritum
1848 4324 1863 4352 ,
1915 4275 2161 4338 ducibus
2208 4283 2400 4338 autem
2445 4297 2518 4338 ne
2556 4275 2798 4359 referri

404 4382 635 4467 quidem-
686 4389 884 4464 potest
940 4381 1165 4462 qratia.
1216 4380 1393 4446 Idem
1444 4381 1617 4446 addit
1664 4402 1728 4446 se
1771 4381 2054 4446 nondum
2102 4387 2505 4471 compertum
2553 4379 2793 4454 habere
