3192 5009
1320 342 1672 393 nos-mon.
2553 314 2682 383 139

312 506 645 573 Saturnia:
719 509 1006 590 spedpeyu
1076 508 1235 575 dico.
1308 507 1597 594 Denique
1659 510 1816 574 scire
1876 505 2187 593 pervelim
2239 506 2406 572 unde
2453 504 2566 571 fiat
2607 510 2686 569 ut

312 614 601 680 hodierni
658 616 921 682 lectores
939 665 955 693 ,
1018 638 1142 682 non
1208 615 1585 681 θεόπνευστοι
1649 621 1896 693 tamen,
1961 612 2266 701 Olympia
2323 611 2437 677 ina
2490 612 2686 677 verba

308 724 467 786 satis
502 722 659 788 bene
695 722 1067 811 intellegere
1107 726 1353 809 possint
1368 770 1387 800 ,
1426 722 1535 788 sed
1558 724 1818 787 omnino
1841 743 1964 787 non
1985 719 2364 807 intellegant
2384 718 2683 805 vulgaria

305 826 425 893 illa
461 848 620 913 quae
655 828 829 894 idem
866 829 1225 916 significare
1264 828 1573 895 dicantur.
1626 829 1844 897 Ξάνθος
1887 848 1924 893 a
1962 826 2298 894 coelitibus
2321 824 2680 913 appellatur

308 934 463 999 deus
524 934 759 1000 fluvius
775 986 792 1014 ,
842 938 1049 1020 flavus
1066 984 1082 1014 ‚
1144 949 1221 1001 ut
1248 938 1425 1020 flava
1480 936 1650 1001 Ceres
1678 938 1996 1021 flavaeque
2040 933 2358 999 Menelaus
2403 938 2468 998 et
2511 931 2682 1017 apud

303 1038 623 1107 Romanos
675 1044 882 1126 flavus
956 1042 1183 1107 meris
1198 1070 1226 1119 ,·
1310 1042 1707 1118 Σκάμανδρος
1774 1064 1957 1120 vero,
2022 1042 2206 1107 fluvii
2265 1061 2496 1105 nomen
2542 1059 2682 1125 pro-

304 1148 521 1232 prium
538 1196 555 1224 ,
619 1147 786 1233 quod
848 1148 927 1213 ad
982 1153 1195 1213 nostra
1255 1169 1457 1234 usque
1516 1155 1804 1234 tempora
1864 1153 2291 1235 propagatum
2337 1150 2436 1213 est
2480 1145 2680 1225 (Men-

302 1256 501 1334 dere),
550 1258 819 1321 minime
865 1253 1183 1323 Graecum
1230 1264 1443 1334 sonat,
1491 1262 1557 1322 et
1605 1259 1661 1320 si
1701 1254 2010 1341 explicari
2030 1258 2231 1340 possit
2247 1302 2264 1331 ,
2293 1275 2371 1319 ex
2396 1254 2677 1317 Asiatico

298 1360 575 1445 profecto
619 1361 926 1428 idiomate
971 1362 1186 1449 aliquo
1234 1366 1357 1429 erit
1404 1361 1872 1448 explicandum.
1923 1398 2010 1410 --
2057 1362 2216 1425 Avis
2263 1379 2459 1447 rapax
2497 1378 2678 1425 voca-

299 1471 409 1529 tur
453 1466 690 1546 χοιλκίς
755 1469 823 1531 in
885 1467 1200 1554 Olympo:
1262 1468 1329 1533 id
1394 1474 1491 1533 est
1538 1468 1720 1536 fubva
1767 1470 2008 1554 opinor,
2055 1468 2349 1553 subrufa,
2398 1463 2674 1531 rutilum

296 1574 461 1637 aeris
520 1571 796 1639 colorem
858 1574 1168 1640 referens:
1232 1574 1561 1657 koperwiek
1576 1594 1593 1652 ;
1662 1574 1769 1639 sed
1833 1572 2102 1647 κύμινδις
2171 1574 2284 1637 vix
2354 1568 2673 1638 Graecum

292 1678 551 1744 videtur
594 1678 663 1759 1).
736 1718 823 1729 —-—
891 1680 1260 1746 Monstrum
1327 1682 1763 1746 centimanum
1781 1728 1797 1756 ,
1863 1679 2034 1765 quod
2092 1677 2233 1743 Iovi
2291 1680 2360 1743 in
2421 1698 2673 1743 summo

292 1804 511 1849 rerum
557 1784 919 1851 discrimine
965 1787 1218 1852 adstitit
1238 1836 1252 1859 .
1305 1786 1384 1851 ab
1428 1786 1798 1851 hominibus
1837 1784 2071 1855 dicitur
2109 1785 2422 1862 Αἰγαίωνι
2449 1783 2638 1849 audio
2658 1832 2674 1861 ,

294 1890 405 1955 sed
451 1890 615 1955 nihil
660 1893 826 1957 mihi
870 1892 1026 1957 dicit
1073 1892 1240 1957 illud
1286 1913 1553 1969 nomen;
1605 1912 1754 1957 cum
1800 1911 1950 1956 vero
1996 1890 2252 1956 additur
2292 1892 2362 1955 in
2411 1889 2678 1955 deorum

290 1994 519 2082 lingua
576 2018 727 2063 eum
795 1997 1128 2063 Briareum
1197 2001 1410 2064 vocari
1427 2047 1443 2076 ,
1512 2000 1717 2063 sentio
1779 2000 2130 2063 immanem
2188 1999 2525 2083 gigantem
2585 1998 2678 2062 in-

291 2104 503 2188 gentis
560 2104 833 2181 roboris,
898 2103 1144 2186 βριωρόν
1201 2128 1377 2182 τινα,
1440 2104 1726 2170 indicari.
1781 2141 1866 2153 -
1914 2105 2172 2168 Barim
2219 2102 2454 2169 dicitur
2496 2102 2674 2169 locus

297 2207 561 2292 quidam
604 2211 671 2273 in
716 2207 989 2275 Troade:
1040 2210 1205 2275 nihil
1242 2210 1597 2297 explicatur
1636 2212 1893 2275 nomine
1929 2212 2186 2296 ignoto;
2215 2210 2320 2277 sed
2347 2209 2674 2295 aliquanto

296 2312 443 2400 plus
472 2382 479 2389 ,
504 2314 674 2381 disco
735 2337 812 2381 ex
875 2316 1138 2382 deorum
1200 2317 1509 2384 idiomate
1526 2366 1542 2395 ,
1588 2319 1660 2382 in
1707 2338 1831 2403 quo
1877 2316 2051 2382 idem
2091 2316 2269 2382 locus
2316 2315 2675 2402 appellatur

292 2428 470 2496 σῆμα
513 2421 1001 2501 πολυσκάρθμοιο
1048 2425 1337 2503 Μυρίνης.
1394 2423 1727 2511 Myrinam
1775 2428 1992 2489 autem
2038 2428 2259 2509 poetae
2304 2421 2673 2508 aequalibus

292 2527 527 2593 melius
596 2528 793 2595 fuisse
852 2532 1181 2616 cognitam
1246 2551 1440 2618 quam
1494 2531 1678 2596 nobis
1697 2578 1714 2606 ,
1764 2528 1955 2595 fidem
2001 2528 2153 2595 facit
2169 2529 2523 2615 ‘epitheton
2571 2552 2674 2593 πο-

290 2634 677 2712 λύσκαρθμοο
698 2682 715 2710 ,
766 2635 934 2720 quod
981 2656 1094 2701 cur
1138 2636 1429 2702 additum
1474 2640 1561 2701 sit
1605 2638 1731 2701 nisi
1773 2638 1911 2721 ipse
1959 2641 2148 2721 poeta
2191 2638 2454 2720 eiusque
2499 2634 2673 2699 audi-

290 2744 459 2805 tores
504 2741 833 2805 scivissent
851 2790 867 2818 ,
926 2740 1079 2808 licet
1140 2764 1252 2808 nos
1309 2742 1495 2809 hodie
1554 2744 1924 2828 ignoremus
1944 2790 1960 2820 ,
2011 2740 2290 2827 profecto
2334 2762 2460 2806 non
2506 2747 2670 2806 esset

290 2845 601 2911 additum.
670 2845 747 2910 Id
815 2854 982 2913 certe
1041 2869 1154 2913 nos
1217 2850 1399 2915 docet
1461 2870 1585 2915 vox
1648 2848 1900 2927 divina,
1965 2848 2160 2913 fuisse
2223 2848 2554 2913 tumulum
2598 2851 2669 2914 in

286 2953 591 3018 honorem
652 2953 924 3021 feminae
982 2960 1378 3034 extructum3
1444 2958 1664 3042 ipsum
1709 2961 1926 3022 autem
1975 2976 2204 3020 nomen
2249 2954 2545 3042 Myrinae
2589 2955 2668 3020 ad

288 3058 567 3123 radicem
627 3060 793 3125 unde
855 3062 1075 3139 μυρίκη
1124 3069 1189 3127 et
1233 3062 1417 3140 μύρον
1464 3068 1530 3127 et
1576 3066 1799 3138 μύρτοις
1851 3068 1918 3127 et
1963 3061 2217 3137 μυρσίνη
2265 3060 2670 3127 deducuntur

286 3164 543 3229 videtur
604 3186 738 3231 esse
800 3166 1200 3233 referendum
1218 3217 1235 3245 ,
1293 3189 1565 3253 quarum
1612 3189 1848 3233 vocum
1895 3171 2102 3254 prima
2146 3174 2313 3234 certe
2359 3190 2396 3232 a
2439 3167 2666 3254 lingua

290 3270 633 3336 Homerica
678 3293 801 3337 non
849 3280 946 3339 est
994 3272 1217 3339 aliena.

376 3376 575 3441 Plura
620 3398 699 3443 ex
745 3379 1010 3445 deorum
1054 3378 1282 3468 lingua
1330 3386 1606 3447 aetatem
1653 3403 1778 3447 non
1818 3378 2124 3448 tulerunt.
2173 3380 2295 3447 Sed
2335 3402 2494 3467 quae
2532 3403 2667 3468 per-

285 3482 623 3570 pendimus
682 3487 834 3549 satis
882 3486 1109 3552 docent
1154 3508 1279 3552 non
1325 3489 1685 3573 antiquiora
1731 3508 1866 3553 esse
1912 3486 2019 3553 vel
2063 3488 2423 3554 obscuriora
2441 3536 2458 3565 ,
2505 3508 2664 3572 quae

286 3611 363 3655 ex
409 3588 861 3677 Olympiorum
906 3593 1208 3658 idiomate
1254 3594 1622 3671 afferuntur,
1683 3615 1872 3679 quam
1927 3595 2264 3660 hominum
2309 3614 2665 3659 sermonem

286 3695 761 3781 quotidianum,
812 3696 923 3763 sed
965 3701 1351 3764 contrariam
1396 3700 1681 3766 obtinere
1726 3703 2073 3766 rationem:
2123 3720 2300 3765 casca
2335 3701 2666 3769 tenebrosa

282 3801 546 3867 barbara
615 3823 749 3867 esse
818 3823 978 3887 quae
1040 3801 1245 3878 ἄνδρες
1272 3852 1289 3881 ,
1354 3804 1521 3870 clara
1585 3825 1738 3871 vero
1803 3810 1870 3871 et
1931 3804 2248 3891 simplicia
2312 3811 2377 3871 et
2421 3810 2663 3892 optime

284 3927 512 3993 graeca
556 3928 715 3993 quae
762 3909 1058 3973 ἀθάνατοι
1105 3911 1311 3976 dicere
1357 3911 1670 3977 feruntur.
1727 3912 1900 3999 Ergo
1948 3932 2048 3977 res
2095 3915 2184 3977 sic
2231 3912 2486 3978 videtur
2529 3934 2664 3979 esse

284 4014 708 4099 expedienda:
774 4020 959 4099 poeta
1017 4016 1343 4081 interdum
1394 4017 1713 4083 incidebat
1756 4020 1826 4083 in
1872 4020 2131 4083 nomina
2174 4018 2482 4104 quaedam
2529 4041 2666 4105 pro-

284 4123 457 4207 pria,
505 4141 664 4204 quae
710 4142 860 4187 cum
906 4128 1019 4187 aut
1063 4123 1326 4188 barbara
1373 4129 1582 4189 essent
1625 4130 1737 4189 aut
1779 4146 1856 4190 ex
1895 4127 2233 4191 hominum
2270 4123 2663 4193 Graecorum

353 4306 407 4371 1)
454 4306 779 4357 festivissime
825 4308 1041 4359 imitatus
1085 4312 1155 4359 est
1204 4310 1329 4359 huno
1376 4310 1530 4361 locum
1576 4312 1803 4361 Cratinus
1850 4313 1934 4373 (fr.
1982 4314 2079 4363 815
2117 4313 2270 4376 Kock)
2303 4330 2410 4363 cnm
2445 4315 2662 4365 radnlam

284 4389 361 4443 his
395 4387 549 4438 verbis
582 4390 890 4455 significavit:

816 4470 1047 4539 χαλκίδα
1080 4472 1405 4539 κυιλῇσκονσι
1440 4473 1559 4536 θεοί,
1597 4472 1765 4538 ἄνδρας
1800 4474 1854 4525 δὲ
1889 4474 2110 4539 κύβηλιν.
