3192 5009
573 275 706 346 390
1508 289 2004 342 Amemopmns.

570 465 832 550 ignavia
875 461 1281 548 significaret.
1330 459 1401 524 In
1448 459 1684 524 tradita
1730 461 2046 544 scriptura
2091 459 2288 522 etiam
2335 460 2626 540 suspecta
2671 459 2767 518 est
2814 455 2964 539 ipsa

572 570 751 636 verbi
794 569 1029 645 forma,
1074 589 1225 633 oum
1272 565 1563 653 analogia
1610 569 1826 651 potius
1864 563 2189 652 postulare
2226 561 2521 628 videatur
2557 557 2961 640 λινοπτάζειν

572 677 676 756 (of.
724 673 1127 754 οἰνοποτάζειν
1176 676 1368 755 61111.),
1426 672 1592 758 quod
1640 673 1830 737 habet
1891 671 2254 758 Hesychius
2317 691 2366 734 6.
2415 691 2478 733 v.
2546 664 2958 746 λινοπτάζει,

570 781 677 848 vel
722 780 1099 870 &mom-sdan
1136 787 1249 845 aut
1297 787 1624 857 λινοπτεῖν,
1676 800 1836 864 quae
1884 800 2010 843 non
2059 783 2208 843 eunt
2256 777 2511 842 tradita.

662 1002 808 1067 Pao.
860 999 1055 1066 1212.
1119 997 1476 1065 Cristarum
1524 999 1861 1064 fabricator
1907 1019 1944 1062 a
1990 997 2282 1086 Trygaeo
2329 995 2497 1062 male
2543 995 2802 1060 habitus
2855 1013 2966 1056 ex-

574 1108 841 1174 elamat:

844 1215 1177 1285 άπώλεσας
1223 1237 1341 1290 μου
1387 1215 1497 1288 την
1536 1212 1762 1292 τέχνην
1810 1213 1913 1277 καὶ
1964 1214 2066 1279 τὸν
2115 1213 2249 1291 βίον

844 1321 983 1385 καὶ
1032 1321 1358 1385 τουτουὶ
1408 1321 1542 1385 καὶ
1593 1324 1726 1384 τοῦ
1772 1317 2098 1397 δορυξοῦ
2147 1318 2470 1383 κεινουί.

572 1424 770 1493 Valde
837 1430 1039 1492 miror
1104 1430 1461 1504 neminem,
1534 1425 1704 1511 quod
1771 1427 1971 1489 seiam
1993 1476 2007 1501 ,
2079 1426 2498 1510 posteriorem
2559 1441 2828 1487 versum
2892 1421 2962 1482 in

575 1537 1001 1620 suspicionem
1081 1554 1336 1598 vocasse
1354 1582 1371 1612 ,
1457 1535 1567 1617 qui
1652 1534 1807 1617 quin
1891 1534 2146 1617 spurius
2233 1534 2319 1595 sit
2398 1528 2617 1594 nullus
2702 1527 2958 1593 dubito.

574 1639 847 1705 Minoris
908 1639 1166 1725 quidem
1229 1639 1494 1704 fortasse
1554 1640 1870 1702 momenti
1915 1644 2011 1703 eet
2028 1686 2044 1716 ,
2094 1636 2263 1723 quod
2313 1639 2627 1700 miramur
2669 1633 2960 1698 hominis

575 1766 839 1811 suarum
923 1766 1139 1810 rerum
1219 1745 1552 1831 naufragio
1621 1747 1932 1830 exagitati
2005 1751 2070 1808 et
2139 1741 2584 1829 despondentis
2651 1743 2718 1804 in
2793 1737 2961 1802 alios

574 1851 1080 1917 misericordiam
1098 1899 1114 1929 ,
1180 1857 1245 1915 et
1302 1850 1445 1916 leve
1504 1850 1710 1915 videri
1756 1855 2001 1935 potest,
2053 1850 2220 1934 quod
2267 1849 2348 1913 ad
2393 1868 2588 1934 quem
2633 1846 2960 1931 pertineat

576 1979 923 2044 pronomen
987 1958 1226 2021 τουτουί
1286 1963 1544 2042 propter
1603 1977 1872 2042 sequens
1933 1953 2172 2034 δορυξοῦ
2222 1955 2565 2020 obscurum
2613 1959 2706 2018 est
2753 1947 2962 2036 (quod

576 2067 631 2129 61
691 2086 816 2129 11611
880 2070 1267 2150 sequeretur,
1316 2064 1395 2127 ad
1442 2063 1877 2142 δρεπανουργόν
1927 2065 2241 2148 pertinere
2289 2069 2538 2126 eertum
2583 2063 2797 2138 esset),
2851 2053 2961 2120 sed

577 2171 813 2235 frustra
858 2171 1153 2256 expedire
1200 2190 1523 2246 conamur,
1573 2173 1684 2254 qui
1729 2169 1866 2233 fieri
1915 2171 2228 2254 potuerit,
2277 2173 2353 2232 ut
2399 2168 2504 2232 hio
2548 2167 2794 2230 mentio
2849 2161 2958 2226 fiat

578 2275 653 2341 de
700 2277 1032 2341 hastarum
1077 2276 1285 2354 fabro,
1334 2278 1444 2361 (1111
1491 2276 1603 2340 (1111
1649 2281 1795 2359 post
1840 2296 2042 2359 neque
2090 2279 2236 2339 ante
2286 2295 2378 2338 vs.
2434 2271 2607 2336 1250
2653 2274 2722 2335 111
2767 2287 2954 2334 soene

577 2383 924 2488 apoarebit.
973 2381 1315 2446 Manifeete
1361 2383 1649 2468 primum
1687 2401 1838 2445 oum
1875 2379 2168 2467 Trygaeo
2205 2381 2298 2446 ibi
2336 2378 2568 2445 adsunt
2603 2376 2957 2457 δρεπανουρ-

579 2488 691 2565 γός
756 2495 821 2554 et
882 2488 1242 2566 λοφοποιὸς,
1304 2493 1449 2551 tum
1510 2489 1947 2567 θωρακοπώλης
2015 2491 2079 2550 et
2139 2483 2678 2565 σαλπιγγοποιός,
2728 2481 2955 2547 deinde

579 2594 923 2674 κρανοποιός
973 2601 1039 2660 et
1085 2591 1353 2678 δορυξός,
1406 2594 1665 2658 tandem
1712 2592 1837 2658 duo
1885 2595 2101 2678 pueri,
2151 2592 2454 2658 Lamachi
2501 2599 2566 2656 et
2613 2587 2952 2675 Cleonynn'

668 2907 790 2970 ΑΥ.
840 2903 993 2970 494.

670 3012 729 3083 ἒς
776 3011 1039 3086 δεκάτην
1083 3007 1209 3088 γάρ
1258 3032 1407 3072 ποτε
1456 3009 1778 3091 παιδαρίου
1827 3011 2064 3082 κληθεὶς
2115 3012 2395 3075 ὑπέπινον
2445 3013 2506 3074 ἐν
2553 3011 2769 3088 ἄστει,

669 3115 843 3197 κᾶρτι
871 3115 1192 3191 καθηῦδον·
1222 3117 1326 3178 καὶ
1356 3117 1492 3197 πρὶν
1533 3118 1892 3182 δειπνεῖν
1933 3117 2114 3188 τοὺς
2159 3117 2460 3187 ἄλλους
2500 3114 2673 3188 οὗτος
2701 3115 2950 3198 ἄρ’ᾖσε,

669 3226 843 3301 κάγὼ
897 3223 1149 3300 νομίσας
1199 3221 1386 3303 ὄρθρον
1434 3223 1691 3302 ἐχώρουν
1741 3224 2228 3302 Ἀλιμοῦντάδε,
2279 3220 2455 3302 κάρτι
2504 3224 2824 3301 προκόπτω

670 3328 780 3407 ἔξω
820 3330 1100 3409 τείχους,
1151 3329 1254 3392 καὶ
1304 3329 1654 3403 λωποδύτης
1706 3329 1875 3392 παίει
1923 3330 2172 3409 ῥοπάλῳ
2218 3353 2299 3407 με
2347 3330 2418 3395 τὸ
2468 3337 2666 3394 νῶτον.

578 3434 742 3515 Quia
800 3438 904 3501 hio
965 3436 1143 3500 166116
1189 3456 1304 3522 pro
1352 3456 1505 3501 sano
1554 3436 1771 3500 haberi
1818 3435 2012 3513 solet,
2060 3441 2401 3522 antequam
2449 3435 2771 3501 medelam
2813 3457 2958 3521 pro-

579 3563 810 3628 ponam
828 3591 843 3619 ‚
904 3542 1225 3607 occumbit
1288 3543 1453 3606 mihi
1513 3542 1985 3607 demonstrandi
2030 3546 2368 3630 negotium
2415 3564 2567 3609 eum
2612 3564 2740 3607 non
2784 3549 2956 3608 recte

581 3669 712 3713 6666
758 3647 1090 3711 traditum.
2057 3721 2062 3725 ,

670 3751 1028 3818 Obscurum
1074 3773 1208 3818 6666
1252 3751 1358 3818 vel
1402 3753 1547 3818 inde
1597 3760 1858 3839 apparet
1876 3802 1892 3830 ‚
1944 3756 2109 3839 quod
2155 3755 2392 3841 duplex
2438 3759 2576 3822 eius
2614 3761 2822 3822 exstat
2859 3759 2954 3820 111-

578 3861 945 3944 terpretatio
964 3907 981 3935 ,
1031 3857 1227 3924 altera
1273 3857 1545 3924 Dobraei
1561 3907 1577 3937 ,
1628 3858 1827 3924 altera
1875 3859 2090 3924 Bothii
2106 3911 2121 3938 ,
2173 3883 2371 3947 quam
2417 3870 2718 3928 secuntur
2762 3861 2951 3928 Kock

579 3971 645 4030 et
711 3964 1006 4052 Blaydee.
1075 3963 1290 4030 11111166
1362 3967 1533 4031 6111111
1593 3964 1882 4030 Dobraeo
1944 3967 1996 4030 οἱ
2058 3965 2240 4031 ἄλλοι
2307 3973 2460 4033 sunt
2519 3968 2751 4053 reliqui
2795 3967 2954 4054 galli

580 4069 949 4155 gallinacei,
997 4073 1370 4156 iocaturque
1415 4076 1602 4157 poeta
1647 4075 1715 4136 in
1761 4069 1922 4153 ᾖσεν,
1972 4075 2152 4157 quasi
2194 4073 2409 4161 gallus
2457 4075 2682 4140 fuisset
2720 4073 2952 4144 ἄσωτος

582 4177 839 4263 quidem
856 4225 872 4255 ,
937 4180 1050 4262 qui
1108 4180 1243 4242 iam
1302 4181 1471 4243 inter
1530 4179 1883 4264 potandum
1929 4187 2180 4246 caneret
2196 4229 2213 4259 ,
2261 4186 2607 4267 antequam
2650 4181 2954 4246 coenandi

579 4283 736 4346 hora
803 4288 999 4360 esset;
1074 4282 1305 4349 Bothio
1374 4291 1593 4349 contra
1653 4288 1709 4349 61
1771 4287 2121 4366 oredimus,
2188 4287 2534 4373 Euelpides
2597 4287 2677 4352 ad
2732 4287 2950 4374 epulas

582 4409 729 4453 rure
768 4391 834 4453 in
874 4390 1099 4455 urbem
1137 4394 1315 4456 venit
1352 4395 1675 4457 maturius
1715 4393 1913 4478 [quod
1942 4400 2159 4461 tamen
2182 4395 2386 4462 dicere
2409 4401 2598 4480 poeta
2619 4395 2948 4481 neglexit}
