3192 5009
975 285 1060 336 nr.
1102 281 1723 340 luiuemaiomnus
1769 287 2067 339 nomme.
2586 269 2715 336 439

340 461 405 520 et
450 453 511 519 3.
543 456 575 519 1
628 456 739 521 ubi
788 454 943 520 dicit
988 476 1025 520 a
1071 456 1307 542 populo
1346 457 1591 522 Τύλλον
1636 457 2077 538 ἀποδειχθῆναι
2119 453 2435 534 βασιλέα,
2477 463 2542 521 et
2580 455 2721 522 aliis

337 558 527 638 10618,
590 561 703 625 ubi
765 567 979 626 narrat
1040 582 1225 648 reges
1289 563 1690 643 παραλαβεῖν
1752 565 1862 637 τὴν
1909 563 2106 642 α’ρχῆν
2141 569 2460 648 postquam
2505 563 2580 626 de
2629 565 2722 627 eis

338 664 616 752 populus
676 665 1056 754 suffragium
1116 667 1404 746 tulisset,
1469 674 1545 732 ut
1611 667 1671 734 3.
1714 667 1799 733 49
1865 674 1930 734 et
1991 667 2053 732 4.
2096 667 2218 746 40;
2293 669 2448 734 haec
2510 671 2722 733 omnia

338 770 711 849 ostendunt,
774 771 1162 859 Dionysium
1224 793 1297 838 eo
1358 773 1764 840 inclinavisse
1825 781 1901 839 ut
1963 779 2219 860 putaret
2279 775 2380 840 his
2442 775 2722 840 comitiis

337 899 521 964 reges
582 899 719 944 esse
782 886 1009 943 creatos
1027 928 1042 957 ,
1106 901 1231 945 non
1286 901 1437 945 vero
1487 883 1860 947 confirmatos
1875 929 1892 958 ,
1942 887 2006 946 et
2049 881 2266 946 omnia
2312 902 2426 966 pro
2473 881 2724 945 vitiosis

338 984 625 1050 habenda
682 991 747 1050 et
796 987 993 1051 errori
1035 985 1333 1073 Dionysii
1380 986 1718 1052 tribuenda
1763 993 1948 1064 sunt,
2007 989 2064 1052 si
2110 989 2372 1052 comitia
2414 985 2528 1052 illa
2572 986 2724 1052 refe-

336 1093 543 1156 rimus
602 1091 682 1157 ad
728 1095 1129 1179 rogationem
1176 1092 1341 1180 legis
1390 1096 1689 1159 curiatae.
1762 1092 1832 1158 Si
1877 1092 2298 1158 nihilominus
2343 1113 2418 1158 ea
2463 1095 2726 1159 comitia

338 1199 741 1285 seiungimus
790 1219 827 1262 a
872 1201 1189 1265 creatione
1207 1247 1224 1277 ,
1290 1204 1355 1264 et
1400 1199 1480 1264 ad
1524 1199 2073 1266 confirmationem
2119 1201 2302 1286 regni
2349 1199 2687 1264 referimus
2707 1247 2722 1276 ,

338 1310 565 1390 putare
627 1303 929 1370 debemus
990 1325 1065 1371 ea
1126 1305 1205 1370 ab
1267 1308 1407 1391 ipso
1469 1327 1624 1392 rege
1669 1306 1888 1371 habita
1935 1325 2104 1382 esse;
2159 1311 2301 1370 tum
2347 1327 2420 1372 ea
2467 1308 2726 1372 comitia

338 1410 563 1477 eadem
606 1417 759 1476 sunt
803 1412 1037 1497 quibus
1084 1412 1436 1478 secundum
1484 1409 1855 1479 Ciceronem
1903 1412 2299 1500 rogabantur
2341 1411 2518 1498 leges
2566 1412 2727 1476 curi—

338 1523 481 1582 atae
499 1565 515 1595 ,
578 1537 739 1603 quae
786 1539 823 1583 a
868 1518 1057 1583 Livio
1106 1521 1516 1584 omittuntur.
1565 1517 1736 1583 Mihi
1781 1524 2002 1587 autem
2048 1521 2330 1584 maxime
2376 1517 2726 1584 verisimile

336 1622 613 1700 videtur,
662 1624 822 1689 hanc
868 1625 1061 1690 fuisse
1110 1627 1491 1690 sententIam
1530 1626 1810 1690 auctoris
1849 1645 2042 1710 quem
2083 1623 2430 1712 Dionysius
2469 1629 2726 1689 secutus

338 1735 439 1794 est
457 1777 474 1807 ,
538 1749 729 1814 quam
803 1750 927 1795 non
996 1733 1151 1796 satis
1220 1733 1614 1817 perspexerit
1683 1729 2038 1817 Dionysius
2109 1751 2311 1817 neque
2383 1730 2566 1815 plene
2635 1732 2728 1794 ita

339 1837 603 1920 exsequi
668 1857 860 1900 ausus
920 1838 1006 1901 sit
1068 1843 1145 1901 ut
1205 1838 1403 1902 etiam
1452 1836 1617 1902 clare
1666 1836 2164 1913 demonstraret,
2212 1857 2438 1922 regem
2483 1857 2727 1900 novum

340 1944 561 2027 ipsum
619 1943 723 2007 his
788 1945 1066 2008 comitiis
1124 1943 1491 2028 praefuisse.
1558 1942 1740 2023 Quod
1799 1947 1876 2007 ut
1935 1941 2188 2008 credam
2208 1990 2224 2019 ,
2290 1942 2565 2008 adducor
2625 1942 2727 2006 his

340 2048 733 2114 rationibus:
804 2048 871 2112 1⁰
918 2048 1086 2135 quod
1148 2070 1273 2114 non
1338 2047 1523 2114 credo
1586 2048 1976 2135 Dionysium
2040 2051 2254 2114 omnia
2300 2069 2462 2135 quae
2509 2048 2588 2114 ad
2633 2069 2729 2112 ro-

340 2157 671 2242 gationem
737 2154 905 2242 legis
966 2157 1247 2221 curiatae
1306 2159 1697 2241 pertinerent
1714 2205 1731 2232 ,
1798 2175 1960 2241 quae
2023 2176 2101 2220 ex
2164 2157 2530 2221 auctoribus
2595 2156 2727 2220 suis

342 2281 719 2346 cognoscere
788 2260 1011 2326 debuit
1027 2311 1043 2339 ,
1114 2260 1367 2326 silentio
1435 2264 1779 2348 praeterire
1842 2281 2074 2326 ausum
2138 2282 2272 2326 esse
2339 2267 2439 2342 (ut
2500 2260 2728 2326 Livius

342 2366 529 2442 fecit,
594 2369 706 2452 qui
771 2367 847 2432 de
908 2367 1009 2432 his
1071 2368 1259 2434 rebus
1324 2367 1532 2432 multo
1582 2369 1840 2456 brevius
1883 2369 2070 2453 agit),
2121 2367 2230 2432 sed
2275 2369 2490 2452 potius
2541 2365 2726 2432 credo

344 2493 497 2538 eum
542 2471 836 2558 paullum
882 2479 1165 2539 mutatas
1211 2473 1536 2540 rettulisse
1583 2495 1682 2539 res
1731 2493 1888 2561 quas
1931 2472 2100 2538 male
2147 2473 2568 2539 intellexisset
2578 2495 2595 2552 ;
2641 2509 2725 2522 ·-

346 2577 419 2644 2⁰
466 2578 635 2664 quod
681 2579 991 2645 vocabula
1024 2581 1255 2666 quibus
1296 2583 1507 2645 utitur
1545 2580 1931 2667 Dionysius,
1974 2583 2076 2646 τὸν
2117 2580 2303 2655 δῆμον
2347 2579 2532 2644 αὐτὸν
2561 2577 2726 2655 ἄξιον

344 2683 557 2764 κρίνειν
604 2683 665 2749 3.
694 2684 778 2750 49
843 2691 1263 2772 (quamquam
1310 2707 1383 2752 ea
1428 2707 1583 2752 voce
1630 2689 1827 2752 etiam
1871 2689 2082 2752 utitur
2130 2684 2192 2750 4.
2225 2685 2308 2752 12
2358 2688 2472 2752 ubi
2519 2707 2727 2752 sermo

344 2796 443 2857 est
505 2790 580 2857 de
629 2795 943 2858 creatione
992 2791 1247 2876 Servii),
1298 2794 1415 2864 τὰς
1464 2795 1680 2873 φυλὰς
1731 2793 1898 2858 κατὰ
1945 2792 2234 2872 φράτρας
2283 2795 2532 2873 ψήφους
2581 2793 2728 2872 ὑπὲρ

344 2899 537 2962 αὐτοῦ
584 2898 895 2976 διαφέρειν
943 2898 1005 2965 2.
1039 2898 1144 2976 60,
1194 2902 1304 2974 τὴν
1350 2901 1764 2979 ψηφηφορίαν
1815 2898 1929 2964 ὑπὸ
1977 2905 2093 2964 τῶν
2139 2906 2354 2975 φυλῶν
2400 2899 2728 2976 γίγνεσθαι

346 3003 408 3069 3.
438 3002 546 3082 35,
594 3006 696 3069 τὸν
742 3004 929 3078 δῆμον
978 3005 1289 3084 ἐπικυροῦν
1337 3007 1420 3070 τὰ
1471 3003 1740 3080 δόξαντα
1789 3015 1864 3086 τῇ
1911 3006 2112 3084 βουλῇ
2157 3003 2218 3068 3.
2247 3004 2353 3087 36,
2400 3008 2500 3070 τὸν
2541 3007 2727 3080 δῆμον

345 3107 739 3188 ἐπιψηφίζειν
806 3109 867 3173 4.
897 3108 1005 3188 40,
1066 3112 1279 3197 magis
1340 3111 1505 3176 mihi
1565 3111 1868 3176 videntur
1926 3111 2156 3176 referre
2204 3109 2483 3175 latinum
2525 3111 2723 3177 fflud:

350 3216 605 3302 „legem
668 3218 982 3280 curiatam
1045 3215 1121 3282 de
1182 3219 1452 3301 imperio
1517 3216 1684 3304 legis
1748 3215 2098 3303 accipere'’,
2159 3237 2386 3301 quam:
2463 3237 2727 3304 „regem

346 3321 599 3388 creare”
636 3321 683 3401 ¹)
700 3343 716 3400 ;
783 3321 952 3407 quod
1014 3325 1069 3387 si
1114 3325 1209 3388 ita
1254 3343 1319 3388 se
1364 3323 1591 3400 habet,
1643 3327 1844 3389 errori
1888 3321 2186 3409 Dionysii
2231 3323 2568 3390 reddemus
2588 3373 2604 3402 ‚
2652 3330 2729 3389 ut

348 3427 537 3493 modo
586 3427 754 3504 dixi,
804 3427 1191 3494 vocabulum
1237 3450 1362 3514 quo
1408 3428 1609 3494 semel
1654 3432 1898 3494 utitur:
1949 3431 2198 3494 Τύλλον
2249 3431 2728 3510 ἄποδειχθῆ·

350 3559 475 3600 ναι
544 3532 823 3610 βασιλέα
886 3535 1077 3614 ψήφῳ
1127 3544 1411 3615 πολιτικῇ
1463 3537 1838 3616 διενεχθείσῃ
1885 3536 2018 3614 περὶ
2067 3536 2258 3600 αὐτοῦ
2311 3534 2372 3600 3.
2407 3537 2464 3614 1,
2518 3542 2583 3603 et
2628 3559 2732 3602 vo-

348 3639 655 3706 cabulum
716 3640 777 3703 ἐν
839 3640 1265 3720 ἀρχαιρεσίαις
1330 3639 1393 3704 4.
1420 3639 1507 3706 80
1527 3661 1543 3718 ;
1621 3678 1704 3688 -
1781 3639 1850 3704 3⁰
1896 3641 2066 3725 quod
2127 3641 2296 3726 apud
2342 3640 2731 3729 Dionysium

348 3745 549 3833 vulgo
611 3746 765 3811 haec
826 3749 1089 3811 comitia
1148 3746 1339 3832 longe
1402 3754 1778 3831 separantur
1839 3746 1916 3811 ab
1977 3745 2090 3812 illa
2153 3751 2445 3814 contione
2492 3752 2560 3814 in
2606 3769 2732 3836 qua

348 3872 460 3918 rex
506 3855 957 3937 pronuntiatus
1004 3858 1101 3918 est
1148 3853 1224 3917 ab
1269 3855 1588 3939 interrege
1608 3902 1625 3931 ,
1675 3855 1970 3939 inprimis
2017 3852 2082 3919 2.
2112 3852 2218 3932 60,
2268 3855 2381 3921 ubi
2415 3854 2732 3922 habentur

349 3965 693 4046 postquam
750 3959 813 4026 Ν
814 3979 967 4024 uma
984 4007 999 4037 ,
1064 3961 1176 4044 qui
1235 3959 1458 4024 absens
1517 3979 1629 4024 rex
1676 3962 2128 4045 pronuntiatus
2173 3965 2339 4038 erat,
2389 3965 2458 4026 in
2505 3962 2731 4029 urbem

421 4245 472 4309 1)
510 4247 701 4295 Accedit
733 4247 857 4310 quod
886 4246 1148 4310 interreges
1172 4261 1358 4308 semper
1388 4249 1515 4295 recte
1545 4262 1570 4295 ι
1608 4247 1832 4312 Dionysio
1849 4249 2076 4299 dicuntur
2095 4265 2256 4314 regem
2277 4266 2438 4302 creare
2455 4251 2734 4317 (αἱρεῖσθαι,

351 4324 689 4376 ἀποδεικνύναι
706 4367 718 4388 ,
770 4325 1064 4377 καθιστάναι
1116 4327 1203 4377 cfr.
1249 4330 1293 4376 4.
1314 4329 1401 4388 40)
1446 4343 1541 4378 nou
1585 4345 1704 4379 vero
1746 4347 1998 4396 proponere
2041 4331 2345 4398 (ὀνομάζειν.
2393 4349 2535 4399 quam
2571 4351 2732 4386 vocem

351 4409 545 4460 adhibet
576 4412 635 4460 ad
668 4411 809 4461 auam
846 4425 948 4462 rem
979 4412 1029 4461 4.
1050 4409 1111 4462 7⁵
1148 4415 1198 4460 et
1231 4410 1337 4476 ¹26).
1370 4411 1461 4460 Sed
1497 4411 1593 4463 vid.
1635 4413 1826 4477 Dionys.
1861 4416 1994 4464 440
2029 4431 2134 4480 pag.
2169 4415 2286 4468 ⁸142.
2305 4418 2352 4466 8.
