3192 5009
478 233 611 301 422
1124 252 1207 300 nn
1254 248 1874 302 mnuemmomus
1917 248 2218 299 nomm.

475 420 759 489 cundum
816 441 961 486 eam
1022 419 1333 486 definiunt
1390 421 1670 484 actiones
1715 439 1872 504 quas
1914 417 2016 482 his
2061 419 2340 484 comitiis
2385 421 2672 502 peractas
2721 437 2860 482 esse

475 533 748 594 censent.
798 524 905 590 Sic
950 524 1211 602 Becker,
1259 525 1373 590 ubi
1416 529 1745 609 percenset
1789 526 2070 590 actiones
2108 543 2270 609 quae
2311 523 2536 588 calatis
2575 526 2860 589 comitiis

470 632 841 699 tribuendae
865 631 1221 710 videantur,
1246 631 1491 696 addidit
1513 631 1591 695 ad
1616 651 1721 696 eas
1745 650 1900 716 quas
1923 630 2058 695 dixi
2079 635 2254 717 (pag.
2284 629 2412 695 421
2441 630 2586 696 adn.
2603 628 2856 709 8—10)

470 741 890 806 caerimoniae
933 737 1079 803 illae
1123 738 1357 825 quibus
1401 739 1689 822 primum
1735 735 2020 802 kalendis
2065 739 2136 802 in
2183 735 2501 822 Capitolio
2545 739 2614 801 in
2659 734 2857 804 Curia

472 845 739 915 Calabra
782 845 1150 911 celabantur
1193 848 1501 930 cuiusque
1536 845 1776 909 mensis
1811 863 2013 909 nonae
2031 891 2048 922 ‚
2092 843 2318 908 deinde
2355 846 2542 909 nonis
2579 845 2649 907 in
2691 844 2856 908 Arce

472 975 510 1020 a
576 973 729 1040 rege
800 951 1207 1017 edicebantur
1278 950 1507 1025 feriae;
1572 950 1685 1015 sed
1742 949 2110 1015 Mommsen
2171 955 2340 1015 recte
2401 952 2688 1026 monuit,
2735 948 2855 1014 hos

469 1065 823 1126 conventus
884 1056 1109 1144 populi
1170 1058 1428 1121 omnino
1490 1057 1571 1121 ad
1633 1059 1896 1122 comitia
1955 1077 2080 1121 non
2143 1059 2460 1141 pertinere
2490 1054 2559 1136 ¹).
2609 1054 2854 1120 Deinde

470 1165 714 1232 Becker
769 1167 865 1229 ita
924 1163 1219 1228 distinxit
1275 1163 1446 1227 inter
1491 1164 1754 1227 comitia
1799 1161 2005 1227 calata
2050 1163 2298 1227 curiata
2343 1168 2408 1226 et
2455 1163 2810 1226 centuriata
2833 1209 2850 1236 ,

468 1279 545 1338 ut
582 1272 663 1337 ad
708 1273 951 1336 curiata
996 1268 1255 1333 referret
1296 1265 1574 1352 reliquas
1622 1269 1899 1333 actiones
1918 1316 1935 1344 ‚
1985 1267 2066 1332 ad
2111 1269 2466 1332 centuriata
2504 1287 2657 1332 vero
2699 1286 2854 1331 cnm

468 1377 615 1444 illas
673 1376 1049 1442 indictiones
1108 1393 1422 1438 nonarum
1483 1379 1549 1437 et
1599 1372 1906 1438 feriarum
1923 1421 1940 1450 ,
1992 1379 2138 1438 tum
2184 1394 2336 1439 vero
2385 1378 2770 1439 testamenta
2815 1392 2856 1436 a

468 1486 627 1550 viris
676 1481 915 1569 plebeis
958 1479 1141 1544 facta.
1190 1477 1407 1544 Multo
1443 1477 1696 1564 plenius
1734 1485 1798 1543 et
1839 1481 2196 1544 accuratius
2234 1479 2417 1545 issam
2461 1480 2848 1544 sententiam

470 1594 951 1676 praesumptam
987 1593 1325 1652 exsecutus
1346 1590 1443 1651 est
1466 1585 1849 1652 Mommsen.
1891 1585 1953 1650 Is
1976 1586 2232 1652 rettulit
2256 1587 2333 1653 ad
2359 1590 2624 1653 comitia
2645 1584 2849 1652 calata

472 1698 747 1762 curiata:
796 1718 835 1756 a
871 1695 1396 1758 constitutionem
1442 1695 1655 1778 gentis
1700 1691 1984 1777 plebeiae
2032 1695 2168 1758 eive
2215 1695 2434 1779 stirpis
2451 1742 2467 1770 ,
2517 1713 2712 1779 quam
2758 1711 2852 1756 re-

472 1804 782 1868 mansisse
822 1804 1035 1865 censet
1074 1804 1413 1884 postquam
1436 1796 1692 1862 sublata
1715 1804 1878 1862 esset
1903 1801 2222 1884 cooptatio
2246 1801 2416 1863 inter
2438 1800 2736 1884 patricios
2762 1795 2846 1877 ⁹);

470 1909 503 1970 b
550 1909 1016 1993 arrogationem
1066 1911 1131 1969 et
1170 1904 1661 1970 detestationem
1697 1924 2055 1982 sacrorum3
2098 1929 2130 1967 e
2167 1908 2380 1992 gentis
2404 1907 2846 1990 enuptionem;

469 2016 515 2078 d
554 2015 1029 2079 restitutionem
1078 2013 1217 2076 eius
1263 2013 1375 2096 qui
1413 2019 1674 2097 gentem
1713 2031 1900 2075 suam
1939 2013 2290 2088 amisisset;
2334 2035 2366 2075 e
2387 2017 2852 2077 testamentum

469 2119 751 2186 caletum
778 2116 863 2198 3);
897 2119 962 2203 s
998 2119 1562 2203 inaugurationem
1609 2116 1808 2203 Regis
1853 2137 2180 2182 sacrorum
2226 2125 2290 2183 et
2335 2117 2612 2182 flaminis
2658 2113 2846 2178 dialis

468 2233 533 2292 et
578 2224 861 2290 flaminis
902 2222 1249 2303 Quirinalis
1271 2221 1345 2303 ⁴).
1392 2222 1494 2287 Ad
1532 2224 1796 2288 comitia
1835 2222 2039 2288 calata
2075 2226 2428 2288 centuriata
2471 2243 2622 2287 vero
2669 2225 2846 2298 (cum

468 2337 719 2397 censeat
764 2332 1081 2395 centurias
1128 2329 1325 2394 fuisse
1370 2331 1778 2414 perantiquae
1796 2377 1813 2406 ‚
1863 2335 1927 2395 et
1966 2331 2226 2395 comitia
2263 2331 2618 2392 centuriata
2653 2325 2842 2390 initio

467 2460 504 2504 a
566 2439 848 2524 patriciis
902 2435 1053 2500 solis
1098 2438 1261 2500 inita
1306 2456 1440 2500 esse
1488 2441 1554 2500 et
1594 2438 1881 2520 primum
1929 2433 2238 2512 XXXIII,
2288 2432 2512 2499 deinde
2557 2429 2844 2497 XXXVI

466 2545 929 2620 centuriarum,
972 2541 1297 2627 aliquanto
1337 2547 1481 2624 post
1520 2540 1786 2606 demum
1823 2539 2090 2608 CXCIII
2127 2542 2582 2618 centuriarum,
2623 2539 2841 2615 fuisse,

465 2669 738 2734 cumque
796 2653 1039 2713 statuat
1099 2653 1451 2713 conventus
1498 2646 1721 2733 populi
1768 2649 2247 2732 antiquissimos
2293 2649 2404 2732 qui
2451 2667 2488 2710 a
2535 2648 2847 2732 principio

464 2757 875 2820 centuriatim
934 2753 1319 2818 haberentur
1378 2752 1576 2818 fuisse
1621 2756 1842 2838 ipsum
1887 2774 2184 2831 censum,
2237 2759 2302 2818 et
2347 2774 2540 2818 censu
2587 2757 2844 2838 peracto

460 2861 745 2926 lustrum
760 2907 777 2937 ,
827 2865 891 2925 et
936 2861 1197 2924 comitia
1240 2861 1309 2922 in
1353 2859 1585 2944 quibus
1635 2860 1710 2924 de
1759 2859 1924 2924 bello
1974 2859 2253 2944 gerendo
2296 2859 2758 2939 decerneretur)
2787 2860 2842 2938 ε)

466 3003 553 3015 -
599 2965 680 3030 ad
740 2968 1093 3030 centuriata
1152 2963 1359 3030 calata
1418 2967 1628 3050 igitur
1687 2965 1764 3029 ab
1829 2987 1904 3030 eo
1967 2966 2275 3031 refertur:
2341 2990 2385 3047 ‚q
2429 2965 2840 3051 inauguratio

460 3071 741 3138 flaminis
824 3071 1133 3136 martialis
1173 3076 1246 3152 ⁶).
1330 3069 1503 3136 Huic
1572 3074 1970 3137 coniecturae
1987 3121 2006 3148 ,
2083 3093 2208 3158 qua
2274 3073 2843 3159 inaugurationem

461 3181 655 3243 unius
719 3177 1059 3243 sacerdotis
1104 3177 1407 3258 (flaminis
1454 3177 1796 3259 martialis)
1845 3199 1882 3243 a
1927 3178 2193 3264 reliquis
2239 3177 2846 3264 inaugurationibus

460 3286 815 3349 seiunctam
861 3282 938 3346 ad
986 3286 1247 3348 comitia
1290 3285 1629 3348 centuriata
1678 3284 1882 3349 calata
1918 3283 2172 3350 rettulit
2189 3333 2205 3362 ,
2246 3284 2666 3349 fundamento
2710 3303 2844 3349 esse

459 3389 669 3456 voluit
729 3389 950 3455 locum
1013 3389 1253 3471 Servii,
1303 3393 1413 3476 qui
1461 3390 1541 3455 ad
1588 3392 1744 3456 Aen.
1798 3390 1859 3455 6.
1887 3389 2020 3456 859
2069 3391 2432 3455 adnotavit:
2501 3390 2843 3472 „Quirinus

458 3504 545 3561 eet
606 3499 787 3560 Mars
848 3495 951 3581 qui
998 3503 1245 3578 praeest
1292 3496 1442 3579 paci
1504 3504 1562 3560 et
1624 3497 1792 3560 intra
1851 3497 2149 3560 civitatem
2211 3497 2450 3574 concur,
2518 3521 2655 3560 nam
2699 3495 2845 3559 bem

458 3603 639 3667 Man
698 3610 869 3666 extra
927 3602 1225 3666 civitatem
1286 3603 1561 3684 tmnphcm
1622 3602 1875 3682 habet'’;
1925 3624 2076 3668 cum
2120 3603 2266 3668 inde
2315 3603 2652 3668 deduceret
2671 3651 2688 3680 ,
2737 3601 2844 3666 fla·

456 3712 701 3775 minem
764 3708 995 3774 Martis
1043 3711 1240 3773 etiam
1284 3709 1808 3796 inaugurandum
1856 3710 2049 3774 fuisse
2099 3715 2280 3775 extra
2324 3711 2690 3794 pomerium
2709 3755 2726 3784 ‚
2777 3714 2845 3772 et

458 3890 657 3938 statur.
704 3891 737 3936 3
781 3904 884 3953 pag.
922 3889 986 3938 89
1032 3889 1138 3938 adn.
1184 3890 1235 3937 ιε
1287 3888 1391 3938 odie
1437 3893 1581 3939 unter
1615 3889 1820 3955 Leitung
1853 3890 1934 3938 des
1967 3889 2188 3940 Pontifex
2224 3888 2564 3953 abgehaltenen
2601 3887 2842 3936 Comitien

458 3970 643 4020 heisten
678 3969 923 4019 technisch
956 3968 1165 4029 calata'’;
1214 3969 1327 4020 ibid.
1366 3971 1397 4019 3
1432 3987 1539 4036 pag.
1576 3973 1702 4031 8183
1735 3973 1768 4022 2
1802 3987 1908 4036 pag.
1943 3972 2022 4024 37.
2061 3999 2126 4009 -
2162 3972 2217 4035 1)
2255 3971 2524 4020 Mommsen
2562 3969 2593 4018 2
2629 3983 2735 4032 pag.
2771 3969 2840 4018 40

458 4051 551 4100 adn
606 4052 653 4100 2.
705 4078 771 4088 —
825 4051 881 4114 Β)
920 4052 1190 4101 Mommsen
1226 4053 1257 4100 3
1292 4067 1399 4117 pag,
1437 4053 1618 4112 82‚74‚
1643 4054 1754 4112 132,
1774 4054 1886 4102 318.
1940 4079 2005 4090 —
2057 4053 2110 4118 8)
2150 4054 2219 4101 De
2252 4053 2328 4102 his
2365 4051 2459 4103 vid.
2499 4052 2772 4102 Mommsen
2808 4052 2838 4099 8

459 4149 563 4197 pag.
601 4133 697 4182 318
716 4149 784 4198 sq.
822 4159 890 4170 -—·
922 4133 981 4196 4)
1018 4133 1289 4183 Mommsen
1328 4137 1359 4182 8
1394 4151 1497 4200 pag.
1538 4134 1652 4185 307.
1689 4161 1752 4172 ·--
1791 4136 2058 4184 Mommsen
2093 4135 2292 4194 statuit,
2327 4135 2385 4183 de
2419 4134 2560 4183 rebus
2603 4148 2722 4198 quas
2753 4131 2840 4182 aab

456 4229 582 4263 a—e
630 4215 795 4278 poeni,
847 4214 1081 4280 populum
1126 4215 1333 4265 comitiis
1376 4216 1543 4265 calatis
1588 4215 1866 4280 suffragium
1913 4215 2103 4274 tulisse3
2141 4217 2199 4264 de
2232 4216 2371 4265 rebus
2404 4231 2518 4265 vero
2551 4215 2638 4266 snb
2659 4217 2707 4281 s
2727 4218 2777 4265 et
2805 4231 2840 4279 9

458 4295 627 4361 positis
662 4297 856 4346 comitia
889 4296 1044 4346 calata
1076 4295 1240 4346 habita
1267 4313 1365 4346 esee
1392 4297 1444 4347 in
1470 4297 1641 4362 quibus
1671 4298 1860 4348 nullum
1887 4297 2168 4362 suffragium
2195 4299 2418 4348 tenetur.
2457 4325 2522 4336 —
2560 4300 2610 4352 5)
2629 4299 2840 4348 Momm·

456 4396 537 4430 nen
573 4383 603 4430 3
639 4395 745 4444 pag.
782 4382 893 4438 104.
913 4381 1425 4445 80⁶‚316,2440qq.;
1460 4381 1710 4442 somam,
1731 4382 1844 4434 317.
1881 4409 1946 4422 --
1983 4383 2034 4442 6)
2069 4383 2341 4432 Mommsen
2377 4384 2410 4430 3
2443 4398 2554 4448 pag.
2588 4382 2700 4434 30'1.
