3192 5009
602 215 730 282 118
1459 241 2108 294 onenau'rmncumn

859 405 1227 485 ycncraliter
1286 408 1355 470 in
1418 409 1683 472 omnibus
1749 409 2084 472 Praetor-iis
2131 409 2628 492 stipulationibus
2675 416 2732 472 ct
2762 431 2990 491 procu*

864 511 1165 575 ratoribuc
1208 514 1720 591 satisdatum·

596 615 703 682 sed
749 616 893 682 ideo
941 619 1247 684 contendo
1265 669 1280 697 ,
1322 621 1492 706 quod
1528 626 1866 686 contextus
1903 621 2176 708 flagitat.
2225 622 2610 686 Procurator
2649 623 2842 698 enim,
2872 606 2996 706 qui

595 746 757 811 opus
802 746 1043 790 novum
1088 730 1361 805 nuntiat,
1410 734 1523 793 aut
1570 728 1837 793 satisdat
1883 748 2026 793 eam
2071 749 2212 794 rem
2252 727 2588 792 dominum
2627 735 2838 792 ratam
2879 728 2999 792 ha-

593 831 885 896 biturum
935 837 1051 896 aut
1095 853 1223 898 non
1267 833 1551 898 satisdat.
1601 833 1673 899 Si
1717 855 1844 900 non
1891 835 2159 900 satisdat
2178 882 2195 912 ,
2241 837 2560 899 nuntiatio
2609 833 2994 900 omnimodo

592 939 981 1014 remittitur;
1050 941 1105 1003 si
1166 940 1431 1005 satisdet
1448 989 1464 1017 ‚
1528 961 1690 1026 opus
1751 941 2097 1005 inhibetur.
2149 939 2244 1006 De
2291 961 2364 1006 eo
2414 947 2825 1027 procuratore
2875 945 2998 1026 qui

592 1043 897 1109 satisdare
941 1043 1252 1114 detrectat
1294 1053 1638 1132 postquam
1683 1045 2000 1132 Ulpianus
2045 1049 2253 1132 egerit
2298 1047 2369 1128 (1.
2399 1046 2439 1110 5
2473 1049 2508 1132 ᾖ
2541 1046 2623 1112 18
2648 1047 2729 1112 D.
2757 1044 2868 1112 39.
2906 1045 2996 1126 1),

590 1153 944 1215 interiectis
1012 1152 1399 1236 quibusdam
1464 1153 1541 1218 de
1595 1173 1670 1218 eo
1737 1155 1849 1239 qui
1913 1155 2354 1219 remissionem
2403 1154 2680 1219 absentis
2726 1155 2998 1218 nomine

594 1255 909 1322 desiderat
966 1258 1029 1342 (ξ
1060 1255 1190 1338 19),
1255 1258 1335 1323 ad
1368 1257 1660 1324 alterum
1704 1259 1772 1323 id
1821 1266 1919 1324 est
1967 1281 2119 1325 eum
2168 1263 2280 1345 qui
2331 1265 2539 1326 ratam
2583 1279 2722 1324 rem
2765 1259 2998 1324 haberi

593 1361 994 1427 satisdederit
1056 1365 1401 1428 transitum
1460 1364 1613 1429 facit
1673 1366 1736 1449 (ξ
1761 1363 1896 1444 20).
1961 1363 2144 1444 Quod
2204 1364 2624 1430 manifestum
2670 1363 2782 1428 fiet
2825 1366 2998 1449 ipsis

592 1467 859 1555 Ulpiani
902 1469 1115 1534 verbis
1160 1470 1498 1534 subiectis:

865 1576 928 1659 (ξ
980 1573 1091 1655 18)
1126 1560 1141 1566 ’
1154 1574 1259 1658 qui
1294 1575 1718 1656 procuratorio
1766 1576 2000 1640 nominc
2047 1575 2420 1641 nuntiaverit
2465 1575 2523 1638 ci
2568 1599 2686 1640 non
2729 1575 3001 1638 satisda—

866 1681 953 1744 bit
1000 1703 1126 1744 cam
1172 1703 1292 1744 rem
1334 1682 1632 1747 dominum
1669 1679 1866 1744 ratam
1899 1681 2241 1745 habiturum
2257 1731 2273 1758 ,
2317 1682 2620 1745 nuntiatio
2657 1680 2996 1746 omnimodo

866 1786 1212 1864 remittitur,
1261 1787 1496 1850 etiamsi
1541 1809 1715 1850 verus
1757 1787 1841 1850 sit
1872 1794 2255 1869 procurator.
2504 1861 2510 1866 ¹

868 1892 931 1977 (ᾖ
978 1891 1093 1971 20)
1156 1892 1211 1956 ci
1259 1899 1624 1974 procurator
1684 1901 1878 1960 autem
1921 1903 2090 1975 'opus
2149 1915 2362 1956 novum
2419 1891 2570 1956 mihi
2615 1893 3000 1956 nuntiaverit

866 2005 925 2062 ct
966 1998 1121 2062 satio
1166 2001 1479 2085 acceperit
1524 1999 1597 2078 (l.
1649 2003 1974 2081 accepero),
2043 1999 2262 2062 deinde
2319 1999 2640 2064 interdicto
2705 2001 2999 2062 advch

866 2128 993 2170 eum
1039 2112 1197 2182 utar,
1246 2128 1322 2168 ne
1369 2105 1487 2168 vim
1530 2104 1681 2168 mihi
1711 2105 1933 2191 fac-iat
1950 2153 1966 2182 ,
2015 2105 2323 2188 quominus
2370 2105 2676 2188 aedzfiom
2724 2153 2740 2169 .
2769 2152 2788 2168 .
2819 2153 2832 2169 .
2865 2154 2880 2168 .

684 2211 1092 2278 Procuratori
1110 2259 1126 2288 ,
1184 2213 1295 2295 qui
1342 2215 1553 2275 ratam
1597 2231 1737 2276 rem
1784 2210 2005 2275 haberi
2051 2231 2176 2274 non
2223 2210 2527 2286 satisdat,
2579 2212 2818 2296 opponi
2863 2231 2998 2274 non

592 2325 803 2405 potest
847 2319 975 2382 nisi
1020 2319 1077 2380 is
1116 2338 1153 2381 a
1192 2337 1317 2401 quo
1355 2321 1564 2382 ratam
1606 2337 1742 2381 rem
1779 2316 2002 2381 haberi
2040 2315 2422 2379 adversarius
2461 2318 2616 2380 satis
2655 2317 2995 2401 acceperit.

592 2423 834 2504 Quodsi
874 2426 969 2488 ita
1012 2421 1231 2487 locum
1273 2423 1690 2489 emendemus
1706 2472 1723 2501 ‚
1772 2443 1963 2488 causa
2007 2421 2189 2486 nulla
2235 2429 2331 2487 est
2347 2470 2363 2498 ‚
2413 2443 2527 2486 cur
2569 2421 2650 2487 ad
2686 2424 2998 2488 iteratam

590 2532 1059 2595 nuntiationem
1106 2531 1421 2614 pertinere
1467 2529 1589 2594 hoc
1635 2529 2077 2615 fragmentum
2126 2527 2392 2594 dicatur.

683 2633 950 2700 Sublato
1019 2637 1219 2720 partis
1289 2635 1590 2700 adversae
1655 2640 2038 2720 argumento
2063 2682 2079 2711 ,
2148 2632 2492 2698 dicendum
2555 2631 2710 2718 quid
2775 2653 2998 2698 meam

592 2744 976 2808 sententiam
1019 2743 1301 2806 maxime
1347 2740 1577 2806 firmet.
1630 2739 1730 2806 Ad
1773 2745 1984 2827 ipsam
2038 2761 2311 2826 provoco
2371 2742 2615 2825 negotii
2667 2745 2994 2804 naturam.

591 2847 847 2914 Inhibet
908 2868 1067 2933 opus
1126 2849 1447 2912 nuntiatio
1469 2895 1485 2923 ‚
1534 2868 1615 2912 ne
1661 2869 1740 2912 ex
1789 2868 1977 2933 opere
2026 2846 2491 2916 detrimentum
2537 2849 2712 2910 actor
2758 2849 2996 2931 capiat.

590 2955 815 3019 Nonne
882 2974 990 3019 reo
1052 2953 1568 3039 prospiciendum
1631 2959 1727 3017 est
1747 3001 1765 3029 ,
1828 2973 1908 3017 ne
1971 2971 2050 3016 ex
2094 2952 2475 3016 inhibitione
2522 2950 2992 3016 detrimentum

591 3063 800 3147 capiat
858 3057 1038 3145 ipse?
1100 3059 1271 3126 Satis
1318 3062 1379 3125 ei
1425 3059 1796 3124 Praetorem
1841 3060 2242 3145 prospexisse
2289 3078 2506 3122 censes
2522 3105 2539 3134 ‚
2591 3055 2762 3141 quod
2809 3059 2994 3121 satis-

592 3167 845 3232 datione
869 3165 1085 3231 oblata
1108 3165 1433 3231 aedificare
1456 3162 1877 3231 concedatur?
1903 3163 2070 3244 Quid
2089 3213 2105 3241 ‚
2133 3167 2190 3229 si
2215 3164 2420 3228 dicat:
2452 3163 2680 3240 „hodie
2704 3169 2988 3238 constet,

590 3272 778 3337 hodie
813 3271 1151 3359 agamus”,
1198 3271 1532 3336 videturne
1571 3274 1894 3336 iniustum
1935 3267 2302 3356 postulare?
2351 3269 2562 3334 Lubet
2599 3291 2750 3334 cum
2775 3273 2990 3356 operis

592 3380 745 3443 novi
785 3381 1181 3443 nuntiatione
1215 3376 1284 3441 id
1322 3377 1603 3442 conferre
1620 3426 1636 3454 ‚
1679 3376 1850 3462 quod
1889 3376 2194 3442 Romanis
2230 3378 2636 3462 incognitum
2660 3375 2988 3440 hodiernis

590 3483 847 3571 populis
908 3486 1217 3546 Arrectum
1262 3483 1515 3560 dicitur,
1564 3482 1735 3569 quod
1781 3489 1879 3548 est
1923 3503 2038 3569 per
2084 3485 2303 3548 omnia
2345 3485 2736 3548 nuntiationi
2781 3483 2990 3548 simil-

590 3589 969 3656 millimum.
1010 3587 1265 3654 Inhibet
1302 3610 1465 3675 opus
1509 3592 1851 3666 nuntiatio,
1893 3590 2393 3674 asportationem
2430 3591 2772 3666 Arrectum3
2799 3588 2988 3654 Prae-

591 3699 749 3762 toris
818 3694 1167 3761 aditionem
1234 3698 1555 3761 nuntiatio
1618 3717 1746 3760 non
1809 3695 2003 3760 habet
2061 3696 2482 3760 necessariam
2501 3743 2519 3771 ,
2579 3695 2812 3761 iudicis
2859 3717 2986 3760 non

590 3802 785 3866 habet
853 3803 1194 3878 Amestum3
1270 3802 1682 3867 satisdatione
1748 3803 2069 3867 nuntiatio
2137 3802 2334 3866 missa
2396 3799 2504 3878 fit,
2569 3800 2984 3866 satisdatione

591 3906 937 3976 resolvitur
1004 3910 1311 3970 Arrectum
1344 3905 1410 3988 ι).
1459 3906 1615 3987 Quis
1662 3929 1811 3972 vero
1860 3907 2112 3972 dubitat
2159 3909 2473 3972 actionem
2520 3905 2795 3972 dandam
2844 3927 2980 3972 esse

594 4033 702 4076 reo
721 4061 737 4089 ‚
812 4033 939 4098 qua
1001 4019 1191 4100 cogat
1253 4015 1684 4076 Arrestatorem
1745 4001 1857 4077 aut
1917 4033 2175 4077 causam
2237 4012 2442 4077 dicere
2503 4017 2616 4078 aut
2671 4015 2983 4076 Arrectum

595 4116 936 4198 omittere?
1006 4118 1093 4182 At
1162 4139 1358 4204 aeque
1419 4121 1772 4184 necessaria
1835 4124 1933 4184 est
1992 4120 2062 4182 in
2125 4120 2332 4204 operis
2380 4121 2532 4184 novi
2577 4121 2980 4184 nuntiatione

664 4363 714 4426 1)
752 4361 885 4412 Haec
918 4361 991 4413 it·
1024 4360 1240 4412 Peckius.
1284 4359 1440 4408 Hodie
1472 4375 1531 4409 ex
1563 4363 1700 4430 parte
1733 4361 2057 4413 exoleverunt.
