3192 5009
1276 201 1771 252 memoramus.
2579 183 2708 252 393

608 369 931 436 ’Ἄπολλον
979 368 1359 448 ἀποτρόπαιε
1407 369 1511 434 καὶ
1560 367 1674 435 θεοὶ
1721 368 1933 450 φίλοι,

611 478 677 542 τί
722 478 861 541 ποτ’
910 475 1077 541 ἐστὶν
1121 472 1159 540 ὅ
1199 499 1259 540 τι
1309 475 1600 541 πέπονθεν
1647 472 1693 542 ἀ
1709 477 1787 541 νθ
1803 499 2048 557 ρωπος
2095 475 2315 553 κακόν;

344 605 545 670 neque
608 590 833 670 aptum
894 588 991 648 est
1050 581 1458 665 προσέρχεται
1510 582 1587 649 de
1634 604 1707 649 eo
1756 585 1866 669 qui
1909 585 2042 648 iam
2085 603 2182 648 vs.
2235 579 2366 648 850
2410 584 2479 646 in
2526 603 2711 648 scena

342 690 525 756 adsit.
575 689 879 770 Quocirca
916 688 1051 754 fieri
1087 694 1297 774 potest
1330 697 1405 754 ut
1441 689 1649 755 deleto
1685 691 1810 755 isto
1847 688 2160 754 versiculo
2200 689 2602 755 scribendum
2623 691 2710 754 sit

610 797 733 873 ἐγώ
779 795 1002 878 σχεδὸν
1049 796 1120 861 τὸ
1169 799 1442 876 πρᾶγμα
1490 796 1854 874 γιγνώσκειν
1898 795 2041 861 δοκῶ
2063 817 2078 833 ·

611 900 809 984 ἔοιχ’
857 897 894 966 ὅ
903 903 953 967 δ’
998 901 1130 983 (vel
1179 900 1463 984 ἔοικεν)
1512 898 1666 967 εἶναι
1715 906 1820 966 τοῦ
1867 906 2117 982 πονηροῦ
2165 901 2509 980 κόμματος.

429 1117 592 1185 Nun.
643 1118 770 1184 541
798 1141 890 1205 sq.

464 1237 475 1282 Ι
601 1226 731 1293 οὐδὲ
778 1223 1129 1306 πρεσβύτης
1179 1226 1208 1291 ὃ
1258 1226 1455 1304 λέγων
1502 1222 1676 1300 τᾶπη
1726 1234 1803 1308 τῇ
1850 1224 2164 1308 βακτηρίᾳ

601 1332 821 1398 τύπτει
872 1332 973 1396 τὸν
1020 1331 1293 1412 παρόντ’,
1343 1331 1660 1412 ἀφανίζων
1704 1331 1932 1413 πονηρὰ
1978 1329 2360 1409 σκώμματα.

328 1437 422 1503 Hi
468 1438 591 1503 duo
638 1460 859 1504 versus
876 1487 892 1517 ,
942 1440 1010 1503 in
1053 1439 1283 1524 quibus
1330 1437 1517 1523 plura
1563 1441 1794 1504 merito
1842 1441 2203 1524 vituperata
2241 1442 2391 1502 sunt
2409 1486 2426 1516 ,
2467 1439 2703 1523 quique

325 1551 651 1631 praeterea
697 1544 865 1610 male
910 1548 1387 1630 interrumpunt
1428 1564 1943 1631 praegressorum
1983 1549 2048 1610 et
2083 1546 2558 1630 insequentium
2575 1593 2592 1621 ‚
2632 1546 2700 1608 in

324 1651 557 1736 quibus
616 1654 753 1736 ipsa
811 1651 1133 1716 comoedia
1191 1651 1551 1716 subiectum
1610 1658 1740 1729 est,
1791 1657 2211 1736 structuram,
2263 1671 2389 1715 non
2435 1650 2513 1715 ab
2559 1651 2698 1736 ipso

322 1758 746 1843 Aristophane
808 1758 918 1823 sed
978 1777 1015 1822 a
1067 1761 1274 1822 neseio
1322 1779 1444 1843 quo
1490 1765 1810 1837 poetastro
1858 1758 2125 1844 profecti
2171 1757 2334 1821 mihi
2375 1757 2696 1834 videntur,

325 1866 440 1949 qui
503 1884 537 1929 e
585 1863 807 1949 Vespis
861 1862 1305 1929 1292—1323
1353 1863 1798 1950 similibusque
1843 1864 1996 1930 loeis
2042 1867 2112 1929 in
2161 1861 2500 1929 comoediis
2545 1862 2698 1928 haee

320 1969 463 2035 fieri
532 1976 810 2035 noverat.
882 1969 1125 2035 Eorum
1188 1975 1427 2048 auctor,
1490 1973 1616 2035 nisi
1676 1969 1879 2049 fallor,
1941 1969 2183 2036 voluit:
2249 1966 2563 2049 ἀφανίζων
2611 1969 2694 2048 τῷ

321 2075 577 2142 τύπτειν
626 2085 702 2158 τῇ
750 2075 1065 2159 βακτηρία
1109 2078 1219 2150 την
1266 2083 1383 2141 τῶν
1428 2075 1826 2153 σκωμμάτων
1872 2075 2178 2156 πονηρίαν.

417 2292 586 2362 Nub.
638 2293 788 2360 668.

590 2397 736 2465 ὥστ’
782 2403 917 2467 ἀντὶ
966 2401 1179 2467 τούτου
1225 2407 1332 2467 τοῦ
1383 2401 1772 2481 διδάγματος
1819 2399 1998 2480 μόνον

590 2505 985 2590 διαλφιτώσω
1034 2532 1139 2573 σου
1186 2509 1451 2590 κύκλῳ
1496 2510 1608 2583 την
1655 2508 1969 2588 κάρδοπον.
2295 2549 2301 2555 ·

315 2612 380 2678 N
383 2635 461 2679 on
531 2616 741 2700 magis
807 2636 1003 2701 quam
1072 2614 1345 2700 Blaydes
1414 2615 1678 2700 expedio
1748 2615 1972 2694 κύκλῳ.
2057 2613 2238 2678 Nihil
2304 2613 2689 2679 reconditius

312 2719 515 2785 latere
564 2724 849 2806 suspicor
892 2743 1084 2808 quam
1132 2727 1333 2795 καλῶς
1354 2772 1371 2800 ,
1408 2723 1614 2804 probe.

408 2937 576 3004 Nub.
633 2939 826 3006 1038.

588 3045 709 3122 ἐγὼ
756 3047 882 3126 γὰρ
930 3045 1125 3122 ἥττων
1170 3051 1281 3123 μὲν
1330 3047 1513 3125 λόγος
1566 3048 1640 3114 δι’
1691 3049 1844 3114 αὐτὸ
1893 3051 2055 3112 τοῦτ’
2105 3047 2357 3121 ἐκλήθην

585 3151 645 3214 ἕν
693 3159 848 3217 τοῖσι
894 3161 1351 3235 φροντισταῖσιν
1400 3150 1491 3219 ὅτι
1539 3157 1871 3233 πρώτιστος
1918 3151 2216 3228 ἐπενόησα

585 3266 847 3322 τοῖσιν
895 3261 1169 3335 νόμοις
1219 3261 1351 3325 καὶ
1400 3270 1583 3332 ταῖς
1636 3261 1909 3332 δίκαις
1959 3258 2236 3324 τάναντί’
2286 3257 2624 3336 ἀντιλέξαι.

314 3360 553 3428 Suadet
614 3369 925 3430 sententia
984 3375 1154 3438 τοῖς
1223 3367 1634 3443 ε’ννόμοισι
1686 3367 2102 3437 κάνδίκοις
2152 3365 2279 3430 κτὲ.
2330 3363 2454 3446 (Of.
2511 3360 2682 3442 1315

315 3475 381 3533 et
426 3467 645 3550 1339),
686 3493 847 3557 quae
878 3472 1080 3538 lenior
1116 3479 1213 3539 est
1246 3477 1544 3540 eorrectio
1570 3474 1992 3561 Blaydesiana
2028 3481 2288 3538 τοῖσιν
2330 3470 2451 3536 δικ
2472 3471 2556 3536 αί
2572 3493 2681 3541 οις

313 3574 745 3649 κάννόμοις
765 3625 781 3655 ,
826 3599 1021 3663 quam
1057 3579 1162 3644 hic
1201 3580 1467 3646 fort-asse
1506 3579 1814 3664 praetulit
1854 3583 2002 3666 quia
2040 3578 2260 3650 ἔνδικος
2302 3599 2415 3664 pro
2453 3576 2683 3647 δίκαιος

315 3679 467 3746 alibi
513 3703 638 3746 non
684 3686 999 3768 reperitur
1044 3686 1213 3772 apud
1260 3686 1770 3771 Aristophanem.
1819 3686 2153 3752 Traditum
2199 3691 2294 3752 est
2342 3683 2576 3754 ἐνδίκως
2615 3687 2683 3748 in

316 3787 611 3852 omnibus
656 3788 837 3854 libris
882 3791 1029 3855 Pae.
1080 3789 1231 3869 630,
1279 3795 1347 3856 in
1396 3799 1575 3878 parte
1623 3792 1801 3857 codd.
1850 3792 2018 3858 Nub.
2071 3790 2265 3871 1379,
2316 3794 2430 3859 ubi
2469 3797 2684 3857 tamen

316 3891 513 3958 altera
556 3893 743 3959 lectio
792 3897 849 3959 ἐν
897 3896 1029 3976 δίκη
1074 3900 1284 3962 verior
1328 3899 1604 3963 videtur.
1655 3897 1780 3963 Sed
1825 3899 2137 3965 adieetivo
2178 3899 2396 3970 ἔνδικος
2437 3904 2685 3986 praeter

317 4001 589 4085 tragicos
630 4021 815 4086 saepe
861 4001 1047 4067 Plato
1094 4024 1249 4068 usus
1290 4009 1419 4081 est,
1460 4011 1524 4068 et
1562 4025 1641 4069 ne
1682 4004 1916 4080 ἔννομος
1960 4007 2249 4091 quidem,
2294 4006 2461 4091 quod
2487 4008 2684 4072 etiam

316 4103 411 4170 Bl.
453 4107 557 4171 hic
596 4107 884 4173 admittit
922 4130 1034 4194 pro
1076 4111 1349 4187 νόμιμος,
1391 4110 1544 4176 alibi
1578 4112 1821 4199 legitur
1843 4112 2010 4197 apud
2035 4117 2370 4178 comicum.
2420 4112 2683 4179 Temere

317 4232 467 4278 vero
505 4211 602 4278 Bl.
644 4235 742 4281 vs.
790 4213 961 4280 1333
1008 4237 1122 4301 pro
1173 4218 1232 4279 ἐν
1274 4218 1405 4300 δίκη
1447 4220 1712 4284 coniecit
1754 4220 1993 4298 ἔνδικον,
2035 4221 2170 4286 noli
2209 4224 2380 4287 enim
2416 4225 2683 4308 iungere

317 4320 538 4395 γένοιτ’
602 4319 675 4385 ἂν
743 4322 802 4385 ἐν
864 4323 998 4404 δίκη
1062 4324 1172 4389 sed
1226 4323 1479 4390 τύπτειν
1529 4326 1588 4390 ἐν
1637 4327 1792 4409 δίκη.
1843 4365 1926 4377 --
1976 4328 2298 4415 Quidquid
2343 4335 2561 4395 autem
2607 4329 2682 4396 de
