3192 5009
558 328 695 393 212
1316 350 1400 395 An
1448 350 1796 396 ms‘romm
1839 349 2176 398 semem.

556 518 669 598 qui
738 517 1026 599 spuriam
1084 515 1393 580 iudicaret
1454 516 1848 602 Antigonam
1909 530 1974 581 et
2037 518 2334 603 Iophonti
2395 518 2704 583 tribueret
2737 516 2814 597 ¹),
2881 531 2944 582 et

556 620 821 685 fortasse
880 620 1027 685 inde
1089 619 1361 686 effecerit
1420 625 1744 707 quispiam
1763 672 1780 699 ,
1843 624 1920 687 ab
1981 622 2292 709 Iophonte
2351 644 2496 688 eam
2541 632 2688 708 post
2735 626 2944 710 patris

554 726 817 791 demum
874 739 1155 793 mortem
1198 750 1419 794 scenae
1464 750 1602 793 esse
1649 733 2058 794 commissam
2079 780 2096 806 ,
2145 753 2270 816 quo
2315 732 2514 794 etiam
2559 734 2782 815 inepta
2833 730 2944 794 Sa-

550 838 685 920 tyri
746 834 1217 898 narratiuncula
1276 835 1353 900 de
1414 834 1748 920 Sophoclis
1805 844 2012 901 morte
2059 836 2290 901 ducere
2335 836 2630 913 videtur3
2683 874 2772 883 —-
2825 836 2940 900 sed

550 942 763 1005 obstat
824 948 1287 1027 argumentum
1348 962 1427 1005 ex
1487 940 1742 1005 silentio
1759 992 1776 1018 ,
1831 963 1976 1007 meo
2035 942 2300 1027 quidem
2343 942 2582 1007 iudicio
2627 945 2940 1029 gravissi·

550 1068 755 1110 mum.
818 1047 985 1111 Nam
1024 1049 1081 1111 si
1116 1048 1443 1133 Antigona
1460 1096 1477 1123 ,
1516 1050 1810 1111 omnium
1849 1048 1976 1112 fere
2017 1048 2384 1113 dramatum
2423 1047 2934 1133 Sophocleorum

548 1152 1091 1238 pulcherrimum,
1138 1156 1209 1215 in
1254 1152 1612 1217 didascaliis
1651 1175 1776 1217 non
1815 1156 2272 1237 comparuisset
2290 1203 2307 1230 ,
2353 1154 2770 1218 observatum
2815 1154 2936 1217 hoc

548 1269 717 1323 esset-
774 1262 999 1343 opinor
1058 1260 1137 1323 ab
1196 1258 1537 1323 Aristotele
1556 1308 1573 1335 ,
1623 1259 2034 1324 observatum
2079 1282 2118 1324 a
2161 1262 2610 1345 grammaticis
2657 1258 2934 1324 Alexan-

548 1364 781 1441 drinis,
844 1368 955 1428 vix
1018 1372 1237 1430 autem
1296 1365 1435 1429 fieri
1478 1370 1794 1450 potuisset
1839 1370 1992 1451 quin
2039 1366 2410 1431 huiusmodi
2459 1366 2928 1431 observationis

546 1470 761 1555 aliqua
842 1471 1011 1535 fama
1084 1471 1167 1535 ad
1240 1493 1353 1535 nos
1430 1475 1828 1556 perveniret,
1905 1472 2450 1556 quemadmodum
2527 1470 2605 1535 de
2691 1470 2928 1535 fabulis

542 1576 735 1663 longe
782 1576 1115 1642 vilioribus
1162 1578 1473 1641 traditum
1516 1581 1912 1662 accepimuS,
1977 1598 2199 1642 earum
2245 1580 2504 1642 nomina
2541 1580 2610 1640 in
2649 1575 2928 1661 publicis

546 1687 983 1748 monumentis
1042 1705 1168 1747 non
1226 1705 1362 1749 esse
1406 1686 1668 1749 inventa
1693 1682 1768 1761 ²).
1829 1684 2164 1749 Praeterea
2207 1684 2538 1771 Euripidis
2581 1682 2928 1747 manifesta

544 1790 858 1875 quaedam
894 1790 973 1854 ad
1014 1790 1373 1876 Antigonae
1410 1812 1676 1855 versum
1713 1790 1845 1854 563
1887 1790 2118 1855 allusio
2149 1790 2198 1871 3)
2237 1812 2316 1854 ne
2347 1790 2638 1855 dubitare
2661 1788 2926 1875 quidem

544 1918 661 1959 nos
700 1898 854 1959 sinit
898 1899 1051 1981 quin
1098 1902 1243 1960 ante
1290 1894 1626 1981 Sophoclis
1673 1907 1948 1961 mortem
1994 1897 2264 1961 Athenis
2309 1904 2452 1961 acta
2497 1896 2696 1961 fuerit
2741 1898 2926 1959 Anti-

544 2023 743 2088 gona;
794 2024 833 2067 a
877 2001 1009 2065 filio
1052 2001 1364 2087 lophoute
1408 2006 1618 2089 igitur
1663 2004 1868 2067 denuo
1915 2024 2134 2067 scenae
2183 2007 2506 2067 committi
2555 2002 2660 2067 vel
2719 2006 2922 2067 etiam

544 2112 871 2173 retractari
930 2113 1143 2193 potuit
1163 2160 1178 2183 ‚
1226 2131 1353 2173 non
1400 2113 1612 2194 potuit
1657 2114 1945 2195 primum
1989 2113 2058 2173 in
2103 2118 2426 2174 certamen
2473 2112 2760 2195 proponi.

633 2213 857 2300 Itaque
904 2214 1069 2279 nihil
1112 2214 1437 2300 reliquum
1482 2222 1578 2279 est
1627 2218 1750 2279 nisi
1797 2224 1873 2279 ut
1911 2222 2270 2280 statuamus
2311 2217 2702 2301 Antigonam
2746 2213 2922 2277 sabu-

542 2319 673 2384 lam
734 2320 911 2385 brevi
970 2330 1119 2385 ante
1178 2321 1425 2385 bellum
1470 2320 1766 2385 Samium
1811 2342 1850 2385 a
1893 2320 2206 2406 Sophocle
2253 2323 2800 2408 quinquagenario
2851 2322 2917 2382 in

540 2441 860 2491 certamen
922 2448 1059 2491 esse
1120 2431 1543 2512 propositam,
1588 2428 1656 2492 id
1701 2440 1795 2491 est
1843 2427 1942 2491 01.
1991 2426 2100 2503 84,
2129 2427 2190 2503 3,
2239 2448 2456 2492 mense
2499 2428 2708 2511 igitur
2751 2424 2920 2488 Mar-

542 2535 635 2597 tio
694 2536 841 2597 anni
900 2534 1053 2595 441.
1124 2532 1249 2598 Cui
1318 2536 1600 2618 opinioni
1661 2555 1784 2597 non
1851 2532 2210 2619 deroganda
2271 2542 2368 2597 est
2429 2532 2586 2596 fides
2655 2540 2916 2615 propter

540 2660 757 2703 severa
815 2638 1011 2702 huius
1070 2639 1431 2726 tragoediae
1492 2655 1732 2715 metra,
1795 2661 1958 2725 quae
2015 2642 2320 2704 iuvenem
2381 2641 2598 2724 potius
2659 2649 2918 2722 poetam

538 2744 801 2830 prodere
846 2745 1217 2821 videantur;
1264 2748 1409 2830 quis
1452 2749 1628 2809 enim
1673 2753 1950 2811 statuere
1997 2749 2168 2809 ausit
2215 2746 2370 2830 quid
2413 2757 2553 2830 post
2607 2746 2918 2828 quiuqua-

536 2855 865 2937 gesimum
908 2854 1137 2915 aetatis
1182 2872 1423 2915 annum
1460 2852 1739 2916 decuerit
1775 2851 2152 2936 Sophoclem
2175 2900 2194 2927 ,
2233 2852 2388 2936 quid
2427 2872 2548 2915 non
2589 2846 2916 2915 decuerit?

538 2956 809 3021 Nullum
880 2957 1191 3021 habemus
1258 2957 1477 3021 drama
1544 2958 1714 3043 quod
1771 2960 2142 3022 tricenarius
2205 2957 2312 3021 vel
2369 2956 2914 3043 quadragenarius

536 3066 858 3147 scripserit
916 3084 1117 3147 neque
1178 3077 1393 3147 postea
1454 3067 1903 3128 immutaverit
1921 3114 1936 3139 ‚
1981 3068 2198 3149 itaque
2245 3065 2741 3147 comparationis
2787 3062 2916 3124 An·

536 3172 791 3255 tigonae
848 3190 999 3233 cum
1060 3168 1295 3233 talibus
1346 3171 1693 3256 tragoediis
1735 3170 2162 3235 instituendae
2211 3172 2420 3233 omnis
2463 3168 2642 3233 deest
2689 3188 2915 3253 oppor-

534 3278 797 3339 tunitas.

625 3381 846 3465 Nuper
888 3396 1107 3445 autem
1152 3403 1303 3445 cum
1348 3383 1517 3446 hunc
1564 3382 2199 3458 commentariolum,
2239 3393 2387 3446 ante
2427 3379 2675 3465 aliquot
2713 3400 2912 3443 annos

534 3490 1001 3572 conscriptum,
1062 3499 1469 3553 retractarem
1528 3501 1600 3551 ut
1669 3489 2044 3575 typothetae
2107 3488 2274 3551 tradi
2335 3494 2582 3572 posset,
2647 3492 2712 3550 et
2759 3506 2912 3549 cum

534 3598 795 3681 egregia
854 3594 1129 3659 editione
1176 3596 1569 3679 Antigonae,
1615 3616 1812 3679 quam
1861 3595 2012 3658 md.
2059 3594 2221 3659 June
2267 3614 2431 3657 anno
2483 3590 2658 3656 1888
2705 3590 2909 3655 edidit

532 3722 676 3765 eam
720 3702 1105 3777 conferrem,
1154 3724 1277 3764 non
1324 3705 1455 3765 sine
1500 3701 1750 3765 laetitia
1795 3702 1930 3765 vidi
1977 3704 2114 3765 eius
2159 3704 2522 3785 opinionem
2571 3720 2722 3763 cum
2763 3718 2909 3762 mea

531 3829 790 3892 prorsus
834 3811 1161 3872 concinere
1186 3810 1259 3891 ὅ).

602 4068 655 4129 l)
692 4066 799 4113 vid.
834 4066 991 4114 Aneed
1042 4068 1195 4113 Oxou-
1234 4066 1305 4113 lv
1344 4083 1387 4130 p.
1426 4068 1541 4115 315.

598 4152 649 4209 2)
692 4150 963 4196 Athenaeus
1010 4148 1077 4196 vl
1122 4147 1253 4196 2701
1304 4150 1571 4210 Metagenis
1621 4148 1954 4209 rk-Aoperm
1995 4152 2042 4195 et
2075 4147 2396 4212 Nicophoutis
2427 4147 2623 4195 Sin-u
2651 4144 2910 4195 ἄδῖδατι

528 4248 627 4280 ene
674 4232 825 4280 refert
886 4231 1129 4294 Euripidis
1174 4231 1551 4278 Anam-acham
1596 4232 1798 4279 Athenis
1843 4232 2004 4279 datm
2045 4247 2140 4278 non
2173 4246 2274 4278 ene
2307 4230 2384 4277 rel
2417 4230 2570 4278 videri
2603 4229 2722 4278 dicit
2753 4230 2906 4278 thol.

524 4315 581 4360 ad
628 4329 693 4360 rs.
730 4317 853 4365 ⁴43:
914 4313 1175 4360 alteraru-
1222 4314 1425 4360 Nabis-
1472 4314 1774 4361 didam-liam
1823 4329 1916 4361 non
1963 4318 2126 4360 extare
2175 4312 2388 4360 referunt
2431 4311 2582 4360 nehel.
2621 4310 2748 4360 Nus.
2785 4312 2910 4361 ⁶⁴⁹.

530 4396 797 4443 videantur
828 4396 973 4442 etiam
1006 4410 1127 4457 quae
1160 4394 1217 4440 de
1254 4396 1491 4453 Licymnia
1520 4396 1734 4443 dramate
1767 4395 2082 4442 observantur
2105 4394 2158 4441 iu
2189 4392 2336 4441 nehel.
2365 4392 2610 4455 Aristoph.
2643 4396 2714 4441 Ar
2753 4394 2906 4443 18⁴2.

592 4482 649 4541 3)
686 4478 801 4525 Eur.
832 4476 1099 4539 Antigone
1132 4476 1301 4539 [ng-
1340 4477 1451 4525 16⁵.
1959 4480 2018 4539 4)
2057 4476 2163 4523 vid.
2203 4476 2538 4525 Introduction
2571 4490 2620 4538 p.
2657 4475 2806 4524 xlx.
