3192 5009
530 228 663 293 220
1508 248 1909 297 ATHRNARUS.

523 418 593 479 in
661 414 893 500 quibus
964 416 1172 491 αἰθέρα
1243 414 1487 479 dietum
1558 438 1674 501 pro
1761 416 1912 495 οὶέρα
1937 464 1954 493 ,
2040 419 2164 480 nisi
2249 416 2366 481 hoo
2442 416 2658 500 ipsum
2743 404 2947 499 repo-

522 519 823 585 nendum.

612 624 950 713 Sequentia
984 628 1360 714 fragmenti
1409 630 1602 693 nimie
1651 630 1918 695 obscura
1966 630 2318 705 sententia,
2367 648 2560 713 quam
2609 632 2685 692 ut
2735 626 2946 712 quid-

522 754 719 819 quam
763 738 1079 818 temptare
1126 733 1397 799 audeam
1415 784 1432 813 ,
1482 738 1610 800 nisi
1657 736 1826 821 quod
1873 756 1968 801 vs.
2019 738 2211 800 tertio
2257 732 2608 821 legendum
2653 738 2866 819 puto:

2210 842 2312 905 τὸν
2339 878 2426 889 —-
2451 842 2638 917 Φίλον

790 946 1011 1025 εἰρεσίῃ
1054 946 1345 1024 γλώσσης
1396 946 1906 1027 ὦναπέμψομεν
1955 948 2038 1017 εἷς
2088 946 2300 1024 μέγαν
2348 942 2509 1011 αἶνον

792 1037 1106 1117 τοῦδ”ἐπὶ
1157 1055 1534 1131 συμποσίου·
1588 1054 1717 1132 κτέ,

518 1181 635 1246 pro
688 1160 1202 1236 ἀποπέμψομεν.

609 1289 672 1353 Ρ.
724 1264 879 1345 672,
899 1267 961 1331 b.
1010 1269 1150 1338 τοὺς
1200 1266 1253 1331 δ’
1302 1268 1619 1346 Ἀργείους
1669 1266 2034 1341 πυθομένους
2076 1266 2179 1330 καὶ
2224 1265 2736 1348 χαλεπαίνοντας
2777 1274 2936 1329 πεῖ-

521 1397 629 1438 σαι
687 1372 1033 1455 χρημάτων
1094 1374 1432 1456 ὄποσχέσει
1479 1375 1815 1453 Τυρρηνοὺς
1867 1374 2168 1452 λῃστρικῷ
2219 1376 2341 1455 [τε]
2392 1371 2510 1453 βίῳ
2559 1369 2930 1450 χρωμένους

518 1478 799 1559 ἁρπάσαι
864 1480 933 1545 τὸ
979 1464 1248 1559 βρέτας,
1296 1480 1740 1556 πεπεισμένους
1791 1480 1976 1550 τοὺς
2026 1479 2452 1561 Ἀργείους
2499 1480 2576 1549 ὡς
2626 1479 2675 1543 εἰ
2725 1483 2928 1541 τοῦτο

513 1586 784 1664 γένοιτο,
833 1586 1081 1655 πάντως
1129 1608 1189 1649 τι
1239 1586 1425 1650 κακὸν
1453 1588 1599 1661 -ἡ
1653 1584 1940 1659 ’Λδμῆτη
1992 1585 2300 1651 πείσεται.
2365 1584 2633 1649 Addidit
2693 1587 2928 1649 nescio

516 1694 660 1777 quis
723 1692 862 1764 τοὺς
924 1692 1237 1773 Ἀργείους
1287 1694 1533 1758 veritus
1553 1740 1570 1770 ,
1622 1714 1700 1757 ne
1747 1695 1891 1777 quie
1937 1692 2094 1757 haec
2139 1692 2217 1756 de
2263 1690 2614 1778 Tyrrhenis
2661 1689 2929 1755 intelle-

514 1802 698 1885 geret
744 1797 1005 1865 scilicet.

605 1927 669 1991 p.
723 1902 873 1981 673,
901 1926 955 1970 ο.
1021 1905 1237 1984 λαβὼν
1302 1904 1365 1969 δὲ
1426 1907 1573 1987 παρ’
1641 1908 1788 1982 ἐμοῦ
1841 1944 1925 1953 -
1973 1905 2360 1983 Ἡφαιστίων
2425 1903 2921 1980 ἐξιδιοποιήσατο

516 2012 627 2085 την
696 2013 871 2078 λύσιν
945 2012 1045 2075 καὶ
1119 2012 1526 2091 σύγγραμμα
1600 2012 1884 2088 ἐξέδωκεν
1949 2010 2317 2089 ἐπιγράψας
2382 2012 2517 2092 περὶ
2582 2014 2689 2075 τοῦ
2759 2012 2922 2089 παρ’

518 2117 947 2199 ’Λνακρέοντος
996 2119 1333 2195 λεγομένου
1381 2118 1737 2198 στεφάνου·
1788 2116 1932 2196 ὅπερ
1979 2120 2086 2182 οὐκ
2136 2120 2196 2181 έν
2241 2126 2319 2198 τῇ
2381 2115 2594 2198 Ῥώμη
2658 2114 2920 2195 εὕρομεν

514 2228 689 2303 παρὰ
752 2235 841 2306 τῦ
905 2227 1493 2307 ἀντικοττυραι
1568 2226 1918 2303 Δημητρίῳ.
1989 2224 2256 2300 „Latere
2319 2222 2617 2287 videtur’'
2681 2224 2773 2287 ait
2823 2221 2918 2287 K.

516 2333 687 2410 „vici
751 2329 1005 2396 Turarii
1052 2352 1321 2409 nomen,
1368 2330 1448 2395 cf.
1497 2330 1658 2396 Hor.
1708 2352 1806 2416 ep.
1858 2330 1920 2393 II
1974 2326 2032 2407 1',
2061 2327 2214 2406 269,
2264 2329 2409 2393 fort.
2461 2328 2633 2406 παρὰ
2683 2337 2778 2407 τῇ
2831 2328 2914 2391 ἐν

514 2439 748 2517 ούίκῳ
794 2425 1166 2518 Τυραρίῳ
1217 2438 1663 2514 Δημητρί.”
1713 2437 1914 2502 Docte
1953 2444 2017 2502 et
2055 2438 2423 2524 ingeniose,
2467 2434 2914 2512 uteolet,sed

512 2545 908 2609 coniecturae
947 2542 1385 2628 probabilitati
1426 2543 1776 2609 admodum
1817 2542 2010 2607 officit
2027 2590 2044 2619 ,
2086 2540 2256 2627 quod
2296 2538 2546 2607 Cereris
2589 2561 2787 2617 aram,
2831 2546 2912 2604 ut

510 2652 649 2735 ipse
686 2649 897 2727 addit,
945 2650 1038 2714 ibi
1084 2649 1279 2714 fuisse
1323 2652 1666 2715 nescimue.
1713 2646 1884 2712 Mihi
1925 2651 1994 2713 in
2033 2652 2317 2713 mentem
2358 2648 2540 2712 venit
2578 2648 2750 2728 παρὰ
2801 2670 2843 2710 τ
2863 2649 2908 2723 ᾧ

510 2756 1059 2837 α’ντικουαρίῳ
1111 2756 1461 2833 Δημητρίῳ.

600 2884 663 2947 p.
715 2858 868 2939 675,
894 2883 949 2926 e.
1000 2861 1086 2925 διὸ
1133 2860 1424 2938 μυρσίνης
1475 2861 1589 2937 μὲν
1639 2861 1948 2941 στέφανον
1996 2860 2320 2937 στύφοντα
2372 2859 2474 2923 καὶ
2517 2859 2626 2929 την
2675 2856 2903 2923 οίνων

509 2970 923 3044 ἅποθυμιάσιν
995 2967 1495 3048 ἀποκρουόμενον.
1570 2964 1732 3033 Ooll.
1796 2990 1857 3053 p.
1927 2964 2058 3031 676
2083 2987 2117 3031 o
2183 2965 2387 3030 editor
2457 2967 2727 3029 coniecit
2791 2967 2906 3036 τὴν

510 3075 630 3150 (ἐκ
675 3080 841 3153 τῶν)
890 3072 1071 3138 οἴνων.
1122 3072 1217 3139 De
1264 3071 1532 3138 articulo
1584 3072 1761 3155 nulla
1807 3078 2020 3157 potest
2058 3093 2193 3137 esse
2237 3071 2573 3149 dubitatio,
2615 3070 2692 3136 de
2733 3092 2911 3156 prae-

514 3182 829 3266 positione
892 3179 1115 3244 dubito
1177 3186 1434 3266 propter
1477 3173 1697 3244 locum
1743 3201 1806 3264 p.
1857 3177 1988 3243 688
2016 3178 2074 3254 b,
2124 3179 2251 3243 ἀπὸ
2297 3186 2408 3251 τῆς
2457 3184 2604 3240 τῶν
2651 3180 2906 3241 ἀνθῶν

514 3285 1016 3362 ἀναθυμιάσεως,
1081 3283 1233 3350 licet
1298 3287 1496 3349 etiam
1555 3285 1650 3349 ibi
1703 3292 1811 3357 τῆς
1883 3285 2050 3361 (ἐκ)
2099 3289 2217 3347 τῶν
2264 3284 2450 3347 α’νθῶν
2501 3284 2566 3349 οὶ.
2617 3290 2912 3368 expecta-

510 3394 739 3457 verim.
780 3390 855 3455 In
895 3413 1029 3477 sqq.
1074 3411 1225 3457 cum
1262 3389 1830 3477 Schweighaiisem
1868 3392 2120 3475 requiro
2148 3390 2291 3469 πρὸς
2319 3388 2382 3453 δὲ
2422 3387 2742 3461 τούτοις
2785 3409 2906 3473 pro

511 3524 581 3565 π.
632 3498 685 3563 δ.
733 3504 929 3569 τοῖς.

600 3626 665 3690 Ρ.
719 3601 871 3681 678,
897 3625 951 3668 o.
1022 3602 1188 3684 χοροὶ
1261 3604 1312 3669 δ’
1361 3602 1509 3667 εἰσὶν
1583 3604 1654 3669 τὸ
1725 3604 1838 3680 μὲν
1910 3603 2109 3682 πρόσω
2181 3602 2416 3667 παίδων
2463 3640 2551 3651 -
2601 3602 2671 3667 τὸ
2737 3601 2791 3667 δ’
2833 3601 2908 3679 ἐξ

512 3711 825 3791 ἀριστεροῦ
888 3708 1131 3788 ἀνδρῶν.
1198 3710 1481 3775 Annotat
1552 3707 1635 3773 K.
1688 3709 1870 3787 „fort
1927 3710 2075 3773 εἰσίν
2125 3708 2214 3785 γ’,
2264 3708 2292 3773 ὃ
2341 3709 2458 3787 μὲν
2507 3707 2706 3788 πρόσω
2757 3710 2908 3774 παί-

512 3817 645 3895 δων,
724 3816 801 3895 (ὃ
866 3816 920 3879 δ’
968 3818 1037 3879 ἐκ
1100 3815 1294 3893 δεξιοῦ
1359 3816 1710 3893 γερόντων)
1776 3814 1803 3878 ὅ
1855 3814 1904 3879 δ’
1955 3814 2025 3891 ἐξ
2071 3816 2382 3895 α’ριστεροῦ
2433 3814 2722 3894 ἀνδρῶν”.
2777 3814 2908 3881 Sed

510 3926 650 3988 iure
723 3920 1254 4009 Schweighaiieer
1324 3925 1389 3986 et
1456 3919 1734 4007 Madvig
1795 3926 2169 4005 corruptum
2234 3919 2601 3985 iudicarunt
2662 3919 2865 3999 πρόσω
2887 3968 2904 3997 ,

512 4047 786 4113 quorum
854 4026 967 4093 ille
1030 4026 1368 4093 infeliciter
1429 4027 1773 4112 reponebat
1833 4023 2252 4105 εὐπροσώπων,
2315 4028 2421 4091 hie
2467 4030 2705 4092 rectius
2750 4048 2906 4092 eane

513 4132 575 4196 έν
622 4132 813 4213 μέσῳ.
862 4133 1179 4219 Equidem
1227 4134 1515 4217 suspicor
1560 4133 1832 4213 (κατὰ)
1879 4134 2319 4212 πρόσω(πον>.

604 4260 667 4323 Ρ.
721 4228 961 4317 682,‘d.
1009 4236 1454 4326 Supplendum
1492 4239 1807 4303 arbitror:
1848 4238 1934 4303 διὸ
1976 4238 2079 4304 καὶ
2120 4246 2246 4309 τοῖς
2289 4238 2526 4317 ἡμέροις
2574 4244 2901 4321 <Φυτοῒς>

512 4346 807 4429 φυλακην
854 4345 968 4409 ἀπ’
1020 4348 1223 4411 αὐτῶν
1272 4342 1830 4435 κατασκευάζουσι.
