3192 5009
1110 346 1377 411 Qum-rus
1421 347 1820 399 summane.
2513 324 2642 397 173

360 520 447 585 VI
494 518 646 597 405,
695 520 807 585 ubi
853 519 1230 583 describitur
1276 538 1495 602 pugna
1541 515 1864 603 Eurypyli
1911 536 2061 580 cum
2104 515 2453 582 Machaone
2471 566 2487 594 ,

540 630 644 690 τοῦ
694 624 756 689 δὲ
803 624 972 705 κόρυς
1024 624 1350 689 στονόεντα
1400 624 1583 703 Φόνον
1631 624 1734 687 καὶ
1783 624 1944 695 πῆμ’
1990 624 2332 686 ἀπάλαλκε

542 731 1026 806 ἐσσυμένως.
1080 730 1107 793 ὃ
1153 729 1205 792 δ’
1257 727 1474 791 ἔπειτα
1518 731 1790 805 κραταιῶ
1838 727 2094 809 χώσατο
2140 728 2304 807 Φωτὶ
2353 743 2492 793 κτλ.

268 841 463 903 nimis
530 837 797 903 ridicule
865 836 1049 923 galea
1119 835 1353 900 dicitur
1412 835 1676 897 studiose
1737 837 1871 899 sive
1935 834 2222 898 alacriter
2281 835 2538 900 caedem
2587 843 2652 900 et

268 947 615 1031 perniciem
666 944 744 1008 ab
791 940 1117 1029 Eurypyli
1164 942 1372 1026 capite
1420 942 1714 1005 arcuisse.
1766 939 1941 1004 Num
1987 940 2152 1005 forte
2199 938 2474 1019 Quintus
2521 942 2645 1026 ipsi

269 1050 446 1117 caedi
490 1057 554 1117 et
592 1050 946 1115 calamitati
984 1046 1274 1112 studium
1315 1052 1379 1111 et
1418 1045 1815 1111 alacritatem
1854 1046 2138 1112 tribuens
2156 1094 2173 1125 ,
2215 1052 2292 1111 ut
2329 1046 2652 1112 Homerus

270 1160 485 1222 ruenti
535 1155 737 1241 lapidi
787 1165 842 1220 N
876 1153 1025 1231 142,
1075 1152 1363 1217 dederat:

547 1260 985 1336 ἐσσυμένω.
1034 1260 1061 1323 ὃ
1110 1258 1163 1323 δ’
1214 1256 1430 1321 ἔπειτα
1481 1258 1611 1322 κτὲ.

273 1391 353 1435 an
402 1370 886 1444 ἐσσυμένου,
934 1364 1339 1452 iungendum
1384 1386 1534 1429 cum
1581 1385 1951 1451 praegresso
2002 1370 2106 1429 τοῦ
2157 1362 2262 1429 δὲῗ

362 1475 495 1561 Ipsi
538 1481 759 1561 poetae
806 1472 1221 1538 tribuendum
1268 1471 1435 1556 quod
1480 1471 1648 1536 infra
1691 1492 1784 1536 vs.
1834 1468 1964 1535 437
2014 1474 2238 1556 supine
2286 1472 2522 1537 dicitur

1680 1578 1740 1641 έν
1785 1579 1911 1658 γὰρ
1960 1576 2152 1642 ἔκειτο

547 1690 703 1769 δῆρις
756 1690 836 1751 ἐνὶ
890 1686 1201 1760 μέσσοισιν

273 1796 389 1860 ubi
447 1794 681 1860 melius
742 1795 1095 1878 scripsisset
1142 1791 1333 1869 ὀρώρει
1355 1839 1371 1867 ,
1420 1797 1497 1854 ut
1542 1811 1695 1855 mox
1743 1788 1895 1868 454,
1945 1789 2098 1855 VIII
2139 1788 2289 1869 183,
2339 1790 2511 1857 alibi.
2583 1791 2659 1856 In

270 1900 437 1966 libro
486 1900 550 1965 X
596 1923 691 1966 vs,
741 1898 827 1965 27
877 1900 1053 1965 dedit
1101 1897 1161 1961 ἓν
1210 1896 1272 1961 δέ
1322 1902 1471 1977 σφιν
1520 1899 1674 1961 πέσε
1722 1898 1903 1978 δῆρις.

368 2119 487 2185 VII
524 2118 655 2186 255
698 2119 775 2184 de
814 2118 1149 2184 Deidamia
1166 2167 1183 2195 ,
1223 2117 1355 2183 filio
1394 2117 1472 2183 ad
1509 2116 1771 2181 Troiam
1795 2116 2217 2201 proficiscenti
2239 2117 2658 2187 valedicenti:

550 2221 715 2303 αἶψα
765 2228 827 2290 δέ
877 2226 928 2289 οἱ
976 2226 1053 2305 (δ’
1105 2222 1249 2305 ὑῷῗ)
1296 2225 1581 2303 στέρνοισι
1633 2225 1767 2302 περὶ
1817 2224 2161 2287 πλατέεσσι
2208 2226 2471 2304 χυθεῖσα

552 2332 876 2410 ἀργαλέοις
926 2334 1242 2408 γοάασκεν
1291 2333 1350 2401 ές
1404 2330 1612 2409 αἰθέρα
1663 2329 1941 2407 μακροὶ
1989 2328 2233 2404 βοῶσα·

555 2438 701 2513 ἠύτε
748 2436 899 2515 βοῦς
950 2438 1009 2500 έν
1058 2435 1285 2513 ὄρεσσιν
1336 2436 1674 2513 α’πειρέσιον
1721 2442 2052 2513 μεμακυῖα

551 2544 759 2623 πόρτιν
808 2544 906 2619 ἑὴν
954 2542 1195 2623 δίζηται
1246 2543 1306 2605 ἐν
1354 2540 1638 2619 dyacona,
1690 2543 1862 2621 α’μΦὶ
1915 2542 1976 2606 δὲ
2026 2542 2306 2621 μακροὶ

554 2649 746 2730 οὔρεος
795 2652 1086 2713 αἰπεινοῒο
1134 2648 1596 2729 περιβρομέουσι
1646 2651 1922 2713 κολῶναι.

278 2755 523 2821 Dubito
564 2777 721 2820 num
758 2762 929 2820 recte
967 2754 1447 2819 Zimmermann
1467 2756 1631 2819 hanc
1655 2757 2048 2840 optimorum
2067 2754 2378 2820 librorum
2402 2760 2668 2844 scriptu—

278 2882 420 2927 ram
457 2860 787 2949 Koechlyo
828 2862 1165 2927 obsecutus
1202 2862 1643 2946 posthabuerit
1677 2860 1939 2926 lectioni
1976 2860 2205 2926 codicis
2228 2860 2454 2927 Veneti
2493 2865 2664 2943 ἀμφὶ

282 2970 347 3033 δὲ
408 2969 753 3048 μακραί,
817 2971 967 3054 quia
1034 2974 1288 3032 κολῶναι
1354 2975 1612 3053 propter
1657 2988 2102 3055 praegressum
2147 2967 2344 3045 οὔρεος
2393 2971 2665 3035 αἰπεινοῦ

280 3076 566 3162 epitheto
614 3074 886 3152 μακραί,
937 3096 1061 3159 quo
1110 3095 1293 3159 saepe
1342 3074 1666 3151 fruuntur,
1715 3095 1841 3138 non
1885 3074 2214 3160 indigent,
2257 3074 2412 3139 dum
2455 3082 2672 3143 contra

282 3186 499 3259 μακροὶ
528 3219 613 3230 -
642 3182 1100 3259 περιβρομέουσι
1149 3184 1217 3245 in
1262 3184 1736 3268 comparatione
1783 3183 2040 3267 egregie
2085 3181 2420 3266 respondet
2459 3184 2672 3248 verbis

283 3290 500 3369 μακρὰ
547 3290 755 3364 βοῶσα
777 3337 793 3365 ,
845 3288 1077 3373 quibus
1121 3286 1485 3352 illustratur
1530 3288 1872 3352 vehemens
1918 3288 2142 3351 matris
2192 3282 2386 3353 dolor.

378 3492 529 3559 vm
582 3490 716 3558 360
1168 3494 1437 3569 Ἀργεῖοι
1487 3490 1549 3555 δὲ
1596 3490 1750 3567 μέγ’
1800 3490 2021 3566 ἱέμενοι
2073 3491 2361 3568 πολέμοιο

559 3597 990 3680 χαζομένοισιν
1040 3596 1253 3661 ἕποντο
1303 3599 1446 3661 κατ’
1494 3596 1708 3675 ἵχνιον,
1758 3596 1892 3671 ἠύτ’
1943 3600 2131 3670 α’ἥται

561 3708 757 3779 νήεσιν
804 3705 1135 3785 ἐσσυμένης
1190 3706 1305 3768 ὑπὸ
1355 3703 1650 3781 λαίφεσιν
1697 3704 1810 3773 εἷς
1861 3703 2063 3775 ἁλὸς
2111 3699 2358 3780 οἶδμα

562 3809 933 3891 ὄβριμον,
986 3810 1019 3883 ἢ
1072 3810 1454 3882 θάμνοισι
1503 3810 1744 3888 πυρὸς
1791 3808 2063 3885 μένος,
2112 3808 2147 3882 ἢ
2199 3810 2570 3886 κεμάδεσσιν

562 3916 785 3997 ὀτρηροὶ
838 3919 980 3980 κατ’
1032 3914 1240 3992 ὄρεσφι
1294 3915 1465 3986 κύνες
1515 3914 1859 3993 λελιημένοι
1911 3913 2131 3992 ἄγρης.

290 4024 645 4090 Offensione
707 4045 832 4088 non
895 4028 1063 4087 caret
1125 4024 1237 4093 εἷς
1300 4022 1448 4091 οὶλὸς
1496 4017 1690 4097 οἶδμα
1738 4022 1986 4086 dictum
2033 4021 2109 4086 de
2157 4022 2428 4087 navibus
2446 4072 2462 4101 ‚
2513 4045 2674 4109 quae

288 4134 425 4196 iam
469 4132 536 4195 in
582 4132 747 4194 mari
792 4130 1083 4193 feruntur
1130 4131 1389 4207 (rectius
1437 4126 1568 4190 414
1611 4126 1775 4191 dixit
1816 4126 1966 4197 ἁλὸς
2015 4128 2227 4191 κατὰ
2267 4127 2474 4204 βένθος
2521 4132 2679 4195 ἐπει-

293 4238 558 4315 γομένης
622 4236 796 4315 νεός),
865 4234 973 4299 sed
1032 4237 1433 4319 ineptissima
1489 4238 1586 4299 est
1649 4236 2038 4319 comparatio
2103 4254 2252 4298 cum
2303 4235 2633 4301 arboribus
2653 4286 2670 4314 ‚

295 4347 527 4431 quippe
598 4363 758 4428 quae
828 4362 953 4406 non
1018 4348 1093 4404 ut
1152 4362 1347 4405 naves
1410 4346 1636 4405 ventos
1697 4346 1808 4405 aut
1873 4340 2128 4406 hinnuli
2191 4362 2408 4419 canes,
2457 4344 2677 4429 ignem

294 4450 517 4535 fugere
579 4450 824 4533 possint
841 4496 857 4525 ‚
922 4446 1461 4532 quemadmodum
1520 4443 1772 4511 Troiani
1835 4447 2130 4511 Achivos.
2194 4445 2432 4512 Melius
2477 4451 2681 4535 igitur
