3192 5009
1033 276 1116 331 nn
1161 278 1783 333 mindun-{nomos
1828 277 2127 333 nomme.
2633 258 2763 333 453

395 464 560 534 quae
620 464 766 513 sane
812 444 977 514 facto
1021 448 1280 537 neglegi
1331 456 1578 535 poterat
1628 453 1779 535 quia
1823 453 1973 515 usui
2016 472 2143 516 non
2190 451 2483 517 veniebat
2502 501 2518 529 ,
2566 457 2767 517 atten-

395 554 628 621 derunt
688 555 1021 639 scriptores
1083 554 1184 621 illi
1239 558 1308 620 in
1373 557 1766 643 virginibus,
1832 577 1957 623 non
2016 578 2168 623 vero
2232 559 2299 622 in
2369 557 2729 623 flaminibus
2746 577 2763 634 ;

395 664 596 727 secuti
635 680 767 725 esse
807 660 1106 726 videntur
1144 660 1424 748 aliquem
1459 662 1757 748 loquendi
1796 684 1987 729 usum
2026 662 2397 751 popularem
2413 712 2430 742 ,
2469 685 2594 749 quo
2632 667 2765 729 sine

399 772 566 831 certa
591 786 780 831 causa
801 769 1033 833 creatio
1058 770 1390 853 virginum
1411 768 1759 835 vestalium
1782 768 2011 836 soleret
2034 790 2112 835 eo
2136 774 2422 856 tempore
2446 769 2767 858 designari

401 870 702 939 vocabulo
763 872 1043 955 capiendi
1059 920 1076 951 ‚
1141 876 1373 941 creatio
1422 873 1760 939 flaminum
1803 897 1955 942 vero
2002 875 2311 941 vocabulo
2352 876 2767 959 {numerandi

399 976 604 1044 luins
649 984 979 1065 usurpato.

386 1134 390 1138 -
483 1084 776 1150 Iunvero
839 1086 894 1149 ei
953 1084 1030 1151 de
1089 1088 1230 1171 ipsa
1289 1090 1536 1153 actione
1611 1090 1976 1173 quaerimus
1994 1136 2011 1165 ,
2080 1087 2249 1174 quod
2312 1108 2349 1153 a
2411 1090 2764 1154 certissimo

393 1196 646 1257 auctore
663 1240 678 1269 ,
727 1191 1016 1257 Labeone
1036 1240 1052 1269 ,
1105 1193 1398 1271 traditur,
1449 1194 1789 1260 nonnullas
1832 1196 2355 1281 inaugurationes
2396 1194 2594 1260 factas
2630 1216 2765 1261 esse

396 1296 648 1361 comitiis
665 1345 681 1375 ,
745 1297 901 1383 quid
963 1297 1142 1363 aliud
1195 1298 1551 1385 significare
1600 1306 1809 1387 potest
1826 1350 1841 1377 ,
1892 1320 2085 1385 quam
2130 1300 2251 1367 hoo
2270 1348 2287 1378 ,
2334 1303 2403 1365 in
2446 1301 2547 1365 his
2590 1303 2763 1367 inau-

397 1404 840 1490 gurationibus
902 1424 1154 1489 quoque
1217 1405 1512 1471 habitum
1559 1426 1692 1471 esse
1742 1406 2121 1493 suffragium
2170 1408 2494 1473 curiarum
2512 1457 2528 1484 ,
2577 1414 2642 1472 et
2686 1407 2766 1473 de

395 1508 718 1575 nonnullis
758 1510 1188 1576 sacerdotibus
1223 1532 1474 1598 quoque
1521 1515 2040 1600 inaugurato
2086 1513 2397 1579 factam
2442 1534 2621 1579 esse
2668 1513 2811 1591 le·,

397 1636 580 1703 gem
627 1618 1045 1682 curiatam
1090 1620 1226 1683 oui
1273 1617 1570 1684 Patres
1616 1620 2035 1685 Auctores
2084 1619 2281 1685 fieri
2329 1619 2761 1685 debebant.

394 1721 550 1787 Fuit
607 1724 814 1809 igitur
873 1728 1160 1807 tempore
1215 1722 1452 1789 liberae
1511 1724 1895 1810 reipublicae
1958 1730 2049 1807 (et
2113 1732 2187 1790 ut
2250 1724 2510 1790 videtur
2554 1730 2765 1805 antea)

395 1830 494 1893 lez
563 1828 800 1892 ouo-iata
865 1830 940 1893 de
1004 1830 1332 1893 sacerdotio
1350 1879 1366 1907 ,
1439 1850 1566 1915 qua
1632 1831 1991 1897 confirmari
2060 1831 2415 1897 debuerunt
2472 1830 2766 1897 nonnulli

394 1924 748 1999 sacerdotes
765 1982 782 2012 ‚
845 1956 972 2000 non
1033 1956 1212 2001 secus
1249 1956 1454 2023 ,quam
1499 1936 1761 2003 fuerunt
1808 1938 1963 2019 leyen
2006 1938 2276 2001 emotae
2322 1942 2413 2017 (et
2458 1940 2766 2003 centuria-

393 2046 522 2121 tae)
566 2042 644 2105 de
679 2040 928 2124 imperio
968 2049 1026 2105 et
1051 2049 1350 2125 potestate
1388 2066 1586 2124 reyum
1624 2052 1681 2107 et
1719 2044 2187 2125 magisbratuum.
2235 2044 2510 2131 Rogatio
2550 2044 2765 2109 huius—

395 2146 572 2212 modi
631 2147 828 2213 fnisse
887 2148 1180 2214 videtur:
1249 2148 1521 2226 „Velitis
1539 2198 1555 2229 ,
1604 2151 1913 2228 iubeatis,
1964 2153 2061 2216 uti
2110 2150 2209 2231 (L.
2260 2149 2616 2231 Valerium)
2660 2154 2764 2215 ius

393 2255 517 2319 siet
563 2258 812 2341 (regem
857 2260 1212 2335 sacrorum)
1258 2256 1458 2321 facere
1503 2278 1617 2343 pro
1656 2256 1895 2342 populo
1932 2256 2221 2322 Romano
2262 2256 2659 2337 Quiritibus''
2690 2254 2761 2338 ¹).

393 2358 609 2424 Huius
665 2359 832 2447 legis
897 2364 1173 2427 curiatae
1236 2362 1312 2427 de
1375 2363 1725 2429 sacerdotio
1770 2362 1956 2430 hodie
2004 2366 2317 2430 rationem
2364 2385 2487 2430 non
2534 2364 2765 2429 habere

394 2466 599 2532 solent
661 2468 788 2532 viri
833 2466 1040 2545 docti,·
1083 2490 1210 2534 non
1258 2469 1426 2554 quod
1469 2490 1615 2535 eam
1662 2470 1855 2535 fuisse
1900 2475 2171 2557 negent,
2220 2469 2330 2535 sed
2378 2468 2547 2556 quod
2593 2471 2765 2535 testi-

394 2576 609 2638 monia
653 2578 988 2638 auctorum
1035 2594 1161 2639 non
1207 2578 1360 2641 satis
1409 2574 1751 2663 diligenter
1793 2580 2145 2663 persecuti,
2192 2576 2273 2641 ad
2318 2597 2459 2643 eam
2507 2598 2764 2663 cognos—

391 2678 656 2745 cendam
692 2700 818 2744 non
855 2683 1276 2765 pervenerint.
1323 2681 1613 2748 Fuerunt
1651 2688 1870 2749 aut-em
1887 2732 1904 2760 ,
1944 2683 2174 2769 quibus
2210 2686 2421 2769 magis
2462 2682 2760 2769 placeret,

389 2786 506 2853 has
542 2788 1066 2873 inaugurationes
1082 2836 1098 2865 ,
1142 2810 1302 2873 quae
1344 2792 1666 2867 „comitiis
1704 2788 1967 2855 calatis''
2010 2790 2209 2855 factae
2247 2811 2379 2856 esse
2404 2789 2761 2867 traduntur,

389 2892 590 2958 factas
633 2912 767 2957 esse
812 2895 879 2956 in
919 2896 1208 2961 contione
1226 2942 1244 2973 ‚
1284 2898 1418 2961 sine
1457 2896 1795 2983 suffrag-im
1838 2918 2114 2982 quorum
2152 2895 2265 2961 alii
2306 2894 2763 2961 contenderunt

389 3000 652 3065 comitia
695 2998 898 3064 calata
915 3048 932 3077 ,
980 3022 1106 3065 non
1154 3005 1368 3067 omnia
1406 3003 1667 3088 quidem
1708 3002 1816 3069 sed
1854 3024 1928 3068 ea
1964 3002 2099 3068 sola
2138 3022 2299 3088 quae
2336 3002 2761 3090 inaugurandi

387 3124 578 3170 causa
639 3105 1020 3171 haberentur
1037 3156 1054 3185 ,
1131 3108 1326 3173 fuisse
1401 3129 1607 3195 genus
1680 3109 2001 3194 quoddam
2068 3110 2377 3173 contionis
2448 3108 2763 3186 „testandi

386 3210 618 3277 causa’'
683 3211 976 3277 habitum
995 3260 1012 3290 ,
1059 3214 1129 3277 in
1175 3234 1300 3299 quo
1347 3214 1728 3301 suffragium
1771 3236 1897 3279 non
1946 3216 2215 3280 {erretur
2236 3212 2325 3295 ⁸);
2374 3212 2489 3279 alii
2536 3212 2763 3279 attule-

385 3320 542 3381 runt
587 3315 928 3381 formulam
973 3339 1098 3402 qua
1147 3316 1394 3385 Gellius
1441 3320 1517 3385 de
1563 3322 1965 3386 testamentis
2012 3340 2207 3407 agens
2256 3322 2467 3385 utitur
2526 3322 2762 3397 „comi-

389 3424 500 3487 tiis
565 3422 786 3488 calatis
831 3425 896 3487 in
943 3427 1234 3491 contione
1279 3426 1546 3512 populi’'
1599 3433 1673 3492 ut
1720 3427 2058 3514 probarent
2100 3429 2169 3491 in
2214 3427 2492 3491 comitiis
2538 3424 2761 3491 calatis

395 3528 770 3617 suffragium
806 3528 1016 3595 latum
1047 3554 1180 3597 non
1225 3554 1362 3599 esse
1406 3538 1553 3622 (ego
1591 3533 1713 3600 hoo
1752 3554 1944 3620 supra
1984 3532 2262 3599 refutavi
2285 3552 2433 3619 pag.
2460 3530 2591 3597 429
2618 3537 2758 3616 sq.).

393 3632 528 3700 Hae
597 3638 987 3702 coniecturas
1006 3686 1022 3715 ,
1094 3639 1326 3724 quibus
1395 3639 1562 3704 nihil
1628 3640 1837 3717 favet,
1906 3659 2166 3725 prorsus
2227 3636 2525 3724 profligat
2582 3636 2763 3701 locus

391 3736 590 3807 Gellii
633 3744 848 3827 pueris
894 3749 1116 3808 notus:
1167 3745 1448 3823 „curiata
1493 3746 1731 3810 comitia
1778 3768 1898 3809 esee
1944 3768 2071 3811 cum
2118 3767 2191 3809 στι·
2230 3742 2541 3826 qeneribm
2582 3742 2762 3807 home>

387 3869 530 3911 num
585 3848 1102 3934 saffo-aydam
1144 3838 1647 3935 feratur’'⁸).
1708 3850 2083 3917 Inauditum
2141 3855 2273 3928 est,
2321 3847 2455 3914 ulla
2502 3850 2761 3915 comitia

388 3952 586 4019 fuisse
631 3955 766 4020 sine
813 3954 1152 4043 suffrag-im
1201 3977 1232 4021 s
1443 3960 1578 4023 'um
1625 3964 1845 4023 autem
1890 3956 2059 4042 quod
2094 3976 2219 4022 non
2258 3954 2340 4021 ad
2376 3956 2760 4021 creationem

467 4239 520 4301 1)
551 4238 826 4289 Formnlam
859 4239 1207 4291 accommodavi
1241 4240 1298 4289 nd
1331 4238 1476 4289 verbe
1509 4237 1642 4289 Fabii
1675 4239 1801 4305 apud
1830 4236 1951 4289 Gen.
1986 4238 2032 4288 1.
2053 4239 2129 4289 12.
2153 4238 2230 4288 14.
2267 4265 2333 4277 —
2365 4239 2417 4298 2)
2444 4238 2531 4287 cfr.
2550 4238 2759 4289 Momm-

393 4334 473 4370 nn
504 4322 708 4371 Stator.
741 4323 772 4370 8
805 4337 909 4388 pag.
947 4320 1058 4373 ⁸07.
1117 4324 1181 4371 De
1213 4320 1510 4372 testamenti·
1544 4320 1824 4385 suffugium
1858 4318 2072 4371 hobitum
2108 4334 2209 4371 me
2242 4320 2293 4369 in
2326 4319 2533 4369 comitiis
2564 4320 2757 4377 calatis,

392 4406 600 4455 affirmat
635 4406 905 4455 Momm-en
939 4407 970 4454 8
1003 4420 1110 4471 pag.
1145 4404 1241 4453 819
1278 4404 1388 4454 odn.
1423 4404 1468 4453 8.
1507 4430 1572 4442 —
1608 4404 1662 4469 8)
1698 4403 1822 4453 Gen.
1860 4402 2106 4465 15.27.4,
2142 4403 2226 4453 dr.
2268 4402 2345 4451 18.
2364 4402 2442 4452 lc.
2462 4403 2509 4453 8.

2402 4500 2468 4549 29
