3192 5009
534 296 662 364 134
1528 312 1875 361 nominos.

527 480 680 545 licet
731 482 799 543 in
840 478 1199 544 Ludwichii
1241 478 1405 545 libro
1450 478 1707 545 videam
1752 479 2004 545 Lehrsii
2046 479 2208 545 hanc
2255 478 2451 544 fuisse
2494 478 2894 543 sententiam.

529 586 605 651 In
666 591 919 651 vetusta
978 584 1342 652 litteratura
1402 595 1581 651 ΤΟΣ
1645 592 1709 651 et
1756 588 1870 656 τὼς
1920 591 2090 666 (τῶς)
2137 591 2386 673 poterat
2430 583 2787 671 significare
2831 588 2900 648 et

530 694 801 772 τόσσ(α),
873 691 1048 757 favet
1118 698 1335 757 autem
1398 694 1737 779 posteriori
1793 694 2301 778 interpretationi
2359 712 2582 756 versus
2645 689 2692 765 β
2731 688 2897 753 184;

529 799 635 863 οὐκ
682 802 757 862 ἂν
806 799 999 862 τόσσα
1048 799 1413 877 θεοπροπέων
1464 800 1776 875 ἀγόρευες.
1826 798 2227 884 Quamquam
2273 819 2399 863 non
2445 817 2568 883 ego
2632 799 2688 861 is
2750 815 2900 859 sum

452 984 457 989 ⁸
530 910 639 993 qui
700 904 1042 970 lectionem
1105 905 1275 968 τάσσ·
1322 911 1539 970 nostro
1601 904 1739 970 loco
1795 904 2221 989 recipiendam
2283 925 2416 969 esse
2479 902 2899 979 contendam3

528 1034 688 1104 nam·
726 1014 1079 1076 accuratius
1128 1014 1183 1075 si
1229 1014 1368 1076 vim
1413 1012 1607 1076 huius
1651 1014 2046 1097 pronominis
2092 1010 2542 1096 perpendimus
2558 1058 2575 1086 ,
2638 1013 2904 1093 apparet

528 1120 676 1184 hinc
736 1117 1015 1183 alienum
1062 1139 1195 1183 esse
1266 1118 1400 1181 Ita
1454 1118 1703 1181 Calchas
1749 1118 1976 1182 locum
2021 1124 2107 1181 est
2152 1118 2358 1182 dicere
2404 1115 2592 1181 debet
2638 1112 2863 1179 Ulixes
2883 1163 2901 1191 ,

528 1246 655 1289 non
701 1244 847 1289 vero
894 1231 1041 1286 tam
1086 1224 1331 1287 multa
1376 1222 1481 1289 vel
1524 1225 1906 1288 kactenus
1949 1224 2126 1287 verba
2153 1222 2344 1308 fecit.

620 1328 836 1393 Reicio
883 1332 1087 1414 igitur
1132 1328 1473 1394 lectionem
1522 1328 1794 1409 τόσσ’(α)
1812 1378 1828 1406 ,
1879 1332 2309 1413 cuiuscunque
2347 1328 2506 1403 fuit,
2548 1326 2656 1391 sed
2681 1346 2904 1390 revera

530 1457 672 1502 eam
718 1434 873 1499 olim
920 1436 1207 1499 extitisse
1254 1434 1435 1499 credo
1481 1437 1922 1521 grammaticis
1939 1456 1955 1513 3
2013 1440 2227 1500 eratne
2277 1429 2902 1511 Ἀριστοφάνους-ἓ

530 1541 596 1605 id
644 1541 771 1605 fere
814 1543 1195 1626 putaverim.
1244 1539 1646 1605 Herodianus
1693 1547 1910 1605 autem
1957 1541 2068 1611 τὼς
2117 1543 2186 1605 ni
2231 1539 2419 1605 fallor
2461 1539 2716 1626 leg-ebat
2759 1538 2822 1602 h.
2853 1536 2904 1601 1.

530 1656 595 1712 et
632 1648 919 1712 versibus
960 1645 1281 1731 parallelis
1323 1658 1363 1714 Ξ
1394 1646 1477 1711 58
1519 1671 1556 1709 σ
1584 1644 1737 1712 271.
1789 1647 2191 1712 Aristarchus
2214 1667 2366 1711 vero
2389 1645 2544 1731 quid
2577 1645 2908 1730 scripserit

530 1756 630 1817 ut
652 1774 765 1837 pro
816 1759 984 1818 certo
1032 1752 1193 1817 effici
1240 1756 1441 1838 possit
1487 1774 1741 1831 vereor3
1793 1752 2084 1838 equidem
2123 1756 2410 1838 suspicor
2448 1772 2598 1817 eum
2639 1752 2706 1815 ἐκ
2747 1764 2912 1823 πλη-

531 1863 697 1938 ροῦς,
762 1866 838 1923 ut
898 1862 967 1923 in
1027 1858 1264 1923 talibus
1328 1858 1600 1989 solebat,
1667 1858 1911 1924 dedisse
1958 1868 2246 1937 ΤΕΩΣ,
2309 1861 2352 1923 i.
2402 1879 2456 1923 e.
2509 1881 2579 1921 τε
2627 1852 2700 1927 ὣς
2749 1851 2910 1935 (ὧς)

530 1965 630 2030 Ita
677 1986 989 2051 quoque,
988 1965 1114 2042 ,διὰ
1166 1969 1269 2029 τοῦ
1318 1964 1400 2028 τ”
1448 1968 1774 2051 scripsisse
1818 1964 1945 2031 dici
1994 1971 2258 2050 poterat.

1546 2160 1825 2167 0———-——-

623 2268 909 2353 Denique
968 2267 1269 2355 colligam
1334 2274 1666 2353 poetarum
1729 2269 2089 2355 fragmenta
2105 2317 2122 2346 ,
2189 2290 2349 2354 quae
2411 2267 2650 2334 scholia
2705 2264 2914 2333 Gene-

532 2376 750 2439 vensia
797 2374 1130 2459 praebent,
1180 2395 1363 2439 nova.

623 2543 725 2608 Ad
772 2552 824 2607 Δ
859 2541 984 2607 189
1033 2542 1288 2607 affertur
1331 2545 1653 2609 trimeter:

981 2646 1150 2721 οὗτος
1203 2650 1406 2726 πατὴρ
1454 2657 1562 2722 τῆς
1613 2650 1862 2728 παιδός;
1913 2652 1962 2716 εἰ
2009 2653 2136 2730 γὰρ
2181 2653 2436 2733 ὤφελεν.

628 2755 847 2821 Nicole
895 2761 1219 2841 comparat
1263 2755 1545 2822 Terentii
1590 2756 1864 2822 Andriae
1903 2757 1959 2822 V
2007 2758 2068 2836 4,
2097 2758 2183 2824 28
2209 2780 2300 2845 sq.

626 2924 726 2989 Ad
790 2937 842 2988 Δ
896 2924 1029 2989 280
1090 2925 1483 3009 adscriptum
1541 2924 1783 3011 legitur
1844 2927 2046 3000 ἀνδρὸς
2099 2927 2224 3005 γὰρ
2271 2928 2546 3006 γέροντος
2595 2930 2630 3001 ἦ
2680 2927 2913 3006 ῥάβδος

535 3030 869 3107 βακτηρία.
940 3030 1181 3109 Quibus
1243 3031 1455 3095 verbis
1518 3035 1818 3116 quoniam
1879 3032 2042 3097 nihil
2101 3034 2438 3120 respondet
2480 3038 2549 3098 in
2595 3036 2736 3120 ipso
2783 3056 2916 3099 car—

533 3139 707 3202 mine
726 3186 740 3211 ,
790 3135 1077 3201 Nicolius
1122 3135 1442 3201 intellexit
1480 3138 1547 3201 in
1586 3137 1870 3203 alienum
1908 3138 2122 3204 locum
2161 3141 2314 3205 haec
2341 3179 2424 3189 —
2458 3145 2532 3205 ut
2573 3140 2700 3206 ah'a
2737 3142 2916 3207 scho—

532 3242 621 3307 lia
666 3241 877 3306 multa
915 3282 998 3289 —-
1038 3245 1362 3327 irrepsisse
1384 3291 1397 3316 ‚
1448 3242 1856 3327 probabiliter
1903 3250 2122 3309 autem
2163 3246 2390 3311 tribuit
2426 3249 2644 3313 versui
2670 3257 2722 3312 Δ
2755 3245 2910 3325 323,

534 3350 649 3414 ubi
695 3354 881 3433 poeta
928 3346 1118 3413 dicit:

850 3454 1045 3534 βουλῇ
1094 3455 1197 3519 καὶ
1249 3454 1515 3529 μύθοισι·
1566 3460 1635 3519 τὸ
1683 3456 1808 3531 γὰρ
1857 3455 2042 3535 γέρας
2093 3458 2224 3521 ἐστὶ
2275 3459 2590 3536 γερόντων.

627 3560 960 3625 Praeterea
1021 3559 1341 3625 intellexit
1403 3581 1666 3625 versum
1727 3562 1828 3627 hic
1884 3562 2080 3629 latere
2129 3566 2531 3643 trimetrum,
2581 3586 2775 3651 quem
2819 3568 2912 3631 sic

536 3668 898 3733 constituit:

989 3772 1194 3849 ἀνδρὸς
1242 3772 1515 3849 γέροντος
1565 3773 1786 3853 ῥάβδος
1841 3777 1873 3849 ἦ
1920 3775 2254 3855 βακτηρία.

627 3879 715 3942 At
767 3876 988 3958 ῥάβδον
1054 3899 1187 3943 esse
1232 3878 1579 3955 βακτηρίαν
1625 3880 1730 3945 vel
1777 3882 2122 3960 βακτηρίαν
2169 3904 2302 3949 esse
2349 3882 2592 3961 ῥάβδον,
2638 3884 2706 3949 id
2751 3884 2912 3950 affir-

536 3988 701 4050 mari
740 3987 853 4049 vix
893 4005 1051 4070 opus
1098 3984 1259 4061 fuit,
1309 3990 1373 4049 et
1419 3986 1824 4051 recordamur
1862 3990 1986 4053 ioci
2035 3990 2483 4075 Aristophanei
2529 3990 2605 4057 de
2653 3994 2910 4074 μάκτρα

536 4096 671 4156 sive
720 4090 1017 4169 καρδόπῳ.
1068 4088 1367 4175 Superest
1410 4092 1615 4177 igitur
1661 4098 1736 4156 ut
1784 4114 2087 4159 conemur
2129 4116 2391 4160 versum
2435 4096 2642 4183 ignoti
2686 4102 2908 4184 poetae

536 4198 884 4282 corrigere;
934 4196 1171 4260 fuitne:

986 4301 1193 4379 ἀνδρὸς
1242 4302 1517 4382 γέροντος
1566 4304 1788 4383 ῥάβδος
1845 4308 1877 4381 ἦ
1927 4304 2276 4386 προμηθίαῗ

626 4408 776 4474 Tale
833 4408 985 4494 quid
1044 4410 1391 4494 requiritur
1452 4416 1638 4476 certe.
1704 4410 2054 4479 Oontextus
2102 4414 2311 4479 obstat
2358 4417 2698 4501 quominus
2745 4421 2915 4485 coni-
