3192 5009
1139 386 1226 438 na
1270 386 1542 438 ’mnus
1585 385 1886 438 nomme.
2572 365 2702 437 355

425 553 478 618 Ι.
524 553 634 619 De
681 556 1115 640 auspiciis.

428 659 550 724 Vix
589 664 1012 726 necessarium
1056 668 1152 727 est
1197 661 1353 727 locis
1390 661 1609 727 allatis
1648 663 2077 728 demonstrare
2096 710 2113 739 ‚
2154 664 2714 750 inaugurationem

328 765 618 832 locorum
663 766 897 832 factam
943 787 1067 831 non
1108 788 1242 833 esse
1289 770 1424 833 sine
1461 771 1797 854 auspiciis3
1838 767 1941 832 his
1980 787 2256 854 augures
2298 767 2713 853 exquirebant

333 893 496 937 num
557 873 662 938 hic
703 871 880 938 locus
926 872 1058 938 deis
1104 873 1406 958 probatus
1453 880 1621 940 esset
1668 880 1742 939 ut
1786 877 1855 938 in
1902 895 1975 939 eo
2022 871 2341 958 templum
2389 872 2601 950 fieret,
2648 875 2717 936 in

334 1001 464 1066 quo
503 1000 542 1044 a
578 980 1063 1065 magistratibus
1101 986 1164 1044 et
1209 980 1635 1045 sacerdotibus
1673 979 1979 1045 Romanis
2016 981 2339 1064 auspicato
2378 981 2447 1058 (i.
2472 1001 2528 1044 e.
2567 999 2718 1044 cum

329 1088 500 1152 bona
545 1089 733 1151 venia
779 1086 1070 1166 deorum)
1115 1089 1223 1173 agi
1267 1091 1476 1171 posset
1523 1086 1833 1172 quidquid
1880 1085 1960 1151 ad
1996 1085 2460 1170 rempublicam
2498 1105 2719 1172 geren-

337 1191 488 1258 dam
546 1197 614 1257 et
671 1192 750 1257 ad
807 1212 978 1257 sacra
1037 1193 1295 1278 publica
1355 1192 1855 1258 administranda
1911 1195 2257 1278 pertineret
2304 1191 2459 1272 (vid.
2506 1191 2718 1273 infra).

335 1298 489 1381 Sine
525 1300 628 1364 his
665 1301 964 1384 auspiciis
1003 1298 1323 1386 templum
1366 1320 1500 1365 esse
1538 1321 1664 1364 non
1703 1320 1889 1386 posse
1907 1349 1924 1378 ,
1966 1305 2135 1364 recte
2156 1299 2461 1364 indicavit
2483 1298 2681 1363 Varro
2700 1347 2717 1376 ,

339 1426 492 1472 cum
552 1405 828 1488 tempbm
891 1405 959 1469 in
1020 1411 1184 1469 terra
1229 1411 1574 1486 (terrestre)
1623 1406 1711 1468 ab
1758 1404 2175 1489 auspiciis
2221 1427 2342 1468 esee
2387 1404 2623 1470 diceret
2650 1402 2719 1484 ¹).

339 1511 676 1576 Praeterea
735 1514 1017 1597 auspicia
1067 1518 1508 1578 memorantur
1555 1513 1851 1578 omnibus
1894 1510 2055 1577 locis
2100 1509 2234 1576 illis
2250 1560 2267 1589 ,
2316 1511 2429 1575 ubi
2478 1509 2720 1596 templa

341 1617 650 1700 auspicato
688 1617 793 1683 vel
831 1617 1192 1699 inauqmato
1231 1618 1406 1682 condi
1444 1620 1746 1684 dicuntur
1789 1625 1989 1706 (supr.
2038 1637 2185 1704 pag.
2238 1615 2371 1682 338
2418 1617 2559 1682 adn.
2616 1617 2717 1698 1);
2784 1661 2791 1668 -

343 1723 568 1790 deinde
632 1725 910 1790 maxime
971 1726 1098 1790 huc
1142 1725 1296 1806 facit
1347 1724 1512 1810 quod
1555 1723 1820 1790 Servius
1868 1723 2063 1788 tradit
2109 1723 2185 1788 de
2231 1725 2721 1811 inauguratione

341 1829 571 1916 templi
630 1829 980 1915 Capitolini
1007 1828 1079 1912 ⁹).
1126 1833 1430 1917 Auspicia
1477 1839 1697 1896 autem
1744 1831 1820 1895 de
1866 1829 2005 1896 loco
2049 1828 2491 1917 inaugurando
2536 1829 2723 1895 habe-

341 1935 576 2000 bantur
631 1936 710 2000 ab
771 1936 1124 2023 auguribus
1176 1935 1479 2002 Romanis
1525 1958 1651 2002 non
1695 1939 1763 2002 in
1810 1939 1949 2022 ipso
1998 1956 2072 2001 eo
2115 1935 2255 2001 loco
2299 1938 2412 2021 qui
2453 1938 2723 2023 inaugu-

343 2041 578 2107 randus
638 2047 774 2107 erat
791 2090 808 2119 ‚
869 2041 978 2108 sed
1039 2045 1106 2106 in
1149 2043 1565 2130 Auguraculo
1610 2045 1678 2108 in
1724 2043 1905 2108 Arce.
1957 2041 2137 2122 Quod
2182 2042 2378 2107 huius
2420 2045 2513 2107 rei
2558 2043 2721 2107 ratio

343 2147 564 2212 habita
615 2169 740 2212 non
784 2153 882 2213 est
927 2169 965 2212 a
1009 2150 1168 2214 viris
1207 2149 1410 2214 doctis
1453 2149 1907 2214 recentioribus
1952 2151 2234 2212 maxime
2280 2147 2531 2214 obstitit
2574 2169 2725 2234 quo·

345 2255 564 2318 minus
623 2261 791 2319 recte
835 2253 1318 2340 intellegeretur
1360 2259 1592 2319 natura
1636 2255 1829 2319 huius
1876 2255 2327 2332 caerimoniae;
2375 2275 2526 2319 nam
2572 2275 2721 2319 cum

342 2359 664 2425 accederet
685 2366 763 2424 ut
785 2359 1316 2426 confunderentur
1339 2359 1581 2446 templa
1604 2360 1775 2425 abina
1790 2409 1807 2438 ‚
1834 2380 1994 2446 quae
2018 2360 2249 2425 fiebant
2273 2381 2419 2426 cum
2443 2363 2724 2446 auspicia

345 2471 750 2551 captarentur
767 2514 784 2543 ‚
857 2488 1006 2532 cum
1075 2465 1335 2552 templis
1406 2467 1781 2530 terrestribus
1844 2487 2002 2552 quae
2063 2466 2297 2532 fiebant
2358 2469 2682 2551 auspicato
2702 2515 2719 2544 ,

347 2573 560 2657 opinio
622 2571 978 2657 praevaluit
1043 2576 1223 2658 quasi
1285 2593 1494 2658 augur
1511 2621 1528 2650 ,
1579 2593 1729 2637 cum
1778 2572 2009 2638 faceret
2057 2572 2375 2657 templum
2424 2575 2721 2652 (aerium)

345 2678 514 2744 lituo
573 2699 686 2743 suo
747 2687 812 2743 et
857 2679 1146 2744 formulis
1167 2727 1182 2756 ‚
1231 2679 1350 2744 hac
1395 2682 1534 2765 ipsa
1577 2681 1961 2744 caerimonia
2006 2677 2201 2743 simul
2248 2681 2443 2744 etiam
2488 2678 2721 2744 faceret

345 2782 666 2870 templum
706 2789 1052 2865 (terrestre)
1092 2785 1257 2871 quod
1304 2793 1590 2850 maneret
1608 2833 1625 2862 ‚
1672 2787 1888 2870 itaque
1933 2804 2181 2849 necesse
2226 2785 2561 2850 videbatur
2606 2791 2727 2849 sta-

343 2897 554 2968 tuere,
604 2911 754 2956 eum
797 2891 864 2956 id
901 2892 1100 2957 facere
1137 2895 1206 2956 in
1243 2893 1383 2975 ipso
1422 2890 1561 2956 loco
1576 2911 1592 2969 ;
1638 2911 1857 2956 revera
1890 2889 2006 2954 illa
2046 2893 2257 2975 opinio
2298 2890 2551 2956 sublata
2590 2895 2688 2956 est
2704 2939 2721 2968 ‚

346 3019 498 3063 cum
545 3002 845 3084 appareat
889 3000 1172 3083 auspicia
1215 3019 1339 3062 non
1388 2997 1607 3062 habita
1654 3017 1787 3062 esse
1834 2999 1901 3061 in
1946 2995 2083 3062 loco
2122 2999 2283 3082 ipse.
2323 2995 2465 3061 Hoc
2505 3002 2724 3061 autem

345 3106 578 3168 nititur
617 3104 718 3168 his
757 3105 1156 3191 argumentis
1185 3101 1256 3184 ³).
1298 3103 1599 3168 Primum
1635 3101 1827 3188 paulo
1867 3109 2013 3168 ante
2050 3101 2205 3168 locis
2245 3101 2456 3167 allatis
2484 3123 2521 3167 a
2544 3103 2723 3168 nobis

345 3209 855 3275 demonstratum
917 3215 1046 3288 est,
1109 3229 1388 3296 augures
1448 3207 1769 3274 Romanos
1814 3211 2072 3274 omnino
2121 3228 2439 3294 nusquam
2484 3211 2609 3272 nisi
2654 3210 2723 3272 in

419 3441 474 3504 1)
522 3441 661 3490 verr.
698 3439 768 3489 1.1.
805 3439 928 3496 7.⁶;
976 3439 1159 3488 Mnem.
1207 3437 1353 3488 188⁹.
1403 3437 1464 3488 17
1510 3453 1618 3503 pag.
1666 3437 1764 3490 278
1782 3453 1853 3501 eq.
1887 3463 1955 3474 —
1988 3437 2043 3497 2)
2081 3437 2215 3486 Serv.
2252 3437 2368 3485 Aen.
2408 3436 2603 3486 aue:
2643 3435 2723 3486 ..in

349 3524 468 3574 urbe
516 3525 669 3574 Roma
718 3523 848 3572 Iovis
895 3521 1130 3586 templum
1181 3537 1277 3570 non
1325 3520 1441 3578 fuit3
1490 3521 1615 3584 qnod
1664 3535 1772 3569 cnm
1808 3519 1904 3568 iem
1942 3519 2164 3568 devotum
2201 3533 2229 3566 e
2263 3517 2525 3582 Tarquinio
2564 3518 2725 3566 Princo

347 3605 496 3656 vellet
527 3605 814 3670 Tarquinius
846 3604 1120 3662 aedificare,
1153 3603 1309 3668 coepit
1345 3602 1549 3667 auguria
1581 3607 1803 3666 captare,
1837 3601 1921 3665 qui
1956 3617 2091 3650 mone
2126 3599 2238 3650 huic
2274 3600 2455 3665 templo
2490 3603 2612 3650 esset
2645 3616 2725 3665 ep·

343 3687 575 3738 tissimus.
611 3687 670 3736 Et
704 3702 811 3736 cum
845 3686 896 3734 iu
930 3685 1150 3734 omnibns
1181 3685 1412 3750 Tarpeius
1445 3686 1568 3733 esset
1604 3684 1829 3733 inventu·
1857 3682 1928 3744 (iu
1957 3699 2053 3747 quo
2080 3687 2217 3732 erent
2244 3682 2399 3731 multa
2427 3683 2726 3732 diversorum

347 3772 600 3822 numinum
645 3769 854 3833 sacella),
901 3769 1079 3817 fectum
1125 3771 1196 3816 eet
1243 3771 1298 3816 ut
1333 3766 1502 3816 exinde
1537 3767 1595 3814 nd
1632 3765 1728 3816 alie
1759 3764 1937 3830 templa
1974 3765 2170 3814 numine
2206 3769 2521 3815 evocarentur
2553 3764 2727 3814 sacrifi·

343 3853 460 3912 ciis,
507 3868 601 3917 quo
645 3856 802 3916 posset
844 3849 990 3899 libere
1035 3855 1084 3899 et
1129 3850 1229 3898 eine
1281 3848 1468 3914 piaculo
1517 3847 1753 3912 templum
1788 3846 1917 3896 Iovis
1950 3847 2271 3896 exaedificare.
2310 3846 2528 3910 Cumque
2563 3861 2727 3897 omne·

346 3935 426 3984 dei
459 3933 663 3983 libenter
695 3933 804 3982 inde
840 3933 1149 3996 migrassent,
1185 3931 1437 3979 Terminus
1471 3930 1600 3979 solue
1634 3931 1723 3978 hoc
1757 3933 1830 3978 eet
1862 3929 2074 3978 limitum
2101 3929 2217 3978 deus
2245 3928 2523 3978 descendere
2554 3927 2710 3978 noluit

347 4017 432 4068 ned
463 4017 564 4066 illic
600 4013 860 4065 remensit”
894 4031 938 4065 e.
957 4029 1003 4078 q.
1024 4029 1060 4062 e.
1097 4041 1164 4050 —
1198 4015 1248 4074 8)
1282 4013 1498 4062 Fuerunt
1532 4011 1616 4076 qui
1651 4012 1879 4060 efferrent
1918 4011 1977 4060 ad
2012 4010 2298 4061 sententiam
2332 4009 2625 4075 probandam
2658 4010 2725 4059 lo-

347 4115 460 4150 cum
505 4099 608 4150 Liv.
658 4101 700 4148 3.
722 4099 810 4148 20:
869 4113 1099 4161 »augures
1147 4097 1296 4145 iueeoe
1342 4095 1502 4143 adeeae
1537 4095 1596 4143 ed
1634 4093 1877 4158 Regillum
1911 4092 2066 4142 lecum
2104 4093 2229 4142 seme
2263 4093 2443 4142 exierat
2476 4093 2727 4156 locumque

347 4181 628 4246 inaugurari
665 4179 742 4230 ubi
779 4179 1022 4244 auspicato
1057 4194 1164 4228 cum
1199 4176 1377 4244 populo
1413 4177 1489 4241 agi
1525 4175 1735 4240 possam
1772 4180 1821 4224 et
1857 4173 2025 4224 Dionia
2057 4175 2138 4223 41.
2160 4175 2241 4223 43.
2276 4175 2431 4223 Locus
2458 4173 2586 4223 Livii
2604 4173 2727 4224 nihil

346 4263 545 4331 proban
579 4278 781 4326 augures
814 4267 943 4310 certe
975 4263 1136 4311 edesse
1171 4259 1402 4310 debebunt
1439 4260 1490 4308 in
1525 4259 1629 4308 loco
1664 4257 1747 4322 qui
1782 4258 2170 4322 inauguraretur,
2205 4257 2285 4305 sed
2320 4259 2375 4306 ut
2408 4271 2517 4306 eum
2553 4254 2727 4306 libera-

348 4349 460 4396 rent
502 4349 552 4394 et
595 4346 868 4402 effarentur,
913 4359 1007 4392 non
1054 4357 1166 4391 vero
1203 4345 1258 4392 ut
1311 4341 1520 4406 auspicia
1566 4339 1634 4389 ibi
1678 4343 1941 4404 captarent.
1998 4340 2068 4387 De
2115 4338 2217 4387 loco
2254 4337 2422 4387 Dionia
2454 4338 2548 4387 vid.
2589 4339 2727 4388 Mne·

351 4444 468 4479 moe.
503 4427 643 4477 1890.
686 4428 744 4475 18
780 4442 884 4490 pag.
928 4425 1023 4475 236
1043 4441 1142 4489 sqq.
1181 4431 1228 4473 et
1266 4440 1372 4490 pag.
1409 4425 1506 4474 8³8
1542 4423 1651 4472 adn.
1692 4423 1735 4472 1.
1772 4449 1838 4459 -
1873 4422 1971 4471 Cfr.
2009 4421 2150 4471 Verr.
2186 4421 2255 4470 l.1.
2296 4421 2453 4473 5.47=
2497 4437 2728 4487 -euguree

353 4527 412 4560 ex
447 4513 568 4559 Arce
602 4509 806 4575 profecti
839 4524 924 4574 per
957 4521 1141 4558 sacram
1177 4507 1302 4556 viam
1336 4506 1492 4557 solent
1525 4504 1863 4570 inaugurare”.
