3192 5009
496 208 625 274 396
1230 227 1622 276 onsnmm'mo
1668 225 2108 276 smmum.
2140 218 2149 230 ·

489 393 907 477 praeteribunt
924 444 940 473 ,
990 394 1220 481 inquit,
1270 396 1495 460 eaelum
1527 395 1793 479 primum
1842 401 1899 458 et
1959 401 2122 458 terra
2170 391 2375 475 prirm
2437 389 2714 455 abierunt
2731 437 2752 466 ,
2825 394 2888 451 et

496 502 659 565 locus
703 524 821 565 non
867 509 954 566 est
997 501 1272 567 inventu-5
1318 503 1486 580 ilbi-3,
1533 503 1677 589 quia
1722 502 1952 567 seilicet
1996 503 2154 587 quod
2199 507 2257 564 et
2276 499 2435 584 finit
2471 499 2660 563 locum
2699 495 2890 561 amit-

493 607 570 670 tit
589 657 604 684 ,
671 609 714 671 i.
742 630 795 673 e.
862 608 1029 693 quod
1087 608 1228 673 finit
1274 617 1331 673 et
1376 609 1592 675 locum
1641 611 1921 686 amittit,
1972 607 2338 673 adnotavit:
2370 605 2525 689 finit
2572 612 2630 668 et
2679 604 2888 667 locum

492 713 737 791 amittit,
777 714 1007 780 malim
1047 737 1186 802 ego.
1242 713 1557 802 Col-rupta
1594 737 1746 782 vero
1785 714 1935 781 libri
1973 713 2288 778 Leidensis
2308 711 2530 778 lectio:
2566 718 2624 774 et
2646 708 2886 793 finitio

492 844 618 884 mm
663 821 919 898 mittit,
968 825 1121 887 satis
1167 822 1523 888 luculenter
1567 822 1874 899 ostendit,
1926 820 2090 886 nihil
2136 842 2270 887 esse
2318 818 2732 885 mutandum.
2790 853 2884 865 —

491 927 631 992 adv.
671 926 977 993 Marcion.
1020 928 1069 993 Ι.
1102 927 1206 994 18.
1246 928 1317 993 Ο.
1360 927 1441 995 ΙΙ.
1473 927 1578 995 67.
1611 927 1671 994 3.
1711 930 2088 992 tractandum
2129 935 2184 990 et
2221 927 2319 990 hic
2363 928 2438 990 de
2479 923 2890 988 revelationis

490 1033 784 1119 qwbitate
802 1084 818 1112 ,
884 1058 963 1098 cm
1024 1035 1203 1116 diqne
1264 1036 1530 1117 coynitns
1576 1037 1660 1100 sit
1676 1086 1692 1115 ,
1739 1043 1808 1100 ut
1853 1042 2109 1113 constet,
2161 1057 2242 1097 an
2291 1056 2422 1098 vere
2439 1082 2454 1110 ,
2505 1039 2562 1095 et
2603 1031 2702 1094 ita
2757 1053 2890 1093 cre·

490 1143 673 1205 datur
718 1163 838 1204 esse
852 1189 869 1218 ,
920 1163 1085 1226 quem
1131 1141 1311 1223 diyne
1354 1140 1686 1206 constiterit
1731 1143 2053 1206 revelatum
2070 1190 2086 1219 ,
2133 1143 2178 1206 i.
2205 1162 2258 1206 e.
2307 1137 2718 1205 tractandum
2771 1137 2886 1201 hio

492 1252 556 1312 et
619 1246 696 1311 de
755 1245 1162 1311 revelationis
1224 1247 1551 1333 qualitate.
1619 1286 1702 1296 —
1774 1248 1974 1312 Marc.
2023 1246 2106 1311 Π.
2162 1245 2265 1311 15.
2315 1244 2387 1310 Ο.
2437 1243 2519 1310 Π.
2575 1241 2734 1308 102.
2770 1241 2883 1307 12.

491 1352 702 1416 Nobite
762 1353 1188 1434 reprehendere
1249 1355 1502 1418 iudicem
1519 1404 1536 1431 ,
1599 1357 1707 1417 sed
1765 1354 2050 1418 revincite
2111 1353 2328 1417 mabam
2389 1352 2666 1415 iudicem.
2739 1371 2889 1412 nam

492 1466 549 1522 et
611 1457 667 1521 si
715 1465 965 1540 patrum
1010 1459 1233 1524 debicta
1279 1463 1353 1524 de
1380 1461 1550 1545 fibiie
1596 1462 1863 1542 eoeiqebat
1880 1510 1896 1538 ,
1946 1459 2180 1524 duritia
2217 1459 2442 1542 popubi
2489 1457 2648 1521 talia
2697 1479 2892 1520 reme-

492 1563 599 1628 dia
648 1564 1027 1646 compulerat,
1076 1572 1145 1629 ut
1188 1567 1286 1630 vel
1317 1566 1776 1648 posteritatibus
1821 1566 1948 1630 suis
1979 1566 2419 1649 prospicientes
2465 1563 2586 1647 leqi
2625 1563 2894 1627 divinae

492 1671 812 1735 obedirent.
864 1672 996 1757 quie
1044 1673 1197 1736 enim
1241 1696 1359 1737 non
1402 1673 1591 1754 maqie
1619 1673 1899 1757 filiorum
1941 1673 2191 1736 sabutem
2240 1695 2414 1758 quam
2453 1694 2619 1734 suam
2661 1677 2842 1733 curet
2857 1669 2893 1732 .?

492 1779 600 1841 sed
643 1785 699 1841 et
743 1778 798 1839 si
845 1778 1169 1842 benedictio
1206 1786 1456 1861 patrum
1499 1779 1711 1844 semini
1758 1803 1980 1865 quoque
2027 1801 2222 1844 eorum
2269 1777 2708 1853 destinabatur,
2753 1775 2896 1839 eine

492 1884 621 1947 utto
668 1885 862 1946 adhue
908 1884 1113 1948 merito
1161 1886 1320 1962 eius,
1379 1909 1484 1948 cur
1530 1909 1646 1950 non
1693 1893 1750 1950 et
1797 1893 2000 1949 reatus
2033 1893 2284 1968 patrum
2327 1885 2396 1948 in
2424 1883 2603 1967 filios
2651 1905 2896 1968 quoque

496 1991 911 2054 redundaret?
972 1989 1266 2056 Alterum
1334 1999 1389 2055 et
1448 1993 1504 2056 si
1548 2013 1585 2057 a
1633 1995 1840 2078 priore
1886 2012 2140 2077 prorsus
2191 1990 2432 2067 differt,
2483 2010 2690 2074 neque
2741 2010 2895 2054 con·

494 2099 841 2161 cessionem
900 2097 1137 2163 indicat
1155 2147 1172 2176 ,
1233 2099 1634 2186 iungendum
1696 2106 1913 2164 autem
1961 2119 2128 2164 esse:
2176 2099 2231 2162 si
2277 2105 2348 2162 et
2395 2095 2730 2161 benedictio
2763 2118 2890 2178 pa·

498 2211 651 2266 trum
714 2203 927 2266 semini
986 2226 1022 2288 q
1038 2227 1078 2266 u
1094 2226 1125 2267 0
1144 2228 1237 2288 qu
1254 2229 1284 2268 e
1345 2228 1540 2268 eorum
1604 2204 2034 2282 destinabatur,
2099 2206 2335 2270 evincit
2384 2201 2583 2269 altera
2633 2207 2886 2267 senten·

496 2312 621 2374 tiae
660 2329 839 2393 pars:
883 2332 989 2372 cur
1024 2333 1141 2372 mm
1181 2320 1251 2374 et
1289 2319 1492 2375 reatus
1518 2319 1768 2394 patrum
1807 2312 1874 2374 in
1897 2311 2075 2394 fibios
2113 2333 2410 2396 qnoque
2457 2307 2884 2372 redundaret?

498 2452 579 2462 -
646 2414 787 2479 adv.
836 2414 1033 2480 Marc.
1084 2415 1196 2479 HI.
1248 2417 1308 2480 2.
1360 2416 1429 2480 Ο.
1481 2416 1563 2481 ΙΙ.
1622 2414 1768 2481 123.
1802 2415 1903 2481 16..
1973 2417 2182 2502 atquin
2230 2415 2393 2480 nihil
2425 2421 2632 2496 putem
2685 2438 2724 2476 a
2777 2415 2890 2477 deo

493 2522 747 2585 subitum
768 2571 783 2598 ,
847 2521 991 2606 quia
1052 2522 1216 2584 nihil
1273 2547 1311 2586 a
1372 2525 1477 2586 deo
1546 2547 1662 2587 non
1725 2523 2095 2606 dispositum.
2161 2523 2215 2586 si
2283 2530 2475 2586 antem
2521 2521 2892 2604 dispositum

496 2651 600 2692 cur
646 2635 702 2691 et
748 2651 865 2691 non
902 2628 1317 2709 praedicatum
1364 2637 1469 2703 (=
1514 2651 1638 2694 non
1687 2636 1750 2694 et
1799 2629 2282 2715 praedicatum),
2335 2636 2402 2692 nt
2440 2629 2704 2710 probari
2743 2651 2896 2710 poe-

494 2741 581 2798 set
643 2741 698 2796 et
760 2734 1113 2815 dispositum
1160 2757 1231 2796 ew
1267 2736 1727 2817 praedieatione
1775 2744 1830 2799 et
1880 2737 2146 2799 divinum
2195 2759 2266 2800 ea·
2311 2735 2709 2818 dispositione
2727 2736 2766 2797 ?
2814 2733 2892 2800 In

496 2860 620 2906 uno
707 2840 976 2925 denique
1056 2842 1345 2924 prriani
1429 2840 1566 2906 loco
1653 2843 1916 2907 eandem
1987 2841 2462 2908 insolentiorem
2532 2841 2888 2906 verborum

495 2946 981 3031 dispositionem
1042 2946 1444 3031 deprehendi.
1511 2948 1692 3028 Quod
1751 2949 1920 3014 idola
1988 2950 2078 3013 dii
2141 2970 2266 3014 non
2329 2951 2475 3013 sint.
2535 2946 2592 3011 1.
2647 2947 2783 3013 vol.
2835 2947 2890 3012 1.

494 3075 555 3138 p.
606 3051 713 3118 89.
741 3051 802 3117 8.
868 3051 990 3117 Dei
1053 3054 1290 3119 ethnici
1352 3076 1534 3141 reges
1580 3055 1840 3120 fuerunt
1861 3105 1876 3132 ,
1927 3055 2159 3140 quibus
2208 3061 2351 3141 post
2395 3062 2678 3120 mortem
2729 3055 2899 3121 divi-

494 3181 615 3224 nus
686 3160 884 3224 honor
953 3159 1209 3224 habitus
1279 3167 1393 3226 est.
1469 3160 1650 3241 Quod
1711 3163 1822 3228 ubi
1889 3165 2185 3228 universe
2247 3164 2494 3247 posuit,
2557 3160 2784 3228 addit:
2842 3171 2904 3226 et

494 3265 827 3342 videamus,
891 3289 971 3328 an
1031 3266 1113 3328 sit
1176 3274 1233 3328 et
1294 3268 1437 3330 haec
1498 3271 1666 3350 apud
1725 3268 1992 3349 sinquloe
2039 3267 2296 3344 veritae,
2348 3268 2391 3331 i.
2417 3288 2470 3332 e.
2517 3285 2596 3330 an
2647 3269 2782 3332 hoc
2835 3275 2908 3334 et

494 3370 902 3457 singulorum
964 3371 1225 3436 deorum
1289 3376 1534 3460 origine
1599 3381 1663 3439 et
1724 3381 1952 3439 natura
2015 3373 2406 3439 considerata
2465 3393 2694 3438 verum
2749 3395 2905 3442 esse

496 3484 811 3564 appareat.
886 3478 1076 3563 Apud
1141 3480 1579 3567 Aug-ustinum
1605 3531 1622 3558 ‚
1694 3484 1958 3567 Confeee.
2024 3480 2072 3545 Ι.
2125 3479 2231 3544 24.
2295 3479 2612 3566 legimus:
2683 3481 2908 3546 didici

496 3585 647 3648 enim
708 3585 776 3646 in
836 3584 917 3647 iis
980 3585 1168 3648 multa
1235 3587 1405 3648 verba
1464 3587 1682 3664 utibia,
1747 3591 1852 3650 sed
1913 3595 1970 3651 et
2016 3610 2166 3672 quae
2211 3587 2278 3648 in
2328 3587 2495 3650 rebm
2541 3608 2660 3650 non
2707 3589 2908 3652 vanis

495 3691 648 3754 disci
717 3688 937 3770 (dici‘f)
990 3699 1276 3772 possunt,
1329 3718 1409 3744 =
1456 3713 1614 3778 quae
1678 3701 1734 3757 et
1794 3697 1860 3757 in
1925 3694 2112 3759 rebus
2173 3713 2297 3756 non
2359 3694 2538 3756 vanis
2602 3697 2724 3756 cet.
2805 3733 2904 3742 —

494 3797 865 3862 Lactantius
928 3799 1001 3860 de
1064 3799 1304 3880 opificio
1368 3799 1468 3862 dei
1527 3822 1579 3863 c.
1635 3799 1743 3865 20.
1808 3823 1909 3880 eqo
1975 3822 2108 3864 vero
2157 3798 2436 3862 libentius
2481 3799 2578 3861 vel
2619 3799 2727 3860 sub
2783 3801 2908 3865 hoc

498 3927 671 3968 onere
715 3903 1035 3989 defecerim
1055 3953 1070 3983 ,
1118 3905 1231 3969 ubi
1276 3905 1372 3968 vel
1416 3905 1495 3970 ad
1542 3906 1864 3991 defecerim
1911 3904 2308 3972 referendum
2356 3924 2490 3970 esse
2538 3903 2834 3972 videtur.

2061 4087 2118 4154 J.
2166 4105 2298 4152 vm
2343 4105 2469 4154 mm
2516 4085 2738 4154 νων.
