3192 5009
1249 357 1766 410 mornmrus.
2564 338 2693 406 337

319 523 394 586 in
464 521 592 588 foro
662 545 798 589 rem
866 523 986 588 vili
1053 528 1258 610 pretio
1320 525 1613 590 venalem
1629 547 1645 604 3
1717 531 2055 611 antequam
2117 530 2323 602 emat,
2395 523 2699 590 deliberat

319 649 540 693 seeum
558 677 574 706 ,
621 636 955 694 cunctatur
969 651 986 709 ;
1037 631 1204 716 quod
1251 630 1408 696 dum
1454 631 1912 697 animadvertit
1957 637 2147 696 notus
2195 629 2456 714 quidam
2501 630 2694 695 homo

317 732 433 797 sed
493 733 924 814 αἰσχροκερδής
947 783 963 813 ,
1008 734 1162 801 licet
1209 739 1336 801 non'
1384 737 1613 802 habeat
1661 736 1824 821 quod
1874 741 2114 811 utatur,
2166 757 2301 799 rem
2351 738 2544 799 eodem
2585 734 2697 797 illo

313 839 438 902 vibi
469 842 673 922 pretio
718 844 914 918 emit,
965 844 1188 906 statim
1235 849 1311 907 ut
1357 842 1561 928 pluris
1608 843 1843 907 vendat
1890 845 2025 906 sive
2074 844 2278 906 amieo
2327 843 2699 906 emturienti

316 947 458 1010 sive
519 945 632 1010 alii
678 947 930 1012 cuidam
949 995 965 1026 ‚
1015 967 1166 1012 nam
1213 947 1332 1012 hoc
1377 951 1514 1013 eius
1561 947 1727 1012 nihil
1772 948 1981 1012 refert.
2053 945 2192 1012 Iam
2239 946 2571 1012 redeamus
2618 947 2698 1011 ad

317 1048 862 1137 Theophrastum:
937 1053 1344 1130 ὑποπρίασθαι
1406 1056 1595 1134 φίλου
1662 1055 2089 1122 aon-oenoe
2156 1055 2297 1132 πρὸς
2362 1053 2584 1130 τρόπου
2635 1079 2693 1117 τι

319 1158 614 1222 ὠνεῖσθαι.
663 1157 844 1224 Satin
878 1165 1126 1226 certum
1169 1167 1266 1225 est
1304 1147 1985 1226 rescribendum'esse:
2031 1161 2220 1238 φίλου
2266 1160 2694 1231 ὀκνοῦντος

311 1265 466 1343 πρὸς
513 1265 736 1344 τρόπου
783 1289 844 1329 τι
892 1264 1208 1332 &uffo-oms?
1257 1265 1426 1332 Mihi
1471 1267 1730 1353 quidem
1779 1267 2035 1332 evidens
2080 1269 2383 1331 correctio
2422 1266 2693 1332 videtur.

317 1368 500 1434 Ferri
545 1371 808 1437 fortasse
853 1375 1166 1459 potuisset
1213 1373 1490 1437 hominis
1535 1372 1937 1458 impudentia
1955 1420 1970 1448 ,
2022 1373 2074 1435 si
2113 1373 2237 1456 ipsi
2276 1392 2435 1456 opus
2476 1372 2699 1436 fuisset

318 1497 396 1540 ea
440 1497 506 1542 re
525 1525 542 1554 ,
592 1496 784 1562 quam
829 1481 1031 1545 amico
1081 1485 1336 1544 tantum
1383 1500 1508 1544 non
1557 1481 1901 1563 surripuit3
1955 1476 2064 1542 sed
2109 1477 2315 1542 inhiat
2361 1476 2592 1542 lucello
2631 1485 2695 1541 et

317 1585 544 1648 statim
587 1605 727 1649 care
772 1584 993 1649 vendit
1040 1584 1207 1669 quod
1247 1583 1428 1661 ἀξίως
1471 1585 1745 1662 ἐπρίατο.
1794 1583 2123 1648 Nimirum
2162 1582 2230 1647 τὸ
2271 1583 2694 1661 αἲσχροκερδὲς

318 1691 599 1754 cernitur
637 1693 1047 1775 potissimum
1083 1693 1152 1756 in
1190 1712 1261 1756 eo
1299 1691 1469 1777 quod
1493 1690 1783 1756 additur:
1826 1686 1963 1755 εἶτα
2016 1689 2287 1766 λαβὼν
2336 1689 2691 1754 ἀποδόσθαι.

315 1793 460 1860 Hoc
507 1803 724 1860 autem
766 1796 1047 1884 intelligi
1093 1804 1260 1862 recte
1307 1803 1550 1883 potest,
1587 1797 1696 1862 sed
1736 1795 2011 1864 Coraeus
2052 1795 2375 1883 eleganter
2414 1799 2691 1882 scripsit:

318 1895 462 1964 εἶτα
510 1902 931 1979 ἐπιβαλὼν
977 1903 1330 1967 ἀποδόσθαι.
1374 1903 1463 1969 Ut
1509 1901 1822 1968 stabiliret
1870 1923 2063 1966 usum
2103 1903 2283 1967 verbi
2325 1904 2693 1980 ἐπιβάλλειν

317 2007 542 2072 Astius
603 2005 892 2073 laudavit
952 2008 1282 2074 Aristotel.
1347 2009 1539 2074 Polit.
1589 2008 1621 2073 I
1673 2008 1713 2071 4
1763 2007 1901 2093 §5:
1969 2009 2182 2085 ὀλίγου
2230 2007 2689 2082 μισθωσάμενον

320 2108 438 2176 ἅτε
499 2112 725 2185 οὐδενὸς
775 2114 1226 2188 ἐπιβάλλοντος
1248 2164 1264 2193 ,
1315 2136 1464 2180 nam
1507 2116 1600 2179 ibi
1646 2121 1814 2181 certe
1862 2113 2235 2192 ἐπιβάλλειν
2282 2136 2418 2180 esse
2465 2115 2691 2180 addere

317 2217 398 2282 ad
440 2221 720 2303 pretium
759 2223 1040 2305 pretium
1057 2269 1074 2299 ,
1130 2222 1454 2288 intendere
1473 2271 1489 2300 ‚
1539 2221 1743 2308 pluris
1789 2220 2034 2306 aliquid
2079 2222 2355 2286 indicare
2402 2222 2507 2288 vel
2548 2243 2693 2287 ven-

317 2323 482 2390 dere.
557 2323 682 2390 Sed
751 2328 1004 2391 etiamsi
1072 2327 1192 2392 hoc
1259 2348 1388 2392 non
1449 2330 1605 2392 satis
1669 2333 1920 2392 certum
1982 2330 2096 2404 sit,
2159 2327 2235 2393 de
2278 2349 2422 2392 meo
2469 2329 2692 2412 utique

315 2431 619 2501 ὀκνοῦντος
668 2453 781 2518 pro
828 2433 1137 2505 δοκοῦντος
1186 2433 1371 2519 plane
1416 2455 1542 2498 non
1591 2434 1831 2499 dubito.

449 2580 815 2642 Amtelodami,
848 2583 901 2633 d.
930 2585 960 2633 8
995 2598 1061 2632 m.
1096 2587 1299 2648 August.
1333 2583 1478 2632 1891.

1123 2877 1439 2924 Parrum.
1487 2877 1734 2924 naono,
1790 2859 1892 2924 14.

403 3009 783 3076 Parthenius
848 3011 924 3077 de
987 3013 1238 3078 Antheo
1285 3014 1378 3076 ita
1424 3012 1678 3076 scribit:
1730 3013 1841 3076 Ἐκ
1890 3011 1952 3075 δὲ
2002 3015 2485 3092 Ἁλικαρνασσοῦ
2536 3023 2687 3086 παῖς

311 3117 556 3187 ’Λνόεὺς
630 3119 698 3181 ἐκ
767 3117 1091 3194 βασιλείου
1152 3118 1363 3195 γένους
1428 3119 1739 3198 ὡμήρευσε
1801 3115 1975 3197 παρὰ
2044 3119 2267 3198 Φοβίῳ.
2326 3119 2583 3185 Ferrem
2632 3125 2688 3186 si

310 3243 472 3308 puer
535 3223 786 3288 sordido
856 3223 992 3290 loco
1061 3236 1250 3290 natus
1312 3231 1477 3290 esset
1531 3245 1646 3289 nec
1706 3227 2095 3308 requirerem
2158 3228 2357 3309 patris
2418 3248 2647 3293 nomen
2667 3276 2682 3305 ,

307 3327 515 3394 veluti
559 3337 726 3395 reete
773 3330 984 3396 editur
1029 3351 1083 3396 c.
1135 3329 1256 3395 26:
1309 3328 1524 3402 παιδὸς
1577 3331 1916 3408 Ἀπριατης
1966 3329 2353 3408 Τροίμβηλος
2395 3334 2683 3412 ἐρασθεὶς,

311 3433 422 3499 sed
464 3435 694 3501 nobilis
741 3435 1104 3502 adulescens
1153 3443 1549 3501 memoratur
1587 3457 1641 3500 c.
1688 3434 1764 3499 5:
1809 3436 2167 3508 Λεύκιππος
2210 3439 2457 3502 Ξανθίου
2497 3447 2681 3518 παῖς,

309 3540 483 3618 γένος
531 3545 650 3606 τῶν
695 3543 820 3608 ἀπὸ
860 3542 1367 3620 Βελλεροφόντου.
1417 3541 1710 3606 Eundem
1750 3563 2023 3627 puerum
2064 3545 2291 3607 cecinit
2330 3543 2687 3610 Alexander

309 3646 613 3725 Aetolus,
677 3648 845 3734 quod
907 3649 1284 3713 Parthenius
1345 3648 1572 3713 itidem
1619 3651 1965 3713 memoriae
2012 3647 2324 3733 prodidit:
2376 3651 2683 3725 Ἀσσησοῦ

307 3753 645 3832 βασιλῆος,
686 3757 931 3840 inquit,
976 3755 1301 3819 ἐλεύσεται
1351 3753 1596 3831 ἔκγονος
1650 3755 1922 3824 ’monia
1971 3752 2139 3833 Quin
2184 3757 2393 3840 igitur
2436 3756 2687 3842 supple·

307 3879 490 3924 mus:
541 3861 651 3924 Ἐκ
697 3859 758 3926 δὲ
807 3863 1296 3942 Ἁλικαρνασσοῦ
1346 3859 1804 3942 (mesaneos)
1852 3868 2001 3932 παῖς
2046 3861 2310 3931 ’Λνθεύς.
2358 3861 2523 3927 Sunt
2561 3864 2687 3930 alia

306 3965 518 4030 multa
559 3969 628 4031 in
671 3966 1014 4032 Parthenio
1048 3966 1418 4052 corrigenda
1434 3987 1450 4044 3
1495 3988 1559 4031 v.
1586 3988 1639 4030 c.
1680 3987 1815 4051 cap.
1864 3966 1967 4045 12,
2010 3988 2132 4051 quo
2173 3973 2455 4053 tempore
2498 3968 2686 4056 Ulys-

305 4093 404 4138 ses
469 4072 640 4158 apud
701 4070 925 4139 Circen
988 4073 1291 4160 degebat,
1352 4075 1532 4136 venit
1593 4071 1673 4135 ad
1720 4093 1863 4137 eam
1910 4071 2071 4137 alius
2118 4078 2364 4139 amator
2410 4072 2683 4141 Calchus

303 4181 598 4257 nomine,
663 4200 856 4265 quem
913 4177 1298 4244 immortalis
1365 4178 1479 4243 dea
1542 4179 1807 4242 ἐκώλυσε
1874 4179 2215 4254 ἐπιβαίνειν
2264 4187 2373 4253 τῆς
2424 4182 2680 4256 νήσου.

303 4283 570 4352 Falsum
629 4286 746 4352 hoc
807 4291 938 4362 est,
1002 4307 1152 4351 nam
1215 4285 1324 4348 οῦκ
1379 4285 1530 4349 ἀνίει
1600 4290 1827 4356 Φοιτῶν
1886 4283 2158 4369 indeque
2205 4288 2679 4373 corrigendum:

304 4391 650 4468 δπιβαίνειν
697 4401 806 4464 τῆς
857 4394 1084 4466 εὐνῆς
1134 4397 1462 4471 (ΝΗΣΟΤ
1493 4429 1578 4438 -
1604 4397 1945 4468 ΕΤΝΗΣ).
2314 4391 2378 4456 S.
2407 4394 2482 4458 A.
2508 4395 2589 4458 N.

2328 4574 2391 4622 23
