3192 5009
521 259 650 326 422
1527 281 1883 334 vrrnuvrus.

515 449 738 510 tiones.
788 443 1000 513 Cellae
1046 451 1218 512 enim
1262 448 1775 536 longitudinibus
1820 449 2101 536 duplices
2144 457 2293 514 sunt
2328 450 2406 515 ad
2442 448 2873 515 latitudines’'.
2960 518 2969 522 ,

517 551 698 632 Quod
741 556 968 618 attinet
1005 554 1084 619 ad
1120 554 1396 620 Palladis
1443 556 1662 622 aedem
1679 605 1695 638 ,
1744 561 1993 622 nostrae
2046 559 2270 622 aetatis
2312 557 2641 622 architecti
2686 555 2763 620 ab
2806 576 2881 620 eo

514 657 914 724 dissentiunt.
971 659 1040 726 Si
1086 668 1290 726 metra
1338 659 1585 728 Gallica
1629 661 1724 726 III
1763 660 1810 727 S
1854 661 2245 748 longitudini
2292 661 2687 739 adiciuntur,
2738 667 2875 726 tum

515 762 777 828 demum
824 764 984 830 cella
1027 766 1426 853 longitudine
1472 767 1707 854 duplex
1754 776 1849 833 est
1898 768 1977 833 ad
2023 767 2453 832 latitudinem.

603 869 817 949 Quum
860 871 1025 937 libro
1071 872 1190 937 VII
1226 873 1506 960 legimus
1544 875 1917 939 Vitruvium
1958 871 2345 940 Graecorum
2383 895 2461 938 ex
2498 881 2883 939 commenta-

513 979 628 1042 riis
667 998 826 1061 quae
871 977 1052 1043 utilia
1090 1000 1222 1044 esse
1261 981 1362 1044 his
1409 982 1594 1046 rebus
1640 979 2197 1057 animadverterit,
2248 978 2513 1045 collecta
2556 983 2627 1044 in
2674 999 2877 1044 unum

515 1087 795 1170 coegisse
856 1106 1115 1170 corpus,
1165 1107 1551 1173 magnopere
1599 1091 1909 1152 miramur
1955 1087 2120 1172 quod
2169 1085 2333 1151 libro
2379 1085 2504 1161 ΙΠ,
2552 1086 2665 1150 11111
2712 1107 2875 1171 prae-

513 1193 880 1276 scriptiones
942 1192 1018 1257 de
1081 1197 1476 1279 symmetriis
1543 1193 1891 1259 identidem
1953 1192 2263 1278 exemplis
2308 1191 2749 1266 illustrantur,
2800 1213 2879 1255 ne

513 1295 709 1362 ullam
757 1299 1016 1381 quidem
1061 1299 1281 1364 aedem
1329 1297 1638 1366 Graecam
1684 1299 2172 1385 pseudodiptero
2222 1307 2483 1383 excepta
2526 1300 2696 1362 inter
2744 1319 2881 1382 spe·

515 1405 640 1468 cies
686 1409 987 1488 quattuor
1030 1407 1221 1469 ionici
1265 1409 1516 1491 generis
1565 1405 1961 1470 offendimus.

601 1508 775 1574 Inter
842 1512 1046 1575 fontes
1114 1513 1401 1576 nominat
1467 1510 1782 1597 Apollinis
1852 1510 2074 1576 aedem
2133 1509 2347 1576 Mileti
2412 1531 2605 1595 quam
2660 1512 2889 1574 ionicis

513 1618 910 1702 symmetriis
968 1637 1005 1681 a
1065 1617 1338 1682 Paeonio
1386 1617 1763 1702 Daphnique
1810 1620 2176 1682 institutam
2228 1637 2360 1681 esse
2407 1621 2639 1682 narrat.
2686 1615 2760 1680 Si
2808 1638 2891 1680 ex

515 1722 616 1786 his
659 1722 870 1786 verbis
915 1725 1204 1806 sequitur
1249 1743 1398 1787 eum
1445 1723 1667 1788 aedem
1713 1725 1965 1786 novisse
1984 1771 2001 1799 ‚
2050 1721 2270 1806 quales
2312 1731 2519 1787 essent
2566 1723 2705 1788 eius
2748 1743 2896 1806 pro-

515 1829 816 1912 prietates
858 1830 1026 1893 inter
1071 1829 1471 1894 scribendum
1519 1827 1757 1894 oblitus
1803 1837 1917 1893 est.
1960 1827 2351 1913 Magnopere
2389 1830 2561 1892 enim
2602 1826 2767 1893 libro
2792 1826 2896 1891 ΠΙ

516 1933 892 1999 offendimur
959 1932 1244 2020 legentes
1312 1935 1588 2019 dipteros
1660 1934 1842 2000 aedes
1921 1955 2054 1999 esse
2118 1934 2485 2021 octastylos.
2560 1933 2633 1998 Id
2702 1933 2899 2019 plane

517 2039 752 2106 falsum
818 2060 951 2105 esse
997 2043 1124 2104 viri
1171 2041 1340 2106 docti
1383 2043 1514 2106 iam
1562 2051 1707 2106 ante
1754 2042 1997 2106 multos
2035 2063 2231 2106 annos
2278 2041 2897 2106 animadverterunt.

518 2144 783 2213 Constat
844 2148 1016 2212 enim
1088 2148 1252 2212 inter
1314 2167 1530 2212 omnes
1577 2147 1739 2212 hanc
1786 2146 2006 2212 aedem
2055 2147 2345 2232 dipteron
2392 2150 2583 2212 ionici
2628 2151 2897 2234 generis

517 2253 710 2318 fuisse
750 2251 1137 2338 decastylon.

607 2356 811 2423 Aedes
873 2357 952 2422 ad
1015 2361 1310 2443 speciem·
1348 2361 1735 2444 pertinentes
1795 2380 1937 2424 eam
1991 2380 2149 2444 quae
2204 2359 2439 2424 dicitur
2484 2359 2769 2446 eustylos
2810 2361 2901 2425 ad

515 2465 826 2548 principia
873 2464 1074 2528 factae
1120 2485 1253 2530 esse
1292 2464 1591 2529 videntur
1634 2467 1770 2529 tria.
1812 2464 2317 2549 Distinguuntur
2355 2471 2545 2550 prout
2570 2465 2899 2531 habebant

516 2577 630 2635 aut
675 2574 975 2655 quattuor
1013 2575 1126 2635 aut
1163 2592 1272 2635 sex
1312 2577 1424 2635 aut
1457 2577 1595 2636 octo
1637 2570 1963 2636 columnas
2000 2573 2067 2634 in
2100 2570 2323 2636 fronte.
2349 2570 2601 2636 Harum
2626 2570 2895 2637 aedium

515 2675 852 2742 modulum
925 2676 1128 2741 tribus
1203 2677 1409 2741 modis
1479 2677 1747 2743 diversis
1816 2679 2118 2742 constitui
2178 2677 2357 2742 iubet
2426 2677 2897 2764 Hermogenes.

515 2782 738 2848 Nonne
786 2782 1058 2848 eundem
1101 2785 1168 2846 in
1213 2783 1481 2847 modum
1521 2782 1854 2847 Vitruvius
1911 2783 2302 2869 distinguere
2358 2783 2657 2848 debuerat
2704 2783 2901 2850 aedes

514 2891 782 2964 ionicae,
847 2909 1006 2972 quae
1079 2890 1394 2974 pertinent
1464 2888 1542 2954 ad
1616 2887 1901 2975 singulas
1970 2891 2205 2973 species
2274 2887 2591 2974 reliquas?
2664 2889 2903 2954 Nonne

518 2995 800 3059 diversae
859 2994 1097 3059 formae
1154 2994 1414 3058 fuenmt
1459 2998 1526 3059 in
1575 2997 1668 3060 eis
1715 2995 1975 3060 aedibus
2020 2997 2245 3059 ionicis
2265 3043 2278 3067 ,
2326 3015 2593 3079 quarum
2649 2998 2902 3081 species

516 3099 914 3187 appellantur
973 3100 1385 3186 pycnostylos
1399 3149 1415 3178 ,
1466 3100 1747 3188 systylos
1761 3150 1778 3178 ,
1830 3098 2137 3187 diastylos
2156 3149 2171 3176 ‚
2228 3099 2656 3188 araeostylos?
2720 3100 2903 3181 Quid

517 3210 727 3271 movit
793 3205 1167 3271 Vitruvium
1229 3213 1304 3270 ut
1364 3229 1500 3272 rem
1565 3210 1728 3272 tanti
1790 3210 2101 3272 momenti
2164 3205 2416 3273 silentio
2475 3207 2901 3292 praeteriret?

517 3312 698 3378 Nihil
715 3361 728 3386 ‚
794 3315 1037 3397 opinor,
1101 3316 1226 3377 nisi
1285 3316 1522 3378 artium
1591 3313 2192 3378 mathematicarum
2266 3315 2353 3378 im
2364 3315 2589 3398 peritia
2608 3362 2625 3391 ,
2696 3335 2901 3399 quam

519 3418 974 3485 animadvertit
1033 3419 1203 3504 apud
1263 3419 1599 3485 Romanos.
1666 3421 2142 3485 Documentum
2188 3425 2285 3483 est
2330 3418 2507 3484 locus
2526 3469 2543 3496 ,
2596 3421 2707 3484 ubi
2750 3424 2902 3506 agit

520 3526 596 3591 de
657 3528 853 3590 variis
915 3525 1266 3611 disciplinis
1329 3527 1560 3611 quibus
1609 3525 1949 3590 architecto
1998 3546 2157 3610 opus
2202 3533 2317 3589 est.
2366 3525 2470 3591 Sic
2518 3529 2691 3591 enim
2735 3524 2901 3612 legi-

521 3654 666 3698 mus
708 3632 870 3697 libro
916 3630 964 3695 Ι.
1017 3631 1089 3695 1:
1141 3631 1593 3717 „difficilesque
1640 3634 2165 3718 symmetriarum
2204 3634 2599 3716 quaestiones
2641 3653 2901 3718 geome-

521 3742 698 3805 tricis
743 3738 1094 3804 rationibus
1138 3745 1202 3802 et
1246 3738 1563 3803 methodis
1607 3739 2086 3802 inveniuntur”.
2134 3737 2258 3802 Hic
2312 3759 2467 3824 rogo
2522 3737 2676 3823 quid
2709 3737 2898 3802 libris

525 3846 620 3912 111
680 3851 745 3910 et
807 3844 893 3908 IV
953 3847 1262 3929 scriptum
1325 3847 1407 3908 sit
1426 3894 1441 3921 ,
1505 3843 1672 3928 quod
1730 3847 2153 3929 suspicionem
2199 3851 2451 3910 moveat
2500 3847 2897 3928 quaestiones

525 3954 1053 4039 symmetriarum
1113 3951 1310 4014 fuisse
1367 3949 1651 4014 difficiles
1718 3949 2120 4035 diversasque
2184 3952 2500 4015 exstitisse
2562 3949 2896 4015 methodos

525 4059 754 4144 quibus
819 4077 926 4122 eae
991 4059 1384 4140 quaestiones
1449 4055 1866 4120 solverentur.
1913 4055 2056 4121 Non
2104 4055 2313 4120 solum
2364 4059 2755 4141 quaestiones
2803 4057 2897 4120 ibi

525 4186 650 4230 non
709 4165 1111 4249 reperiuntur
1169 4161 1452 4227 difficiles
1473 4210 1488 4239 ‚
1539 4162 1649 4227 sed
1684 4183 1773 4226 -ne
1822 4165 2216 4246 quaestiones
2264 4162 2525 4248 quidem
2572 4182 2731 4247 quae
2778 4161 2899 4227 dif-

526 4268 828 4336 ficultatis
897 4271 1174 4353 speciem
1243 4268 1600 4352 praebeant.
1673 4269 2149 4353 Argumentum
2215 4289 2437 4333 eorum
2482 4267 2893 4333 voluminum

527 4377 803 4441 duorum
863 4381 1105 4438 constat
1167 4395 1245 4438 ex
1301 4375 1518 4458 paucis
1581 4372 2196 4458 simplicissimisque
2254 4373 2853 4458 praescriptionibus
2874 4423 2889 4452 ,
