3192 5009
1104 271 1397 320 officum
1440 271 1800 319 summm.
2509 249 2638 316 349

306 437 383 505 cf.
436 437 463 502 1
505 435 603 502 55.
635 437 743 502 90.
771 436 877 502 94.
911 435 1059 503 198.
1087 437 1243 502 201.
1269 436 1421 502 240.
1451 435 1606 502 272.
1633 435 1786 502 295.
1817 436 1968 502 326.
2033 435 2098 500 11
2148 433 2295 501 198.
2323 433 2478 500 220.
2541 433 2638 499 III

304 541 427 608 349.
452 540 571 608 739
596 542 699 620 al„
748 547 815 608 in
862 564 1135 628 quorum
1183 549 1399 608 tamen
1448 563 1716 609 numero
1763 549 1913 606 sunt
1951 545 2064 627 qui
2101 540 2264 606 nihil
2299 539 2636 605 offendant.

300 637 439 714 Ante
492 669 777 714 caesuras
800 699 816 725 ,
884 655 959 713 ut
1020 653 1087 713 in
1150 651 1355 715 veteri
1414 651 1626 733 poesi,
1693 669 1877 734 saepe
1924 650 2050 713 arsi
2096 648 2470 733 producitur
2513 646 2641 732 syl-

298 754 415 820 laba
452 756 653 820 brevis
672 804 687 832 ‚
740 757 938 820 etiam
983 760 1130 821 ante
1172 754 1485 820 diaeresin
1532 756 2040 820 semitm-nariam
2059 803 2074 830 ,
2123 760 2199 820 ut
2244 753 2276 816 I
2327 750 2451 817 181

526 863 593 926 οὐ
640 861 907 938 κλαίετ’,
954 860 1217 933 ἄλλυδις
1258 858 1457 926 ἄλλου
1504 859 1770 934 dormiet,-
1815 860 1993 925 ἀλλὰ
2039 862 2301 938 γελᾶτε.

297 964 374 1032 Of.
415 965 471 1030 11
516 965 573 1031 6.
604 965 757 1030 323.
788 963 941 1032 347.
988 965 1083 1031 ΠΙ
1133 965 1239 1031 33.
1268 965 1420 1032 302.
1450 965 1604 1032 396.
1635 966 1786 1032 536.
1816 963 1967 1031 726.
1997 963 2126 1031 759
2172 965 2253 1030 al.

368 1070 709 1158 Depravata
756 1077 851 1136 est
896 1070 1084 1136 lectio
1126 1071 1221 1137 III
1266 1071 1397 1137 816

530 1175 705 1242 ἔσται
755 1200 800 1254 y
824 1178 913 1255 ἄρ
959 1175 1093 1242 ’ὅτε
1142 1177 1367 1252 κόσμος
1418 1172 1553 1250 ὅλος
1604 1178 1944 1256 ‘imptis-noc
1995 1175 2240 1256 ἀνδρῶν,

291 1283 383 1346 ubi
434 1281 571 1368 lege
627 1303 779 1348 cum
837 1281 1165 1349 Meinekio
1208 1281 1325 1362 vap
1373 1281 1518 1347 τότε
1566 1289 1632 1348 et
1675 1282 1764 1347 IV
1815 1282 1964 1359 111,
2011 1282 2124 1348 ubi
2169 1285 2236 1347 in
2285 1282 2451 1348 thesi
2495 1303 2636 1366 pro-

288 1386 513 1452 ducitur
552 1389 763 1453 brevis
811 1387 1055 1475 syllaba
1099 1395 1244 1454 ante
1290 1389 1644 1455 bucolicam
1689 1408 2014 1454 caesuram

522 1491 799 1570 ὄμμασιν
838 1495 897 1558 ἐν
944 1495 1209 1571 θνητοῖς,
1258 1496 1327 1559 οὗ
1374 1493 1739 1560 πλασθέντα
1786 1495 1924 1574 χερὶ
1972 1495 2196 1574 θνητῷ,

283 1618 449 1682 quem
492 1598 707 1664 locum
754 1599 920 1664 infra
966 1603 1286 1685 corrigam
1333 1602 1401 1664 in
1445 1605 1628 1685 parte
1672 1602 1908 1664 critica.

356 1703 569 1768 macae
628 1705 839 1770 brevis
904 1704 1185 1792 syllabae
1248 1709 1317 1770 in
1377 1707 1480 1770 his
1524 1705 1915 1771 carminibus
1934 1755 1948 1782 ,
1998 1711 2074 1770 ut
2119 1704 2309 1771 hodie
2357 1712 2636 1770 correcta

276 1815 441 1894 sunt,
486 1831 611 1875 non
658 1817 756 1875 est
803 1810 1150 1876 admodum
1198 1812 1525 1898 frequens;
1570 1815 1640 1874 in
1689 1817 1823 1877 toto
1869 1811 2030 1876 libro
2077 1809 2230 1876 VIII
2275 1809 2432 1891 (501
2485 1816 2636 1874 sunt

272 1921 427 1993 vsa),
484 1918 607 1980 nisi
673 1916 831 1982 forte
890 1937 1073 1981 mens
1135 1915 1429 2002 oculique
1490 1915 1817 2004 legentem
1867 1915 2232 1982 fefellerunt
2248 1965 2264 1994 ‚
2311 1937 2632 2002 nusquam

278 2023 583 2104 reperitur.

342 2123 529 2190 Extat
582 2131 837 2191 eutem:

274 2229 325 2307 1)
376 2238 514 2296 ante
582 2232 893 2298 vocabula
962 2233 1274 2318 quaedam
1357 2255 1517 2318 quae
1589 2234 1761 2321 apud
1834 2234 2201 2299 Homerum
2275 2233 2630 2318 praefixum

383 2337 737 2403 habuerunt
804 2337 1169 2425 digamma,
1240 2346 1316 2404 ut
1386 2337 1551 2416 ἅναξ
1619 2339 1714 2404 ΠΙ
1782 2338 1886 2404 15.
1961 2339 2018 2403 V
2086 2337 2232 2404 157.
2312 2338 2410 2404 XI
2473 2336 2626 2405 270.

380 2440 533 2507 XIII
604 2440 751 2520 172,
813 2439 1073 2516 ἕκαστος
1136 2442 1167 2508 I
1214 2444 1368 2510 213.
1430 2444 1485 2508 V
1531 2444 1639 2510 80.
1669 2445 1822 2510 402.
1863 2444 1967 2523 al„
2029 2443 2199 2525 ἔργον
2249 2443 2346 2508 ΙΠ
2393 2443 2526 2509 250
2545 2443 2623 2525 (Y)

384 2545 433 2608 V
476 2546 624 2612 193.
668 2547 819 2612 XIV
853 2547 1007 2621 321.
1048 2549 1277 2614 ἰδέσθαι
1320 2549 1374 2614 V
1416 2549 1567 2627 333,
1611 2552 1662 2614 οἱ
1705 2550 1758 2612 V
1794 2549 1946 2615 415.
1974 2550 2078 2628 al„
2117 2548 2322 2630 ἓοργεν
2364 2549 2491 2614 XH
2518 2549 2624 2614 94.

380 2651 527 2716 XIV
577 2652 730 2729 253,
780 2653 946 2726 εἴδεός
996 2655 1127 2718 XII
1163 2655 1316 2721 256.
1368 2655 1648 2720 Fallitur
1685 2655 2048 2722 Volkmann
2085 2678 2148 2742 p.
2177 2657 2218 2720 8
2259 2655 2626 2743 Sibyllistas

378 2758 537 2822 hanc
577 2756 903 2824 licentiam
952 2760 1032 2824 ad
1084 2763 1346 2845 quaevis
1396 2765 1674 2847 aspirata
1717 2761 2118 2828 transtulisse
2165 2763 2564 2828 contendens.

266 2859 323 2938 2)
374 2865 437 2926 in
498 2881 721 2928 versus
787 2867 965 2930 exitu
1026 2869 1094 2929 in
1156 2866 1453 2930 formulis
1517 2869 1686 2932 κατὰ
1740 2863 1904 2945 ἦμαρ
1954 2867 2050 2932 ΠΙ
2096 2866 2228 2932 229
2278 2871 2343 2932 et
2390 2865 2626 2932 ἄλλοτε

378 2964 541 3042 ἄλλη
592 2967 690 3033 XI
742 2966 892 3046 167,
934 2977 1011 3034 ut
1054 2973 1123 3034 in
1172 2971 1396 3056 hymn.
1447 2971 1533 3035 H.
1584 2975 1653 3035 in
1699 2971 1898 3038 Merc.
1949 2972 2100 3039 558.

268 3069 323 3150 3)
374 3081 512 3158 post
560 3095 891 3140 caesuram
938 3099 1107 3140 κατα
1150 3075 1347 3154 τρίτον
1386 3085 1680 3158 τροχαῖον
1719 3077 1782 3142 II
1823 3075 1976 3143 277.
2017 3077 2113 3142 ΙΠ
2155 3077 2260 3143 59.
2288 3076 2440 3144 373.
2467 3078 2621 3144 810.

375 3179 459 3244 IV
501 3179 653 3246 165.
686 3180 835 3245 180.
876 3179 965 3244 VI
995 3182 1143 3247 119.
1190 3181 1340 3248 XIV
1366 3181 1519 3249 267.
1547 3183 1629 3249 al.
1655 3185 1810 3250 Loci
1833 3185 1930 3249 XI
1957 3184 1999 3250 2
2023 3187 2264 3250 incerta
2287 3189 2620 3270 scriptura.

266 3281 322 3362 4)
376 3293 519 3350 ante
564 3285 922 3352 bucolicam
966 3287 998 3351 I
1049 3287 1152 3351 10.
1206 3287 1269 3352 II
1320 3289 1454 3354 212
1480 3289 1636 3355 222.
1685 3289 1776 3354 ΠΙ
1823 3290 1956 3355 250
1975 3289 2075 3371 (ἵ).
2108 3289 2256 3355 192.
2287 3288 2620 3356 301.813.

374 3389 457 3454 IV
510 3390 613 3456 19.
642 3391 751 3457 42.
785 3392 933 3456 111.
967 3392 1118 3458 138.
1185 3393 1240 3457 V
1288 3392 1441 3460 276.
1510 3393 1647 3459 VII.
1701 3393 1806 3461 78.
1888 3396 2016 3460 XII
2071 3395 2199 3461 188
2262 3403 2434 3476 (ante
2498 3399 2622 3476 ἑοῦ)

376 3495 525 3562 238.
553 3493 709 3562 276.
757 3496 860 3560 Fr.
908 3497 1003 3561 III
1057 3497 1159 3562 10.

266 3597 323 3676 5)
374 3609 513 3667 ante
560 3605 1069 3668 semiternariam
1086 3653 1103 3680 ,
1151 3604 1349 3669 simul
1395 3606 1706 3691 producta
1751 3606 2014 3694 syllaba.

266 3701 321 3782 6)
372 3714 511 3791 post
572 3710 844 3772 tertium
904 3707 1237 3794 dactylum
1301 3709 1363 3774 H
1411 3710 1544 3776 250
1609 3711 1748 3777 loco
1797 3715 1908 3776 vix
1956 3733 2139 3790 sanc,
2190 3713 2266 3779 de
2315 3737 2439 3800 quo
2487 3717 2618 3782 vid.

374 3832 513 3897 pars
560 3815 781 3878 critica
796 3834 813 3891 ;
866 3813 1143 3879 alterum
1193 3814 1318 3878 XII
1368 3815 1496 3880 251
1545 3821 1676 3882 iam
1727 3821 2001 3882 correxit
2048 3818 2269 3884 editor.

266 3909 320 3990 7)
374 3922 516 4000 post
584 3921 871 4002 primum
939 3919 1167 4004 pedem
1232 3927 1379 3986 ante
1447 3926 2028 4008 interpunctionem
2099 3923 2194 3989 III
2262 3925 2380 4003 1ος
2451 3926 2620 3994 locos

374 4021 515 4086 XIV
576 4021 678 4088 17.
713 4019 840 4089 177
884 4031 1053 4090 recte
1098 4031 1349 4092 curavit
1394 4029 1603 4093 Raach
1651 4029 1983 4094 inserenda
2029 4031 2256 4096 vocula
2301 4029 2374 4095 δ’.

172 4177 189 4194 .
335 4124 516 4192 Haud
562 4132 655 4193 ita
702 4149 841 4193 raro
890 4130 1121 4195 vocula
1168 4133 1278 4196 καί
1325 4135 1392 4196 in
1442 4133 1610 4198 thesi
1656 4139 1800 4198 ante
1839 4133 2127 4200 vocalem
2164 4135 2428 4223 long-am
2468 4139 2619 4204 facit

262 4229 571 4314 syllabam.
621 4231 719 4300 Cf.
772 4233 803 4298 I
846 4233 997 4301 367.
1047 4235 1141 4300 ΠΙ
1182 4236 1289 4302 46.
1339 4237 1428 4302 IV
1468 4237 1574 4304 59.
1620 4239 1673 4303 V
1715 4239 1868 4304 205.
1911 4239 2062 4304 VIII
2103 4241 2254 4306 311.
2283 4241 2434 4308 339.
2465 4243 2616 4310 467.

266 4332 331 4398 al.
368 4337 606 4406 Eadem
654 4344 1024 4426 saepissime
1066 4343 1217 4408 facit
1264 4348 1486 4440 cresin.
