3192 5009
595 252 724 319 198
1128 310 1135 317 .
1494 272 1698 320 smus
1741 270 2058 319 rumcns.

586 458 857 523 rumque
918 439 1191 503 verbum
1252 439 1401 501 levis
1466 459 1616 502 cum
1664 442 1966 525 genetivo
2012 441 2278 524 iungere
2327 441 2591 503 constet.
2641 435 2765 501 Sed
2819 436 2892 499 h.
2923 434 2994 511 1.,

586 550 663 609 ut
719 545 885 608 mihi
950 544 1209 629 quidem
1270 546 1545 621 videtur,
1611 545 1786 609 bellis
1831 567 1955 610 non
2003 545 2238 629 pendet
2286 566 2321 609 e
2367 544 2558 609 verbo
2608 542 2823 619 levior,
2881 542 3000 607 sed

586 672 737 715 cum
775 651 969 715 verbo
1009 650 1283 713 densavit
1317 650 1721 737 iungendum
1762 659 1876 716 est.
1928 651 2046 716 Est
2085 654 2316 716 tertius
2357 672 2538 715 casus
2565 658 2753 736 atque
2781 652 2998 735 signi-

586 756 733 823 ficat
776 759 860 820 ad
902 757 1078 820 bella.
1131 754 1227 823 Of.
1269 779 1365 821 vs.
1410 755 1578 821 546:
1621 756 1826 822 laetos
1867 760 2126 823 rectoris
2167 758 2483 823 formabat
2520 755 2731 842 Scipio
2777 755 2994 818 bellis,

678 974 845 1041 582:
948 973 1067 1041 Ille
1116 981 1180 1041 et
1226 980 1536 1062 pugnacis
1584 975 1877 1043 laudavit
1926 977 2048 1041 tela
2096 976 2343 1042 Salerni

946 1082 1226 1145 Faleatos
1270 1103 1449 1147 enses
1474 1132 1490 1160 ,
1543 1121 1629 1131 —
1679 1120 1764 1131 —-
1817 1122 1902 1132 —-

584 1186 675 1252 Ut
718 1187 913 1252 verba
957 1208 1147 1261 nunc⁵
1168 1186 1496 1274 leguntur,
1521 1188 1808 1275 falcatos
1848 1210 2009 1252 emes
2048 1192 2416 1274 appositum
2456 1196 2552 1255 est
2571 1190 2790 1255 'verbo
2838 1189 2986 1252 tela.

584 1292 710 1358 Sed
757 1313 935 1358 enses
985 1292 1111 1357 tela
1155 1314 1284 1359 11011
1330 1314 1465 1358 esse
1506 1315 1695 1359 nemo
1734 1297 2008 1380 ignorat.
2061 1293 2334 1381 Legitur
2374 1296 2545 1381 apud
2581 1294 2772 1382 Verg.
2820 1298 2988 1361 Aen.

582 1398 722 1465 VH.
776 1396 906 1465 '730
930 1419 1103 1484 sqq.:

948 1542 1033 1554 —-
1083 1543 1170 1554 —
1216 1510 1447 1571 teretes
1494 1510 1646 1571 sunt
1693 1506 1920 1570 aclides
1965 1506 2096 1571 illis

953 1611 1096 1674 Tela
1144 1648 2184 1662 ————————

946 1754 1575 1767 ——————
1607 1719 1855 1805 falcati
1905 1722 2265 1785 comminus
2313 1742 2494 1784 enses.

590 1824 735 1887 Tela
797 1829 862 1889 et
925 1846 1088 1887 enses
1150 1826 1495 1910 separatim
1560 1827 1922 1890 enumerari
1967 1826 2284 1892 videmus,
2335 1824 2537 1892 Cuius
2585 1829 2677 1891 rei
2723 1828 2978 1890 ratione

582 1929 800 1994 habita
862 1929 1031 2015 apud
1093 1935 1387 1994 nostrum
1448 1929 1798 2017 legendum
1853 1931 2145 1997 videtur:
2178 1933 2573 2018 falcato-sque
2621 1954 2807 1995 enses.
2880 1928 2977 1997 Os.

584 2038 783 2101 etiam
830 2035 948 2101 Sil.
996 2035 1111 2100 III.
1163 2032 1294 2101 277
1321 2058 1413 2121 sq.
2447 2040 2452 2045 ’

675 2238 841 2304 619:
949 2239 1171 2304 Tantis
1218 2241 1588 2326 agminibus
1635 2241 1898 2304 Rhoeteo
1945 2240 2125 2306 bitere
2171 2242 2493 2328 quondam

941 2345 1247 2424 Fervere,
1298 2368 1448 2412 cum
1493 2367 1767 2433 magnae
1816 2345 2073 2413 Troiam
2115 2352 2406 2414 invasere
2457 2350 2786 2434 Mycenae,

938 2451 1124 2517 Mille
1170 2458 1338 2517 rates
1386 2452 1551 2517 vidit
1601 2452 1952 2518 Leandrius
1997 2452 2475 2539 Hellespontus.
2757 2438 2764 2441 ’

576 2560 834 2623 Fervere
878 2566 1038 2622 rates
1078 2558 1256 2622 litere
1301 2558 1476 2623 idem
1522 2559 1880 2645 significare
1923 2559 2094 2643 quod
2135 2562 2420 2638 „fervere
2463 2561 2619 2626 litus
2659 2562 2968 2637 ratibus”,

576 2664 749 2751 quod
808 2664 1133 2729 contendit
1193 2665 1543 2750 Rupertius
1560 2713 1577 2741 ,
1645 2664 1816 2729 haud
1881 2663 2068 2730 facile
2115 2669 2469 2752 quisquam·
2503 2668 2669 2732 mihi
2718 2688 2972 2753 persua-

578 2772 752 2834 serit.
803 2768 998 2841 Recte
1046 2768 1434 2834 Schraderus
1480 2770 1694 2856 legere
1741 2769 2001 2835 videtur
2043 2772 2342 2835 Rhoeteia
2380 2773 2586 2837 litora.
2633 2773 2967 2839 Praeterea

575 2875 1047 2941 emendandum
1104 2896 1322 2941 censeo
1374 2876 1668 2961 Mycenae
1717 2882 1892 2953 (et).
1947 2874 2043 2942 Of.
2095 2876 2252 2942 Hor.
2304 2877 2515 2945 Oarm.
2565 2878 2648 2943 H.
2701 2879 2761 2945 6.
2818 2879 2860 2945 2
2907 2884 2968 2943 et

576 2982 799 3049 Barth.
852 2982 932 3046 ad
978 2980 1095 3047 Sil.
1146 2980 1231 3046 X.
1286 2980 1438 3046 641.

662 3202 832 3297 6320:
943 3203 1271 3283 Quaesivit
1320 3200 1604 3278 Calaber,
1657 3199 1970 3266 subducta
2015 3181 2158 3267 luce
2206 3209 2462 3285 repente

936 3308 1247 3372 Immeneis
1293 3308 1571 3373 tenebris
1592 3356 1610 3385 ,
1661 3312 1726 3371 et
1771 3314 2014 3373 terram
2060 3314 2128 3373 et
2172 3306 2366 3373 litora
2413 3306 2627 3393 Sipus.

564 3418 638 3482 In
725 3416 920 3483 verbo
1010 3414 1308 3478 immensis
1383 3413 1646 3478 haerent
1713 3416 2114 3499 interpretes.
2201 3413 2281 3478 N.
2355 3414 2664 3478 Heinsius
2735 3412 2961 3477 conicit

563 3523 837 3600 emersis,
923 3520 1259 3586 Nodellius
1336 3518 1725 3584 Schraderus
1803 3518 2184 3585 Lefeburius
2269 3520 2590 3583 immersus.
2676 3518 2958 3598 Quorum

568 3631 867 3715 quamvis
917 3630 1278 3692 coniectura
1323 3627 1532 3710 primo
1581 3624 1884 3709 adspectu
1934 3626 2210 3691 arridere
2256 3628 2461 3709 possit
2479 3674 2494 3702 ,
2547 3630 2759 3689 tamen
2799 3618 2959 3687 nihil

572 3734 964 3802 mutandum
1010 3733 1287 3798 videtur.
1338 3730 1664 3795 Imm-eneae
1711 3733 1884 3795 enim
1932 3732 2204 3795 tenebrae
2249 3734 2490 3817 optime
2535 3731 2852 3795 dicuntur.

663 3953 763 4017 Ex
835 3952 1059 4017 alienis
1132 3951 1680 4018 emendationibus
1717 3954 1816 4027 ⁴in
1887 3949 2085 4016 libros
2156 3950 2276 4015 VII
2342 3956 2408 4016 et
2468 3949 2619 4015 VIII
2681 3954 2951 4017 maxime

573 4058 1107 4124 commendandae
1154 4059 1454 4139 videntur
1503 4059 1658 4123 hae:
2233 4138 2236 4142 ¹

657 4162 795 4227 VII.
849 4162 972 4227 46:
1041 4186 1429 4248 quaec-umque
1488 4163 1593 4242 (N.
1643 4163 2011 4243 Heinsius);
2081 4160 2164 4228 74
2213 4169 2429 4226 matres
2477 4162 2910 4243 (Schraderus)
2927 4179 2940 4236 ;

562 4292 658 4335 vs.
701 4266 783 4334 75
846 4271 987 4334 iure
1046 4271 1362 4355 expungit
1423 4268 1773 4354 Rupertius
1791 4289 1807 4346 ;
1879 4267 2042 4333 139:
2081 4269 2316 4351 passim
2361 4268 2414 4332 it
2462 4269 2823 4349 (Bothius)‚
2869 4264 2942 4331 cs.

562 4376 756 4461 Verg.
805 4376 962 4439 Aen.
1016 4374 1187 4440 VIII.
1242 4372 1407 4455 726;
1465 4373 1630 4441 165:
1681 4375 1916 4440 nulhcm
1964 4375 2224 4456 (idem);
2280 4374 2443 4440 168:
2494 4398 2645 4439 uvae
2689 4374 2938 4455 (idem);
