3192 5009
519 266 650 334 332
1447 287 1961 336 rnnorflmsrus.

517 453 550 517 δ
567 453 590 515 ί
607 477 808 526 τους.
879 451 1059 518 Itane
1130 455 1266 524 τοὺς
1339 451 1913 533 Ἐρμαφροδῖτουςῖ
1998 453 2187 518 Latet
2258 451 2517 540 aliquod
2582 449 2887 516 Mercurii

515 566 1012 648 cognomentum
1055 559 1261 626 veluti
1308 559 1447 630 τοὺς
1491 559 1798 637 Ἑρμᾶς
1848 559 2224 630 ἐνοδίους.

607 665 761 752 Cap.
819 665 921 732 17.
969 669 1440 746 μεμψιμοιρίας.

607 774 710 838 καὶ
757 775 899 852 πρὸς
951 773 1052 837 τὸν
1101 771 1659 853 εὐαγγελιζόμενον
1705 769 1798 837 ὅτι
1849 772 2013 851 »υἱός
2056 795 2143 837 σοι
2184 771 2487 849 reymest
2528 773 2718 835 εἰπεῖν
2754 766 2885 833 ὅτι·

519 879 638 958 „clxv
701 882 991 958 προσθῇς·
1057 882 1161 944 καὶ
1229 887 1336 950 τῆς
1401 879 1612 949 οὐσίας
1676 878 1745 942 τὸ
1810 876 1997 954 ἥμισυ
2044 878 2376 955 ἄπες-ιν,
2426 879 2623 950 ἀληθῆ
2674 875 2891 954 ε’ρεῒς”.

515 986 723 1052 Immo
772 985 1112 1063 ἀπόλωλεν,
1160 984 1437 1053 Cobetus
1477 990 1586 1051 ait.
1628 986 1822 1052 Recte
1862 986 1941 1052 ad
1984 990 2365 1052 sententiam
2384 1035 2399 1064 ‚
2445 1005 2641 1071 quam
2676 991 2891 1049 tamen

516 1116 666 1160 cum
734 1095 978 1158 minore
1046 1093 1380 1160 molimine
1451 1115 1821 1180 recuperare
1892 1093 2129 1159 licebit.
2204 1093 2277 1157 In
2338 1091 2551 1158 codice
2599 1090 2889 1156 Palatino

516 1223 644 1266 non
701 1200 924 1268 ἄπες-ιν
984 1206 1116 1278 est,
1183 1199 1292 1266 sed
1357 1199 1617 1278 ἄπες-ην,
1682 1200 1851 1285 quod
1912 1222 2107 1265 manu
2172 1199 2351 1265 ducit
2394 1199 2474 1264 ad
2525 1200 2891 1272 ἀπέστη,

518 1307 1057 1393 quemadmodum
1115 1306 1286 1392 apud
1346 1306 1800 1392 Alciphronem
1846 1305 1909 1370 II
1960 1307 2001 1371 2
2049 1305 2385 1392 aliquando
2432 1327 2546 1391 pro
2596 1307 2893 1372 ἀναςᾶσα

515 1415 768 1498 reposui
829 1415 1196 1478 ἁναπτᾶσα.
1260 1414 1472 1479 Attice
1537 1412 1878 1478 dicendum
1942 1411 2170 1478 fuisset
2218 1413 2539 1476 ἀπέπτετο
2560 1461 2577 1488 ,
2628 1410 2737 1476 sed
2782 1411 2895 1494 qui

517 1523 785 1606 script-or
832 1540 945 1604 pro
989 1521 1182 1584 εἰπεῖν
1229 1527 1536 1606 perpetuo
1577 1516 1747 1582 εἶπαι
1790 1519 1987 1596 dixit,
2032 1519 2198 1604 quod
2234 1522 2371 1605 ipse
2409 1516 2689 1585 Cobetns
2726 1513 2895 1602 apud

517 1625 1032 1710 Theophrastum
1093 1623 1391 1690 toleravit
1451 1623 1696 1689 Mnem.
1752 1623 1924 1690 1874
1971 1646 2033 1709 p.
2086 1623 2195 1702 48,
2259 1626 2319 1690 ei
2366 1643 2618 1710 quoque
2668 1631 2894 1694 πτῆναι

518 1754 631 1818 pro
681 1717 942 1795 ’πτέσθαι
989 1734 1342 1816 poterimus
1389 1723 1764 1815 relinquere.

611 1835 764 1923 Cap.
819 1836 922 1902 18.
971 1837 1258 1906 α’πιςίας.

611 1945 715 2006 καὶ
782 1944 889 2016 τὴν
934 1951 1210 2020 γυναῖκα
1261 1943 1369 2015 τὴν
1417 1943 1609 2006 αὑτοῦ
1651 1943 1876 2020 ἐρωτᾶν
1927 1945 2368 2016 κατακείμενος
2422 1943 2903 2022 (παρακείμενος

520 2050 786 2130 Herm),
827 2049 879 2114 εἰ
919 2050 1197 2113 κέκλεικε
1238 2050 1345 2122 τὴν
1373 2049 1633 2126 κιβωτὸν
1660 2049 1763 2113 καὶ
1790 2050 1840 2112 εἶ
1868 2051 2257 2124 σεσήμανται
2282 2049 2351 2112 τὸ
2394 2049 2905 2128 κυλιούχιον.

521 2156 680 2221 Vere
739 2156 902 2220 mihi
966 2159 1307 2221 correxisse
1368 2155 1588 2221 videor
1648 2171 1740 2219 κλ
1760 2181 1787 2219 ε
1807 2183 1824 2219 ι
1847 2155 1921 2220 δο
1943 2158 1977 2220 ύ
1998 2180 2172 2236 χιον
2194 2203 2211 2233 ,
2276 2155 2385 2220 sed
2432 2176 2569 2220 sero
2622 2156 2909 2240 comperi

522 2262 633 2327 diu
697 2269 840 2327 ante
888 2283 992 2327 me
1037 2265 1168 2326 iam
1215 2260 1641 2349 Sylburgium
1686 2264 1753 2325 in
1802 2262 2066 2326 eandem
2115 2264 2539 2346 suspicionem
2582 2259 2908 2325 incidisse.

521 2367 833 2434 Similiter
895 2390 1018 2453 quo
1082 2375 1365 2454 tempore
1425 2389 1554 2433 una
1614 2389 1763 2433 cum
1824 2367 2082 2433 Kiehlio
2146 2367 2584 2454 Theophrasto
2645 2387 2903 2451 operam

523 2475 752 2540 dabam
773 2522 789 2551 ,
837 2477 1070 2539 eximie
1115 2477 1172 2539 is
1219 2474 1384 2539 mihi
1423 2474 1858 2540 emendavisse
1902 2477 2080 2540 visus
2131 2481 2228 2540 est
2272 2496 2326 2539 c.
2378 2473 2499 2539 20:
2550 2473 2907 2549 ἀνάγεσθαι

521 2582 591 2654 331
661 2581 1009 2658 μέλλοντας
1080 2581 1331 2645 κωλύειν
1405 2582 1505 2644 καὶ
1579 2582 1916 2661 προσελθὼν
1988 2581 2221 2645 δεῖσθαι
2298 2583 2583 2660 ἐπισχεῖν
2654 2577 2763 2649 ἕως
2828 2577 2911 2643 ἂν

525 2687 1089 2764 περιπατήσῃ,
1154 2708 1304 2752 cum
1365 2695 1697 2773 reponeret
1746 2688 2281 2766 ἀποπατήσῃ,
2332 2687 2443 2752 sed
2491 2688 2609 2753 hoc
2654 2707 2913 2772 quoque

523 2793 912 2881 Sylburgius
981 2796 1116 2859 iam
1187 2796 1440 2878 reperit.
1501 2792 1742 2858 Verum
1803 2814 1918 2858 cur
1978 2792 2239 2858 tandem
2298 2793 2417 2858 hoe
2480 2792 2557 2858 ab
2607 2791 2913 2856 omnibns

525 2896 887 2984 spernitur?

612 3002 772 3069 Ibid.
823 3004 899 3068 ἂν
947 3002 1004 3069 δ’
1055 3002 1175 3081 ἄρα
1217 3030 1306 3076 τις
1351 3005 1559 3075 οἰκεῖος
1604 3003 1638 3086 ᾖ
1682 3005 1785 3068 καὶ
1827 3006 2171 3081 ἀναγκαῖος
2212 3003 2388 3078 μόνον
2428 3006 2495 3068 οὖ
2537 3007 2911 3082 πυρώσας

526 3112 629 3175 καὶ
697 3111 896 3184 ςήσας
962 3109 1064 3172 καὶ
1129 3111 1352 3190 σχεδὸν
1415 3113 1732 3188 ἐγγυητὴν
1794 3109 2009 3186 λαβὼν
2074 3120 2327 3189 χρῆσαι.
2394 3111 2655 3174 Praeter
2698 3129 2911 3173 unum

527 3217 806 3292 πυρώσας
870 3215 1116 3302 reliqua
1170 3223 1386 3302 aperta
1433 3224 1618 3282 sunt:
1668 3223 1959 3282 tenemus
2004 3217 2335 3281 hominem
2380 3219 2646 3281 minime
2692 3215 2913 3280 credu-

525 3324 666 3389 lum
688 3373 704 3400 ‚
771 3326 881 3408 qui
943 3329 1288 3408 antequam
1349 3327 1552 3389 amico
1616 3328 1917 3409 argentea
1963 3343 2116 3388 vasa
2162 3323 2554 3400 commodet,
2606 3321 2913 3408 ponderat

524 3433 594 3494 in
653 3432 896 3493 trutina
943 3451 1055 3494 nec
1105 3429 1300 3494 tradit
1344 3432 1466 3494 nisi
1517 3451 1813 3516 sponsore
1863 3429 2165 3494 adhibito.
2216 3427 2341 3494 Sed
2386 3429 2541 3514 quid
2586 3433 2685 3494 est
2731 3429 2911 3504 μόνον

528 3537 592 3598 οὐ
633 3533 957 3609 ‚rupea-aq?
1004 3535 1359 3600 Audiamus
1407 3535 1781 3623 Ussing-em:
1834 3537 2159 3613 „wopaina
2210 3541 2586 3620 corruptum
2630 3533 2909 3612 videtur,

527 3661 679 3706 nam
726 3640 897 3724 quod
943 3639 1246 3705 Blochius
1293 3644 1522 3718 vertit,
1575 3641 1698 3718 „ad
1746 3642 2071 3706 obrussam
2119 3640 2445 3726 exigens’',
2494 3640 2563 3705 id
2604 3661 2719 3705 nec
2756 3643 2909 3727 igne

527 3747 636 3824 fit,
709 3768 823 3812 nec
889 3748 1040 3833 igne
1110 3746 1394 3812 adhibito
1453 3767 1608 3812 vasa
1672 3768 1787 3812 sue
1855 3767 2256 3832 corrumpere
2329 3746 2563 3811 studet.
2636 3744 2911 3810 Orellius

530 3855 796 3918 coniecit
855 3853 1044 3928 ὄνομα
1115 3853 1464 3921 &vv-umine
1486 3876 1499 3889 ·
1567 3853 1677 3917 sed
1741 3875 1821 3918 ne
1876 3853 1995 3917 hoc
2043 3852 2301 3937 quidem
2347 3855 2482 3917 sine
2529 3853 2907 3918 detrimento

528 3979 831 4024 vasorum
899 3957 1036 4023 fieri
1097 3965 1341 4044 potest,
1406 3961 1530 4022 nisi
1593 3959 1757 4024 forte
1825 3957 2197 4038 ἐγχαράξας
2252 3959 2489 4023 scribas
2508 3979 2525 4037 ς
2591 3963 2909 4045 praeterea

531 4063 707 4140 μόνον
772 4065 835 4128 οὐ
903 4085 1016 4128 cur
1063 4070 1366 4142 tentetur,
1417 4063 1600 4130 nulla
1649 4085 1838 4129 causa
1884 4071 2001 4128 est.
2050 4063 2368 4149 Equidem
2413 4067 2687 4130 conieci:
2734 4071 2909 4139 μόνον

531 4172 598 4234 οὗ
662 4171 923 4251 τρυτάνῃ
987 4170 1252 4242 ςήσας”.
1327 4169 1458 4236 Nec
1517 4169 1843 4236 lenissima
1890 4173 2168 4235 mutatio
2214 4177 2311 4237 est
2360 4177 2425 4236 et
2474 4170 2627 4256 qnid
2672 4173 2907 4236 mirum

533 4280 587 4341 si
656 4275 766 4341 ille
835 4277 1057 4342 fecerit
1128 4277 1294 4362 quod
1314 4326 1330 4354 ,
1403 4279 1504 4341 uti
1577 4279 1817 4361 opinor,
1884 4275 2263 4362 diligentem
2324 4283 2577 4361 patrem
2638 4275 2907 4343 familias

534 4386 802 4447 minime
870 4382 1146 4447 dedecet.
1220 4381 1456 4448 Verum
1529 4403 1655 4448 non
1717 4380 1967 4448 difficile
2027 4385 2296 4448 inventu
2362 4389 2476 4448 est.
2547 4382 2645 4447 Ne
2710 4385 2904 4450 amico

3114 4639 3127 4926 1
