3192 5009
1208 236 1556 290 omunnus.
2436 217 2568 289 227

234 408 358 475 dine
419 407 759 485 libemset,
845 408 1100 473 etiamsi
1172 407 1331 472 hanc
1405 410 1822 472 contraxisset
1889 428 2004 471 suo
2074 413 2332 492 peccato
2349 454 2366 485 ‚
2445 428 2569 471 non

233 514 559 603 gulositatis
618 513 947 593 (BAEHRQ
1011 533 1215 597 neque
1259 511 1551 579 lectionis
1599 519 1665 578 et
1709 511 2079 599 gulositatis
2127 511 2390 593 (Rmsnt
2445 515 2574 589 „ei-

232 621 483 709 gentlich
517 620 653 686 sind
692 640 759 685 es
798 621 956 685 zwei
984 626 1258 701 peccata,
1301 617 1538 683 welche
1578 639 1673 683 vs.
1703 617 1742 683 9
1787 619 1919 683 und
1947 617 2028 683 11
2055 618 2569 703 aussprechen’')‚

233 728 325 793 sed
374 750 475 811 eo,
538 726 707 813 quod
778 728 1022 792 ventris
1088 725 1387 810 obsequio
1450 746 1564 811 per
1624 723 1967 789 lectionem
2025 727 2161 790 iam
2222 724 2572 789 adulatoris

232 836 415 897 vicem
454 837 763 918 praestare
808 831 1237 895 incohaverat.
1282 829 1506 916 Itaque
1553 852 1680 895 non
1721 830 2096 915 deprecatur
2133 833 2478 914 quominus
2517 832 2575 893 si

230 939 375 1003 idem
426 940 768 1024 peccaverit
828 944 1019 1021 atque
1080 936 1368 1001 eiusdem
1430 936 1710 1001 hominis
1767 935 1894 1001 alia
1939 939 2174 1021 scripta
2219 936 2459 1000 nefaria
2503 938 2574 999 in

230 1066 423 1109 manus
484 1046 781 1109 sumserit
844 1049 966 1123 (vs.
1034 1041 1166 1123 18),
1232 1041 1438 1108 denuo
1500 1041 1860 1129 applicetur
1922 1042 2145 1107 eadem
2209 1061 2444 1129 poena,
2505 1046 2572 1105 at

228 1173 329 1215 non
369 1150 513 1228 sibi,
562 1149 674 1215 sed
725 1148 933 1214 Sestio
984 1150 1277 1213 omnium
1323 1148 1558 1211 horum
1605 1148 1929 1212 malorum
1976 1150 2241 1213 auctori.

300 1256 469 1321 Hunc
530 1264 753 1321 autem
821 1254 1105 1320 Sestium
1169 1254 1443 1320 eundem
1505 1255 1704 1319 fuisse
1767 1261 1958 1340 atque
2021 1253 2332 1319 Publium
2376 1254 2571 1319 illum

230 1362 504 1439 Sestium,
569 1382 767 1447 quem
830 1382 886 1425 a.
940 1360 1023 1425 56
1089 1360 1166 1426 de
1213 1361 1466 1426 ambitu
1514 1366 1578 1425 et
1627 1360 1704 1424 de
1753 1362 1823 1425 vi
1871 1367 2241 1425 accusatum
2291 1360 2573 1425 defendit

232 1468 304 1531 M.
344 1466 577 1533 Tullius
596 1516 612 1545 ‚
676 1489 715 1533 a
762 1470 1017 1532 nemine
1062 1466 1193 1531 fere
1242 1466 1597 1550 dubitatur,
1648 1486 1852 1551 neque
1898 1470 2106 1552 potest
2153 1466 2434 1530 dubitari
2451 1515 2468 1543 ,
2519 1468 2577 1531 si

234 1593 627 1661 comparamus
693 1594 855 1660 quae
904 1573 981 1638 de
1027 1571 1207 1637 illius
1253 1571 1466 1636 indole
1518 1577 1584 1636 et
1631 1574 1884 1656 scriptis
1931 1571 2194 1636 tradidit
2240 1569 2459 1638 Cicero
2505 1576 2574 1637 in

235 1669 361 1764 Epp.
423 1680 497 1743 ad
564 1680 832 1745 fratrem
891 1678 956 1743 11
1006 1676 1066 1742 3.
1091 1677 1130 1742 5
1195 1689 1259 1743 et
1322 1676 1383 1741 4.
1413 1678 1473 1742 6.
1541 1676 1826 1742 Sestium
1892 1698 2075 1742 reum
2133 1684 2575 1764 aegrotantem

235 1785 411 1849 scribit
471 1806 537 1850 se
598 1789 893 1851 visitasse
950 1792 1194 1866 praeter
1254 1784 1552 1847 hominum
1615 1784 1952 1866 opinionem
1970 1833 1987 1862 ,
2038 1784 2142 1870 qui
2187 1807 2293 1847 nos
2339 1786 2396 1848 ei
2440 1786 2576 1849 iure

235 1912 517 1955 succensere
564 1893 890 1974 putabant.
949 1890 1389 1955 Nihilominus
1451 1892 1591 1954 eius
1653 1910 1911 1955 causam
1976 1893 2290 1975 suscepit,
2353 1914 2428 1954 ne
2476 1891 2608 1954 cui>

238 1996 400 2080 iniquo
454 1997 915 2083 relinqueremus
976 1996 1365 2079 vituperandi
1432 1996 1620 2058 locum
1638 2044 1655 2073 ,
1704 1996 1808 2079 qui
1852 2018 1959 2058 nos
2003 1997 2270 2076 inyratoe
2317 2018 2439 2060 3333
2486 1996 2578 2061 ὠί-

239 2109 384 2179 σενεί,
447 2102 566 2166 nisi
636 2103 894 2166 illius
946 2102 1579 2185 perversitatem
1654 2102 2122 2186 quibusdam
2191 2102 2274 2165 in
2341 2104 2575 2167 rebus
2690 2094 2698 2103 ⁸

240 2207 603 2273 humanissime
638 2210 957 2295 ferremus
974 2235 992 2271 .·
1038 2209 1187 2272 scito
1234 2210 1342 2271 hoc
1386 2230 1491 2271 nos
1535 2208 1606 2271 in
1652 2230 1717 2271 eo
1765 2208 1996 2271 iudicio
2040 2216 2372 2272 consecutos
2418 2231 2539 2272 8333
2558 2257 2574 2286 ,

244 2419 397 2483 nini
452 2422 913 2486 cumulatissime
964 2421 1117 2484 satie
1161 2421 1453 2506 fecimus.
1502 2420 1563 2483 N
1567 2442 1648 2485 on
1695 2426 1906 2485 tamen
1959 2418 2244 2484 Sestium
2290 2420 2576 2506 petulan-

244 2528 365 2589 tiam
418 2530 537 2593 oris
601 2529 896 2594 cohibere
956 2530 1241 2612 potuisse
1299 2547 1453 2614 erga
1496 2533 1846 2613 patronum
1892 2526 2075 2591 docet
2121 2527 2240 2612 Ep.
2291 2527 2371 2591 ad
2417 2530 2571 2594 fam.

246 2627 331 2693 VII
370 2630 464 2697 32.
493 2633 563 2698 1;
614 2634 727 2697 Ais
770 2633 925 2696 enim
942 2682 959 2710 ,
1006 2640 1074 2695 ut
1121 2656 1223 2713 eqo
1268 2632 1636 2696 discesserim
1655 2680 1672 2709 ,
1723 2631 1919 2695 omnia
1967 2633 2222 2694 omnium
2261 2632 2428 2696 dicta
2446 2682 2463 2711 ,
2503 2633 2574 2696 in

245 2734 313 2797 hia
346 2739 505 2801 etiam
547 2739 964 2816 Sestiana,
1016 2740 1083 2801 in
1130 2762 1217 2801 me
1263 2737 1555 2823 conferri.
1600 2736 1800 2817 Quale
1837 2739 2043 2822 igitur
2083 2737 2329 2803 dicendi
2366 2759 2574 2824 genus

246 2840 355 2905 talis
394 2844 575 2911 homo
625 2847 696 2908 in
742 2846 1137 2910 orationibus
1188 2846 1594 2909 accusatoriis
1636 2844 2000 2908 adhibuerit
2017 2892 2034 2920 ,
2075 2844 2259 2909 facile
2299 2848 2576 2931 suspica-

248 2966 373 3025 mur,
423 2973 527 3017 nec
591 2955 813 3015 minus
872 2952 1180 3016 indicavit
1245 2949 1498 3042 Tullius
1546 2950 1627 3014 ad
1675 2950 1810 3014 Att.
1860 2947 1979 3013 VII
2035 2948 2136 3015 17.
2167 2949 2229 3028 2,
2279 2952 2392 3015 ubi
2438 2972 2574 3036 per-

248 3056 453 3140 stringit
494 3056 883 3142 Pompeium
903 3106 919 3135 ,
970 3058 1137 3143 quod
1181 3060 1250 3121 in
1296 3058 1563 3140 ancipiti
1607 3076 1826 3119 rerum
1873 3056 2240 3120 condicione
2289 3060 2439 3122 anni
2487 3056 2572 3121 49

248 3154 551 3227 litterarum
599 3162 679 3228 ad
729 3162 1063 3230 Caesarem
1113 3164 1591 3228 scribendarum
1629 3182 1868 3226 munus
1903 3164 2364 3247 gravissimum
2408 3185 2572 3229 com-

250 3266 444 3331 miserit
506 3268 604 3334 ilh
672 3270 953 3334 homini:
1028 3269 1303 3332 accusavi
1361 3291 1578 3331 mecum
1639 3268 1768 3349 ipse
1831 3268 2176 3350 Pompeium
2194 3317 2210 3346 ‚
2277 3269 2382 3355 qui
2446 3292 2574 3333 cum

251 3372 451 3452 em'ptor
491 3374 827 3439 luculentus
876 3382 1022 3438 esset
1070 3375 1175 3455 (of.
1220 3374 1502 3467 BOO'rlus
1552 3373 1633 3438 ad
1677 3373 1797 3459 Ep.
1848 3372 1909 3436 II
1957 3374 2060 3439 12.
2090 3373 2180 3455 4),
2229 3382 2438 3439 tantas.
2479 3400 2574 3440 res

252 3482 383 3559 alque
419 3503 510 3543 eae
526 3530 542 3559 ‚
590 3505 743 3567 quae
788 3481 855 3543 iae.
902 3482 1155 3544 omnium
1200 3504 1409 3543 manus
1455 3486 1740 3543 venturae
1788 3486 1978 3543 essent
1996 3528 2012 3556 ,
2063 3480 2108 3541 S
2118 3504 2149 3543 e
2163 3504 2192 3543 3
2209 3489 2233 3544 t
2249 3482 2272 3543 i
2288 3504 2320 3544 o
2369 3489 2571 3546 nostro

252 3582 526 3648 scribendas
566 3588 821 3651 dederit.
868 3588 1085 3672 Itaque
1122 3587 1285 3649 nihil
1321 3608 1593 3671 umquam
1631 3585 1751 3666 lcyi
1790 3584 2314 3665 σηστιωδέστερον.
2364 3587 2571 3673 Scrip—

254 3696 376 3752 serat
428 3693 623 3778 igitur
686 3692 905 3780 plura,
970 3714 1131 3779 quae
1193 3713 1404 3758 acrem
1466 3699 1532 3757 et
1578 3712 1897 3756 morosam
1943 3693 2225 3757 hominis
2273 3700 2569 3758 naturam

256 3809 365 3872 prae
400 3818 459 3861 se
501 3799 767 3878 ferrent,
814 3800 1165 3865 secundum
1209 3797 1495 3866 OA'ruLm
1534 3798 1848 3863 iudicium
1887 3798 2078 3884 paulo
2103 3799 2568 3879 vehementius,

250 3896 395 3973 plena
444 3907 643 3969 veneni
704 3914 763 3969 et
811 3906 1221 3989 pestilentiae.
1287 3905 1595 3973 Constitit
1657 3906 1780 3970 sibi
1842 3906 2120 3970 hominis
2183 3906 2426 3971 indoles
2491 3908 2572 3972 ad

258 3999 403 4071 finem
442 4030 667 4096 usque,
716 4016 793 4075 ut
838 4012 1022 4077 docet
1068 4034 1167 4097 ep.
1217 4014 1353 4075 Att.
1404 4010 1525 4076 XV
1572 4009 1681 4077 27.
1714 4010 1746 4075 1
1799 4014 1946 4113 anni
1994 4010 2101 4075 44.

324 4110 841 4183 Praeterviderunt
896 4121 1275 4203 interpretes
1337 4120 1533 4183 huius
1588 4121 1900 4203 poematis
1947 4118 2249 4182 mertffl
2297 4116 2572 4185 CALVUM

261 4212 509 4286 intimum
564 4222 803 4289 Catulli
864 4228 1147 4290 amicum
1192 4224 1296 4303 (cf.
1346 4244 1539 4289 carm.
1597 4224 1680 4289 14
1729 4229 1793 4287 et
1843 4222 1956 4302 50)
2005 4226 2202 4289 etiam
2250 4246 2400 4290 cum
2447 4226 2574 4290 Pu-

264 4314 359 4384 blio
405 4324 589 4394 Sestio
628 4333 741 4403 ,ita
799 4332 994 4396 fuisse
1056 4334 1505 4407 coniunctum,
1572 4336 1648 4393 ut
1709 4330 1860 4394 huic
1906 4351 2166 4416 operam
2215 4331 2457 4397 dederit
2501 4335 2571 4399 in
