3192 5009
497 299 631 366 290
1287 321 1596 371 cummi
1626 342 1709 354 —-
1734 323 2068 372 annum.

492 485 848 572 Martialis:
895 488 1334 552 Callaico-auro
1374 488 1436 566 4,
1465 487 1572 572 39,
1606 487 1680 566 73
1732 489 2111 553 Callaicis-in
2150 491 2315 555 arvis
2353 491 2453 574 10,
2485 490 2591 570 16,
2618 491 2686 570 33
2738 493 2873 556 Gal-

674 594 1188 659 laicum-oceanum
1241 595 1344 674 10,
1374 592 1481 673 37,
1509 593 1572 659 4.
1623 594 1743 672 20;
1805 596 2335 662 Callaico-metallo
2388 595 2491 675 14,
2520 595 2627 680 95,
2661 597 2717 663 l.

585 699 835 766 saeculo
883 701 1188 766 secundo:
1908 781 1917 791 ·

491 807 906 873 Plutarchus:
957 807 1311 873 Kaumana!
1357 806 1535 876 Caes.
1589 806 1673 872 12
1720 809 2103 894 (Καλαικοί).

494 915 854 999 Appianus:
905 916 1251 978 mammo!
1295 913 1482 1000 Hisp.
1533 911 1640 979 70.

487 1019 926 1086 Ptolemaeus:
978 1023 1320 1085 Καλλαικοὶ
1371 1021 1667 1100 Βράκαροι
1705 1019 1795 1101 (2,
1826 1019 1886 1098 6,
1922 1021 1979 1084 1.
2023 1019 2174 1102 38);
2216 1021 2559 1088 Kauana>
2604 1023 2868 1098 Λουκήν-

666 1148 777 1190 moe
831 1127 921 1207 (2,
951 1126 1012 1204 6,
1040 1127 1102 1192 2.
1154 1127 1217 1191 4.
1269 1125 1404 1205 22).

583 1232 832 1298 saeculo
877 1235 1105 1300 tertio:

494 1336 751 1406 Cassius
799 1338 956 1404 Dio:
1013 1342 1372 1404 Καλλαικίω
1422 1337 1528 1417 3¹7,
1559 1339 1665 1417 53,
1694 1339 1755 1404 4.

485 1444 898 1511 Itinerarium
944 1448 1286 1511 Antonini:
1341 1445 1606 1510 Callet-ia
1651 1468 1713 1532 p.
1765 1443 1894 1512 387
1944 1444 2043 1510 W.
2090 1446 2495 1513 scribendum
2534 1468 2612 1513 ex
2650 1447 2867 1514 codiee

668 1551 1094 1618 Laurentiano
1157 1552 1217 1616 R
1281 1573 1440 1617 saec.
1489 1551 1553 1615 X
1603 1554 1800 1629 „satis
1848 1553 2043 1617 bonae
2088 1552 2387 1630 indolis”,
2438 1557 2549 1640 qui
2598 1554 2771 1620 solus
2820 1551 2875 1622 C

667 1658 956 1724 litteram
993 1662 1272 1724 servavit
1289 1708 1305 1736 ,
1357 1661 1554 1724 etiam
1597 1657 1785 1736 alibi,
1834 1665 1909 1723 ut
1954 1659 2119 1724 mihi
2164 1659 2443 1739 videtur,
2491 1660 2666 1726 haud
2706 1682 2881 1747 sper-

671 1765 936 1830 nendus.

581 1870 833 1938 saeculo
883 1877 1140 1957 quarto:

493 1977 684 2044 Liber
727 1982 1191 2064 generationis:
1261 1978 1488 2042 Calleci
1535 1981 1653 2058 (ita
1698 1978 2065 2044 Mommsen
2110 2000 2190 2044 ex
2234 1978 2447 2044 codiee
2492 1983 2735 2066 optimo
2788 1981 2871 2062 Β)

669 2085 775 2170 qui
843 2092 900 2148 el
972 2088 1218 2149 Astures
1278 2085 1329 2163 I,
1357 2084 1489 2150 215
1513 2114 1593 2138 =
1623 2085 1880 2149 Callaici
1950 2086 2055 2170 qui
2126 2092 2183 2149 et
2250 2089 2515 2169 Aepores
2584 2095 2878 2151 vocantur

670 2189 904 2258 chron.
938 2190 1120 2256 Alex.
1147 2197 1253 2270 (=
1274 2191 1460 2256 Barb.
1489 2190 1682 2272 Soal.)
1712 2190 1861 2256 185.
1904 2190 2165 2273 (chron.
2192 2213 2247 2257 a.
2278 2190 2407 2257 354
2434 2191 2531 2258 ed.
2556 2193 2871 2260 Momms.

667 2297 844 2362 Mon.
910 2294 1128 2364 Germ.
1194 2299 1381 2362 Auet.
1448 2299 1595 2362 Ant.
1646 2297 1743 2361 IX
1788 2321 1849 2383 p.
1905 2296 2059 2378 109)
2108 2336 2194 2348 -
2247 2299 2519 2362 Coloceia
2578 2300 2740 2379 (eod.
2792 2299 2871 2366 Β.

671 2425 831 2483 „son
884 2402 1242 2471 Callaecia”
1290 2404 1623 2482 Momms.)
1670 2404 1719 2482 Ι,
1747 2403 1835 2471 88
1882 2404 1954 2482 (l.
1978 2404 2024 2469 1.
2072 2428 2135 2491 p.
2186 2403 2321 2484 98).

485 2510 692 2576 Rufus
751 2509 1013 2576 Festus:
1081 2511 1386 2575 Callaecia
1433 2531 1486 2576 o.
1537 2509 1575 2574 5
1624 2510 2029 2576 scribendum
2076 2531 2154 2576 ex
2201 2509 2335 2577 cod.
2385 2511 2439 2576 Β
2488 2519 2554 2578 et
2595 2512 2651 2576 P
2696 2513 2869 2593 (hiet

675 2616 1007 2696 Callatia).

575 2722 810 2790 saeculi
857 2726 1069 2808 quinti
1111 2725 1336 2789 initio:

485 2828 905 2898 Claudianus:
955 2830 1258 2894 Callaecia
1297 2829 1464 2895 Laus
1498 2829 1633 2895 Ser.
1662 2827 1769 2895 71.
1798 2868 1884 2880 —
1910 2827 2143 2895 Serena
2167 2831 2374 2895 occisa.
2396 2837 2495 2896 est
2516 2851 2680 2896 anno
2706 2829 2864 2896 408.

483 2938 731 3004 Notitia
767 2937 1216 3024 Dignitatum:
1263 2937 1566 3001 Callaecia
1606 2935 1749 3002 Oeo.
1781 2937 1838 3015 1,
1870 2933 1990 3014 673
2036 2935 2099 3014 3,
2127 2935 2204 3014 93
2242 2937 2351 3014 21,
2382 2937 2445 3002 5.
2478 2936 2594 3015 103
2638 2936 2745 3014 42,
2772 2935 2863 3002 25

662 3043 891 3126 (Seeck
936 3075 1016 3100 =
1065 3043 1146 3108 5*
1198 3043 1321 3108 13*
1371 3042 1498 3110 69*
1548 3042 1720 3108 119*
1780 3042 2060 3123 Boeok.).
2130 3041 2431 3108 Formam
2492 3042 2863 3130 legitimam

662 3151 900 3236 ubique
945 3149 1248 3235 praebent
1283 3137 1525 3216 eodioes
1562 3153 1795 3235 optimi
1812 3199 1829 3227 ,
1872 3152 2071 3214 etiam
2112 3171 2177 3235 p.
2224 3148 2394 3214 119*
2430 3148 2505 3214 Β.
2546 3187 2632 3198 --
2670 3149 2866 3238 Liber

660 3261 829 3321 inter
875 3276 1069 3320 annos
1115 3255 1245 3319 411
1295 3261 1362 3320 et
1407 3254 1537 3320 413
1586 3257 1997 3341 compositus.

483 3363 775 3428 Orosius:
849 3361 1113 3425 Callaeci
1159 3362 1220 3439 5,
1249 3360 1310 3438 5,
1343 3361 1425 3426 12
1487 3360 1661 3441 (vide
1725 3367 1980 3446 supra);
2055 3361 2359 3424 Callaecia
2412 3362 2469 3438 1,
2498 3359 2561 3438 2,
2591 3359 2673 3427 ‘71
2740 3364 2865 3441 (ita

661 3467 1066 3533 Treverensis
1143 3467 1345 3532 affinis
1412 3467 1891 3548 L(aurentiano)
1965 3471 2077 3552 qui
2142 3467 2247 3532 hic
2319 3466 2528 3532 deficit
2543 3488 2560 3546 ;
2635 3467 2697 3544 5,
2726 3465 2788 3544 7,
2816 3467 2859 3534 2

663 3575 798 3656 (L.:
835 3575 1198 3653 Callaciae);
1243 3574 1305 3652 6,
1333 3573 1440 3651 21,
1467 3573 1508 3638 2
1550 3574 1687 3652 (L.:
1737 3573 2077 3655 Calledae).
2122 3612 2207 3622 —
2250 3573 2563 3637 Gallaecia
2593 3573 2649 3650 1,
2677 3572 2741 3649 2,
2768 3572 2856 3637 81

662 3689 728 3746 et
769 3681 830 3759 6,
858 3679 966 3758 21,
995 3679 1033 3743 6
1072 3680 1186 3745 ubi
1221 3679 1560 3745 lacunosus
1599 3679 1670 3743 L.
1716 3717 1800 3727 -—
1845 3678 2065 3745 Orosio
2106 3682 2313 3765 igitur
2334 3679 2629 3766 legitima
2651 3679 2863 3744 forma

662 3786 976 3853 reddenda
1022 3790 1137 3852 est.
1187 3824 1272 3835 —
1324 3784 1683 3854 Chronicon
1729 3789 1985 3870 scripsit
2030 3783 2249 3870 41718.

482 3893 808 3960 Zosimus:
861 3893 1221 3957 Καλλαικία
1271 3895 1333 3971 4,
1361 3892 1446 3956 25
1496 3899 1601 3973 (ex
1647 3893 1983 3977 Eunapio).

569 3999 761 4066 Vides
831 3999 1276 4085 exemplorum
1337 4000 1594 4064 nubem.
1658 3999 1879 4085 Neque
1940 4003 2073 4064 iam
2090 4048 2106 4076 ,
2174 4001 2417 4084 opinor,
2468 4001 2859 4065 temeritatis

481 4110 668 4194 argui
717 4109 952 4191 poterit
998 4108 1108 4192 qui
1149 4107 1347 4170 etiam
1385 4106 1554 4190 apud
1591 4104 1910 4170 Velleium
1946 4103 2361 4169 Paterculum
2380 4153 2395 4182 ,
2438 4109 2620 4169 euius
2659 4104 2859 4171 editio

479 4218 770 4300 princeps
816 4213 994 4277 nobis
1039 4211 1268 4276 codicis
1313 4213 1514 4276 instar
1559 4217 1689 4288 est,
1736 4210 1897 4276 libro
1947 4211 2009 4288 2,
2038 4210 2077 4274 5
2128 4212 2232 4296 qui
2278 4209 2383 4290 (D.
2434 4211 2699 4292 Brutus)
2742 4262 2757 4278 .
2790 4263 2805 4278 .
2840 4263 2857 4280 .

493 4320 766 4386 Gallaeei
825 4339 1132 4399 coquomeu
1189 4317 1436 4400 meruit,
1487 4321 1763 4404 primam
1808 4320 1981 4383 vocis
2037 4317 2310 4381 Gallaeci
2356 4317 2641 4383 litteram
2682 4323 2753 4384 in
2804 4319 2859 4388 C

481 4427 998 4493 commutaverit.
1061 4423 1304 4488 Eodem
1366 4423 1554 4488 modo
1612 4427 1679 4487 in
1726 4421 1971 4488 Iustino
2018 4423 2127 4502 44,
2156 4422 2195 4488 3
2242 4425 2397 4490 haee
2442 4427 2703 4490 nomina
2748 4425 2859 4494 vel
