3192 5009
537 226 624 291 34
1560 242 1869 290 Lucanus.

532 409 860 476 Sententia
904 430 1040 474 esse
1087 408 1304 474 debet:
1354 408 1518 473 vidit
1563 408 1760 473 furias
1806 406 2010 473 scelus
2057 407 2307 473 ulturas
2324 456 2341 485 ,
2385 408 2450 472 h.
2477 430 2531 474 e.
2576 407 2902 485 „ultrices-

531 538 654 603 que
716 516 862 582 deas
923 515 1234 582 scelerum
1292 515 1615 601 Mariique
1663 513 1976 580 futuras.”
2024 513 2301 579 Ultrices
2350 514 2650 581 dicuntur
2698 516 2904 581 furiae

528 622 642 701 1.1.,
690 621 772 688 X.
825 621 990 688 336:
1053 622 1442 708 ultricesque
1499 621 1652 686 deae
1714 620 1868 685 dant
1925 624 1996 685 in
2058 642 2222 686 nova
2267 628 2553 687 monstra
2598 622 2902 688 furorem.

528 728 942 795 Ulciscuntur
985 728 1218 794 scelera
1260 726 1671 813 Mariumque
1690 775 1705 805 ,
1746 748 1859 813 pro
1897 749 1969 793 eo
2007 748 2237 813 poenas
2276 731 2565 815 exigunt.
2594 766 2679 776 —
2703 729 2902 794 Ashb.

527 856 639 921 pro
709 835 1001 902 ultrices:
1073 836 1364 900 victrices
1382 882 1398 911 ,
1475 837 1613 898 sine
1672 833 1863 898 dubio
1923 832 2110 899 male.
2180 832 2241 898 N
2242 840 2426 899 otum
2484 839 2584 900 est
2643 834 2903 899 Lucano

525 945 900 1029 genetivum
963 944 1298 1007 nominum
1358 944 1764 1027 propriorum
1824 943 1891 1004 in
1936 940 1989 1003 ii
2034 940 2420 1006 familiarem
2466 962 2601 1007 esse
2650 950 2715 1007 et
2760 947 2905 1028 post

524 1051 748 1133 poetis.
799 1046 1073 1113 Scaurus
1092 1096 1107 1124 ,
1149 1050 1260 1133 qui
1305 1045 1496 1131 paulo
1546 1052 1691 1132 post
1734 1046 2066 1111 Lucanum
2114 1050 2365 1133 scripsit
2384 1096 2401 1124 ,
2444 1053 2904 1113 commemorat

527 1154 846 1240 „paucos”
911 1157 1024 1239 qui
1079 1140 1277 1219 unam
1336 1153 1363 1215 i
1407 1156 1478 1217 in
1522 1156 1822 1239 genetivo
1866 1155 2141 1218 scribant
2186 1175 2248 1239 p.
2298 1152 2386 1217 22
2410 1152 2508 1231 Κ,
2557 1160 2703 1238 post
2748 1174 2901 1219 eum

522 1259 741 1325 Velius
786 1260 1048 1347 Longus
1094 1260 1171 1326 de
1215 1279 1394 1325 more
1431 1259 1621 1324 scribi
1657 1259 1709 1321 ii
1749 1258 1943 1323 refert
1980 1280 2043 1345 p.
2074 1255 2157 1325 57
2184 1259 2268 1324 K.
2310 1256 2700 1326 Claudianus
2741 1262 2901 1324 raris

523 1364 832 1452 exemplis
894 1366 1084 1431 habet
1143 1368 1520 1453 genetivum
1572 1368 1642 1428 in
1687 1368 1745 1429 ‘it
1796 1365 2005 1443 Muci,
2055 1365 2131 1430 de
2177 1365 2248 1429 4⁰
2297 1387 2467 1431 cons.
2518 1364 2687 1431 Hon.
2741 1364 2897 1444 406,

529 1470 774 1552 Quincti
819 1471 897 1536 de
942 1472 1004 1537 b.
1057 1468 1229 1539 end.
1285 1469 1434 1535 111.

610 1692 781 1757 VIII.
825 1690 976 1758 756.
1028 1690 1177 1757 Sine
1215 1692 1807 1757 Ashburnhamensi
1844 1690 2249 1756 Burmannus
2273 1696 2599 1757 assecutus
2624 1697 2721 1757 est
2744 1692 2900 1778 quid

523 1802 834 1865 sententia.
891 1796 1278 1884 postularet:
1336 1799 1682 1884 (Pompeii)
1728 1796 1943 1863 nobile
1990 1818 2219 1883 corpus
2267 1798 2489 1863 robora
2537 1797 2717 1863 nulla
2762 1818 2900 1883 pre-

522 1904 688 1969 mit''
758 1905 835 1969 A.
889 1902 1193 1987 praemit3
1259 1901 1521 1989 reliqui:
1575 1911 1879 1986 premunt.
1944 1902 2180 1968 Merito
2246 1903 2687 1969 Burmannus:
2754 1906 2899 1989 quis

519 2030 806 2095 unquam
846 2009 1012 2096 legit
1057 2010 1347 2075 cadaveri
1392 2012 1694 2095 imposita
1737 2009 1919 2095 ligna
1956 2015 2033 2073 ut
2070 2006 2508 2094 premeretur?
2556 2008 2900 2095 Explicant

517 2119 878 2202 sequentia:
931 2115 1154 2193 „nulla
1191 2122 1366 2181 strue
1405 2116 1694 2180 membra
1733 2114 2179 2193 recumbunt'’,
2224 2115 2392 2200 quod
2415 2114 2578 2180 nihil
2602 2121 2699 2181 est
2722 2114 2897 2180 aliud

517 2224 644 2286 nisi
703 2223 995 2288 membra
1053 2243 1180 2286 non
1224 2227 1526 2307 premunt
1571 2229 1836 2287 struem.
1884 2221 1945 2287 N
1946 2242 2027 2286 on
2071 2224 2256 2285 iuvat
2302 2219 2547 2306 reliqua
2591 2220 2899 2286 Burman-

516 2331 704 2393 niana
750 2329 1096 2393 describere
1115 2376 1132 2405 ,
1183 2348 1342 2414 quae
1388 2330 1733 2413 unicuique
1780 2332 2020 2412 patent.

603 2546 716 2613 IX.
767 2546 919 2611 411.
971 2546 1186 2613 Tertia
1230 2568 1377 2632 pars
1424 2568 1641 2612 rerum
1684 2546 1889 2633 Libye
1908 2595 1924 2624 ,
1968 2550 2022 2611 si
2065 2546 2316 2613 credere
2357 2548 2565 2613 famae
2606 2548 2616 2634 Ι
2656 2553 2887 2614 cuncta

513 2653 709 2730 velis:
757 2660 824 2719 at
869 2656 924 2717 si
969 2659 1193 2719 ventos
1241 2652 1616 2739 caelumque
1662 2656 1946 2738 sequaris
1965 2702 1982 2730 ‚
2025 2654 2036 2737 Ι
2074 2673 2221 2737 pars
2262 2656 2385 2718 erit
2424 2652 2737 2738 Europae,
2778 2674 2892 2719 nec

515 2763 688 2825 enim
734 2758 880 2844 plus
925 2758 1116 2825 litora
1155 2758 1290 2823 Nili
1331 2760 1341 2845 Ι
1382 2780 1578 2844 quam
1617 2758 1957 2845 Scythicus
1996 2758 2225 2823 Tanais
2262 2762 2489 2844 primis
2532 2780 2569 2825 a
2608 2756 2893 2825 Gadibus

515 2865 809 2931 absunt.''
851 2863 1190 2931 Terminus
1229 2864 1520 2952 Europae
1561 2870 1659 2929 est
1697 2863 1926 2929 Tanais
1944 2914 1960 2941 ,
1986 2864 2236 2929 Africae
2260 2862 2469 2929 Nilus.
2496 2864 2555 2928 A
2578 2867 2893 2929 contraria

513 2978 692 3058 parte
737 2978 1006 3057 utraque
1042 2971 1234 3036 habet
1271 2968 1500 3036 Gades.
1541 2970 1714 3057 Ergo
1752 2973 1808 3035 si
1846 2991 2042 3057 aeque
2082 2969 2309 3035 Tanais
2351 2977 2416 3035 et
2440 2968 2628 3035 Nilus
2654 2969 2893 3035 distant

515 3099 552 3143 a
613 3076 898 3144 Gadibus
916 3126 932 3155 ,
997 3077 1212 3141 Africa
1271 3076 1562 3163 Europae
1624 3076 1905 3163 aequalis
1952 3082 2067 3142 est.
2132 3075 2292 3141 Vere
2338 3078 2543 3162 igitur
2587 3096 2699 3161 pro
2734 3098 2892 3159 parc

513 3184 591 3247 A.
641 3184 836 3248 habet
880 3204 917 3247 a
962 3204 1052 3246 m.
1102 3182 1144 3247 2
1179 3206 1324 3265 par.
1377 3182 1448 3247 Si
1486 3187 1721 3248 'ventos
1765 3182 2137 3268 caelumque
2183 3185 2465 3267 sequaris
2487 3208 2568 3232 =
2591 3185 2647 3247 si
2693 3188 2893 3247 atten-

515 3290 625 3355 das
674 3290 754 3354 ad
798 3288 958 3354 caeli
1001 3292 1328 3375 regionem
1375 3294 1662 3369 (ventost
1722 3294 1819 3354 est
1864 3290 2077 3354 Africa
2124 3296 2198 3353 ut
2243 3287 2499 3373 Europa
2551 3309 2589 3352 a
2626 3288 2892 3373 zephyri

513 3401 718 3481 parte)
781 3400 847 3459 et
907 3394 987 3458 ad
1048 3397 1425 3479 temperiem
1487 3398 1623 3459 sive
1670 3393 1924 3459 calores.
1975 3394 2131 3459 Pars
2175 3400 2345 3459 recte
2393 3394 2639 3459 dictum
2686 3399 2853 3460 esset
2870 3442 2887 3471 ,

515 3504 570 3566 si
630 3500 888 3585 Europa
948 3502 1298 3564 contineret
1357 3502 1602 3577 omnia,
1666 3520 1824 3587 quae
1886 3521 1923 3565 a
1985 3500 2259 3587 zephyro
2306 3506 2489 3564 sunt:
2540 3502 2630 3564 sic
2675 3499 2890 3564 Africa

513 3629 586 3673 eo
605 3656 622 3684 ,
689 3606 856 3691 quod
915 3624 952 3669 a
1017 3606 1291 3692 zephyro
1355 3612 1552 3683 esset,
1618 3613 1782 3671 esset
1826 3605 2117 3691 Europae
2162 3626 2328 3690 pars.
2392 3604 2517 3670 Sed
2563 3606 2717 3670 haec
2761 3626 2889 3670 non

513 3719 610 3777 est
679 3712 993 3778 sententia
1059 3710 1334 3789 Lucani,
1407 3714 1519 3797 qui
1580 3734 1925 3775 communem
1989 3712 2145 3777 dicit
2188 3711 2437 3776 Africae
2484 3718 2549 3775 et
2595 3709 2887 3796 Europae

511 3818 865 3903 zephyrum
925 3814 1078 3894 415,
1144 3838 1337 3893 „nam
1395 3839 1545 3882 cum
1606 3820 2030 3884 communiter
2082 3821 2243 3883 istae
2290 3817 2611 3883 effundant
2655 3818 2888 3905 zephy-

512 3922 724 3987 rum.''
776 3961 861 3971 —
915 3921 1058 3987 Non
1127 3928 1221 3987 est
1289 3926 1478 3988 tertia
1545 3944 1691 4010 pars
1751 3925 1920 3990 orbis
1982 3923 2166 4005 (411)
2229 3926 2531 4009 quoniam
2593 3944 2706 4010 par
2750 3926 2887 3989 sive

510 4031 771 4116 gemina
833 4036 928 4093 est
988 4028 1281 4115 Europae
1340 4036 1405 4094 et
1466 4030 1725 4115 proinde
1778 4032 1989 4095 minor
2032 4050 2228 4115 quam
2272 4031 2459 4108 Asia,
2510 4051 2637 4095 non
2680 4033 2887 4118 igitur

510 4138 770 4200 tertiam
829 4138 1184 4219 portionem
1245 4138 1536 4201 omnium
1596 4142 1913 4202 terrarum
1956 4136 2167 4202 habet.
2215 4135 2508 4201 Mentem
2550 4136 2673 4203 loci
2718 4135 2885 4202 clare

513 4242 808 4328 designat
854 4240 1193 4306 delineatio
1236 4244 1307 4306 in
1352 4240 1533 4308 Voss.
1589 4243 1646 4306 1.
