3192 5009
548 225 678 291 150
700 309 704 316 .
1546 241 1899 290 1101166106.

544 403 729 490 (ὅσσα.
778 406 902 473 rot?
952 428 1033 473 an
1078 408 1154 478 ὥς
1203 414 1374 472 caro?
1386 404 1461 487 ἵ),
1538 406 1856 494 dig-ammi
1913 411 2132 472 autem
2177 407 2399 472 eadem
2446 410 2546 471 est
2588 405 2815 470 forma
2865 410 2965 468 at-

540 536 663 602 que
709 518 777 580 in
817 514 1108 581 abcdario
1146 513 1259 579 illo
1299 514 1489 579 modo
1528 516 1858 578 nominato
1899 518 1965 577 et
2001 515 2070 577 in
2113 512 2351 579 tabulis
2371 511 2958 578 Heracleensibus.

537 623 601 688 Ν
601 644 683 688 06
754 627 850 686 est
910 642 1024 685 cur
1084 623 1511 685 assentiamur
1570 619 1821 697 Fickio,
1888 617 2114 706 Odyss.
2184 641 2246 704 p.
2302 618 2385 683 10
2449 621 2718 706 neganti
2787 619 2959 683 huic

538 727 731 804 titulo
776 726 1125 813 quidquam
1163 727 1576 792 tribuendum
1617 747 1750 791 esse
1769 775 1784 797 .
1827 728 2012 812 sequi
2048 729 2221 791 enim
2261 726 2456 791 verba
2495 727 2660 795 θεαῖς
2687 723 2958 794 πιέσαις

537 857 653 900 nec
698 855 860 919 pura
902 835 1109 920 igitur
1155 832 1303 897 Iade
1349 853 1544 897 usum
1585 852 1718 897 esse
1758 815 1917 896 61116
1948 833 2060 916 qui
2098 832 2253 896 haec
2293 833 2692 917 perscripsit3
2721 833 2956 894 immo

539 941 809 1007 anfi-acti
865 939 938 1004 hi
994 939 1238 1024 lapides
1284 939 1510 1005 docent
1556 941 1845 1004 extitisse
1891 937 2230 1024 aliquando
2274 958 2496 1002 versus
2513 987 2531 1015 ‚
2579 941 2648 1002 in
2695 937 2960 1023 quibus

536 1050 823 1113 ionicum
868 1044 1033 1109 illud
1080 1053 1175 1109 eta
1224 1048 1531 1110 comitem
1577 1045 1839 1110 haberet
1885 1066 2116 1110 sonum
2162 1067 2282 1108 vau
2300 1093 2317 1122 ‚
2343 1081 2429 1093 -—
2455 1065 2676 1109 versus
2727 1045 2962 1130 igitur

539 1153 757 1240 quales
802 1151 1177 1217 Homericos
1226 1152 1421 1216 fuisse
1470 1151 1934 1217 contendimus.

629 1259 967 1323 Praeterea
997 1246 1298 1323 ‘litteram
1340 1258 1673 1344 digamma
1711 1259 2012 1324 exhibent
2052 1260 2312 1323 nomina
2337 1256 2650 1342 quaedam
2671 1260 2959 1342 propria

445 1381 451 1388 '
536 1365 772 1431 litteris
816 1361 1195 1430 Chalcidicis
1237 1367 1410 1449 picta
1446 1367 1515 1428 in
1552 1367 1722 1429 vasis
1747 1365 1954 1430 tribus
1980 1365 2444 1451 antiquissimis
2469 1361 2556 1444 ¹):
2598 1363 2954 1440 'oras-inc,

538 1473 655 1540 Ῥιώ
676 1520 692 1550 ,
768 1471 1093 1549 Γαρυνόνης
1115 1519 1132 1548 ,
1206 1472 1373 1535 inter
1445 1469 1570 1536 alia
1630 1470 1948 1536 vocabula
2009 1492 2170 1557 quae
2233 1469 2517 1536 Ionicam
2579 1469 2956 1536 dialectum

542 1583 759 1663 aperte
806 1577 1085 1662 produnt
1132 1575 1412 1657 (Ἀντίης
1466 1577 1662 1655 Φοίβη
1713 1577 2004 1653 Ἀθηναίη
2052 1583 2224 1657 οἵα).

630 1683 846 1749 Donec
913 1685 1123 1770 igitur
1190 1686 1459 1749 certiora
1530 1684 1908 1751 edoceamur
1973 1723 2058 1732 -—
2125 1684 2294 1770 quod
2363 1703 2763 1770 quamquam
2829 1687 2954 1750 vix

540 1795 752 1876 potest
807 1792 1161 1875 expectari,
1225 1811 1413 1856 nemo
1476 1799 1692 1856 tamen
1743 1794 1803 1854 ἕν
1851 1790 2172 1862 ἀδυνάτοις
2223 1795 2510 1876 posuerit
2555 1799 2697 1877 post
2749 1793 2956 1857 πολύ-

541 1919 765 1976 χρυσον
830 1897 1117 1971 Μυκήνην
1184 1901 1435 1961 erutam
1494 1897 1909 1983 effossasque,
1960 1919 2120 1983 quas
2171 1898 2311 1968 Διὸς
2359 1897 2470 1964 1116
2517 1901 2806 1976 ὀαριστὺς
2863 1901 2956 1965 fe-

541 2004 701 2068 cisse
755 2001 912 2067 olim
959 2003 1352 2081 credebatur,
1400 2002 1579 2090 leges
1630 2001 1978 2091 Gortynias
2027 2041 2112 2052 —
2160 2005 2282 2070 hoc
2330 2009 2695 2084 teneamus,
2747 2006 2953 2072 Ιο666

542 2115 605 2174 et
653 2109 902 2174 Atticos
950 2131 1289 2174 consonam
1335 2112 1497 2187 vau,
1550 2131 1747 2195 quam
1795 2113 2155 2196 antiquitus
2202 2117 2266 2176 et
2304 2114 2840 2196 pronunciassent
2883 2119 2953 2178 et

539 2217 608 2279 in
674 2217 926 2300 scriptis
988 2235 1103 2280 suo
1165 2218 1351 2302 signo
1413 2215 1796 2281 indicassent
1822 2215 1874 2296 ⁹)
1894 2265 1909 2292 ,
1979 2216 2230 2282 saeculo
2293 2220 2566 2302 septimo
2611 2217 2718 2282 vel
2769 2222 2952 2284 sexti

539 2323 727 2386 initio
796 2323 1105 2385 amisisse.
1176 2321 1277 2386 Ad
1346 2321 1619 2387 Homeri
1687 2328 1906 2387 autem
1976 2327 2230 2388 textum
2293 2330 2368 2387 ut
2431 2324 2766 2390 redeamus
2786 2373 2802 2402 ‚
2876 2325 2952 2390 id

540 2449 748 2494 unum
794 2433 1043 2492 certum
1096 2432 1194 2492 est
1212 2476 1228 2505 ,
1277 2431 1738 2513 grammaticos
1777 2427 2237 2494 Alexandrinos
2258 2477 2274 2507 ,
2315 2431 2552 2515 quibus
2584 2430 2745 2496 11666
2785 2439 2950 2497 nota

544 2539 763 2598 tamen
824 2537 959 2597 erat
1016 2531 1237 2598 littera
1279 2557 1307 2598 r
1358 2556 1435 2599 ex
1485 2537 1662 2620 poesi
1708 2533 1968 2599 Aeolica
1987 2583 2003 2612 ,
2053 2535 2370 2622 digammi
2417 2536 2755 2602 Homerici
2799 2537 2952 2603 nul-

540 2640 676 2706 lam
712 2639 1007 2704 habuisse
1045 2641 1345 2705 notitiam
1363 2689 1379 2718 ,
1422 2660 1755 2725 nunquam
1796 2642 2003 2727 igitur
2037 2641 2278 2708 vidisse
2320 2641 2517 2708 libros
2555 2642 2946 2710 Homericos

540 2745 656 2811 illo
726 2748 911 2832 signo
980 2746 1363 2824 instructos;
1432 2749 1653 2831 itaque
1723 2767 1974 2812 necesse
2039 2753 2138 2812 est
2202 2768 2536 2813 sumamus
2597 2755 2709 2814 aut
2751 2749 2949 2815 nulla

543 2873 832 2939 unquam
892 2855 1181 2918 extitisse
1245 2853 1563 2918 eiusmodi
1613 2850 1945 2917 volumina
1991 2859 2106 2918 aut
2151 2859 2298 2919 ante
2344 2853 2609 2920 illorum
2656 2861 2948 2921 aetatem

544 2957 723 3024 nullo
785 2961 1067 3044 vestigio
1128 2957 1351 3023 relicto
1414 2959 1754 3023 interiisse.
1829 2957 1970 3022 Uno
2035 2961 2240 3045 igitur
2289 2951 2618 3026 duobusve
2663 2961 2946 3026 saeculis

545 3072 691 3133 ante
756 3087 991 3130 aevum
1038 3063 1559 3130 Ptolemaeorum
1605 3065 1935 3151 digamma
1979 3067 2048 3129 in
2095 3063 2375 3131 Homero
2423 3073 2758 3132 exaratum
2809 3091 2944 3134 non

546 3193 713 3249 esse,
782 3171 849 3235 id
916 3169 1173 3255 quidem
1238 3173 1393 3234 satis
1456 3175 1706 3235 certum
1769 3177 1897 3248 est,
1950 3170 2061 3235 sed
2103 3171 2390 3236 multum
2439 3173 2618 3238 abest
2664 3179 2741 3237 ut
2787 3175 2942 3239 inde

546 3276 918 3343 concludere
979 3277 1161 3341 nobis
1222 3276 1413 3342 liceat
1475 3297 1806 3361 nunquam
1863 3279 1930 3340 in
1976 3275 2173 3342 Iliade
2221 3277 2329 3343 vel
2374 3277 2657 3365 Odyssea
2705 3278 2942 3345 aliisve

547 3383 936 3449 carminibus
983 3384 1177 3467 epicis
1225 3387 1558 3448 exaratum
1605 3403 1758 3448 esse.

600 3488 985 3575 ,Permagni
1060 3491 1376 3553 momenti
1443 3490 1512 3553 in
1586 3489 1688 3553 his
1763 3489 1951 3554 rebus
2020 3490 2480 3576 perpendendis
2549 3497 2647 3556 est
2715 3497 2940 3558 textus

548 3595 870 3660 Pindarici
908 3597 1317 3679 comparatio.
1365 3594 1721 3659 Pindarum
1759 3601 1928 3660 certe
1966 3598 2183 3681 ipsum
2223 3617 2341 3662 sua
2381 3599 2664 3663 carmina
2697 3598 2940 3664 chartis

622 3879 675 3942 1)
708 3877 838 3927 CIG.
877 3875 1007 3928 '1459
1026 3892 1113 3942 sq„
1140 3873 1293 3936 7582,
1330 3877 1556 3935 Rosam
1590 3876 1857 3941 ψὴν-611113]
1893 3891 1943 3941 p.
1971 3875 2069 3928 20⁷
2087 3892 2173 3942 sq„
2209 3877 2421 3928 Tuom
2454 3879 2514 3928 de
2544 3878 2781 3942 diqamno
2813 3895 2860 3944 p.
2881 3879 2929 3928 9.

550 3987 617 3997 —
660 3961 729 4009 le
775 3959 890 4009 urbe
937 3958 1140 4007 Himera
1184 3959 1454 4022 provenisse
1490 3959 1602 4006 haec
1637 3974 1745 4007 vasa
1779 3958 2051 4022 auspicatur
2085 3959 2200 4008 Fick
2237 3961 2402 4024 Odyss.
2443 3976 2487 4025 p.
2527 3961 2587 4009 11
2623 3960 2733 4009 coll.
2773 3961 2933 4010 Thac.

559 4043 594 4089 V
634 4045 679 4100 ὗ,
728 4057 823 4106 quo
875 4045 995 4091 teste
1050 4041 1307 4090 Himeraea
1359 4040 1589 4089 dialectos
1640 4047 1742 4089 erat
1789 4041 1986 4104 μεταξὺ
2035 4042 2126 4098 τῆς
2174 4057 2234 4090 τε
2285 4039 2565 4090 Χαλκιδέων
2601 4040 2688 4090 καὶ
2721 4039 2936 4104 Δωρίδος

553 4121 834 4187 κεκραμένη.

622 4207 675 4268 2)
724 4207 781 4255 In
815 4205 981 4254 multis
1012 4205 1251 4254 vocabulis
1286 4205 1456 4254 Attici·
1484 4204 1721 4255 vocalium
1753 4221 2008 4256 concursus
2041 4209 2248 4256 testatur
2280 4207 2542 4272 spirantem
2579 4223 2608 4254 r
2641 4206 2759 4257 olim
2789 4208 2934 4258 fuisse

558 4288 857 4338 interiectam
910 4285 1118 4352 (ἄοινος,
1163 4284 1331 4349 aym,
1376 4284 1676 4348 ἀμφιέννυμι
1723 4291 1850 4350 etc).
1904 4290 1973 4337 De
2019 4288 2162 4338 verbo
2195 4289 2483 4352 προυσελσῒν
2518 4288 2632 4353 quid
2667 4292 2936 4340 autumus

555 4371 808 4430 acacinm„
842 4369 1117 4420 consulatur
1154 4369 1387 4424 Buram
1424 4369 1483 4418 ad
1518 4370 1640 4420 Rau.
1678 4385 1744 4420 vs.
1783 4370 1897 4423 ¹130.
