3192 5009
1142 337 1452 388 numm
1477 360 1558 370 -
1587 339 1919 388 sunum.
2579 317 2711 385 289

433 504 678 570 Mirum
725 527 874 572 sane
918 507 1081 573 foret
1126 509 1181 571 si
1227 510 1564 593 scriptores
1610 508 1841 574 horum
1890 507 2350 574 vocabulorum
2395 527 2470 573 ea
2509 507 2710 572 forma

341 614 442 676 usi
481 611 778 689 fuissent,
821 633 1014 698 quam
1051 615 1348 699 ignorent
1384 615 1846 699 inscriptiones.
1886 614 2067 694 Quod
2107 635 2232 679 non
2273 616 2367 678 ita
2404 633 2539 678 esse
2572 633 2706 677 non

335 723 592 783 tantum
636 739 823 784 sanae
869 722 1103 784 mentis
1149 723 1392 808 ratione
1439 722 1775 798 evincitur,
1826 721 1935 786 sed
1981 723 2180 786 etiam
2226 725 2396 785 certo
2446 721 2706 804 scripto-

334 845 486 888 rum
525 827 812 908 ipsorum
859 827 1224 890 testimonio
1269 827 1697 891 confirmatur.

424 931 543 1008 At,
609 930 777 996 dicat
835 930 1099 1016 aliquis,
1161 953 1368 997 nonne
1429 932 1597 1019 apud
1661 933 1926 997 Livium
1988 953 2131 998 eam
2194 953 2389 1018 quam
2442 931 2703 997 damnes

328 1036 605 1101 formam
665 1035 820 1101 olim
879 1036 1112 1102 lectam
1174 1037 1368 1104 fuisse
1428 1039 1657 1123 probat
1718 1041 2013 1125 periocha
2056 1039 2205 1104 libri
2257 1038 2377 1103 56:
2425 1037 2703 1101 Decimus

325 1143 546 1206 Imaus
607 1144 838 1206 Brutus
898 1144 965 1206 in
1020 1144 1330 1226 Hispania
1390 1145 1677 1209 ulteriore
1721 1147 2011 1232 feliciter
2056 1148 2341 1209 adversus
2390 1144 2701 1207 Gallaecos

307 1249 618 1331 puynavil
647 1256 711 1314 et
735 1248 940 1314 Iulius
966 1248 1327 1336 Obsequens
1353 1250 1439 1315 62
1463 1251 1651 1331 (123)
1676 1251 1961 1316 Μίαπὶ
1993 1251 2267 1316 Gallaeci
2290 1249 2509 1314 devicti
2525 1249 2561 1312 ?
2599 1247 2700 1313 Ita

315 1356 582 1442 quidem
622 1353 1060 1442 periocharum
1100 1358 1340 1422 codices
1380 1365 1444 1424 et
1483 1356 1901 1444 obsequentis
1939 1355 2191 1436 Aldina,
2223 1379 2450 1423 verum
2474 1355 2698 1420 Florus

317 1464 587 1527 Livium
625 1468 880 1528 secutus
926 1464 984 1541 1,
1011 1462 1211 1542 33(2,
1243 1461 1352 1544 17)
1405 1464 1485 1529 12
1533 1465 1869 1529 Callaeciae
1894 1465 2157 1547 populos
2195 1465 2447 1550 scripsit
2491 1482 2695 1546 neque

309 1569 506 1635 aliter
567 1567 824 1634 Orosius
884 1569 945 1647 5,
976 1569 1035 1647 5,
1072 1570 1152 1635 12
1213 1571 1526 1652 sea-aqinla
1595 1572 1798 1634 millia
1867 1571 2271 1634 Callaecorum
2338 1568 2689 1634 secundum

310 1679 596 1761 optimos
642 1676 838 1742 libros
884 1676 1385 1742 Laurentianum
1431 1683 1495 1743 et
1535 1677 2057 1765 Rehdigeranum
2100 1682 2163 1756 (a
2200 1679 2408 1761 prima
2446 1675 2691 1758 manu),

308 1785 644 1847 immerito
706 1782 824 1848 hoc
883 1781 1021 1848 loco
1085 1790 1326 1869 spretos
1385 1785 1462 1849 ab
1509 1784 1749 1849 editore
1795 1786 2246 1849 recentissimo.
2317 1781 2693 1847 Rectissime

307 1910 567 1975 quoque
616 1887 917 1966 Ovidius,
968 1889 1138 1954 Fast.
1191 1889 1253 1967 6,
1281 1889 1409 1956 461

682 1995 825 2058 Tum
869 1995 987 2058 eibi
1039 1995 1302 2060 Callaico
1331 1994 1382 2077 1)
1432 1997 1665 2060 Brutus
1711 2019 2020 2078 coquomen
2063 1997 2135 2058 ab
2184 1996 2347 2060 kosle

765 2101 936 2165 Fecit

303 2213 380 2274 et
427 2205 723 2285 Gratius,
773 2205 988 2273 Ovidii
1031 2208 1312 2294 aequalis
1357 2215 1462 2290 (ex
1507 2209 1715 2274 Ponto
1766 2209 1828 2286 4,
1861 2207 1965 2287 16,
1996 2206 2129 2288 34),
2181 2204 2425 2292 Cyneg.
2478 2202 2608 2268 514

684 2312 977 2378 Callaicis
1022 2315 1318 2378 lustratur
1364 2316 1529 2402 equis
1571 2339 1855 2400 scruposa
1900 2315 2132 2399 Pyrene
2149 2361 2165 2391 ,
2365 2347 2380 2361 ·

301 2441 462 2484 nam
505 2423 600 2485 ita
647 2420 1050 2487 scribendum
1095 2443 1209 2508 pro
1265 2423 1576 2501 Callaecis,
1628 2423 1791 2510 quod
1842 2421 2082 2488 codices
2129 2419 2448 2505 praebent.

401 2525 541 2592 Iam
577 2525 836 2591 afferam
869 2533 1107 2593 ceteros
1146 2526 1534 2595 Graecorum
1576 2536 1642 2595 et
1679 2529 2061 2595 Latinorum
2100 2528 2482 2611 scriptorum
2514 2523 2685 2588 locos

299 2632 424 2698 ubi
485 2633 688 2698 forma
747 2654 862 2718 per
899 2631 972 2701 Ο
1035 2634 1320 2701 litteram
1383 2639 1619 2722 scripta
1665 2641 1779 2701 aut
1824 2635 2035 2700 editur
2082 2639 2195 2698 aut
2242 2653 2321 2697 ex
2360 2628 2681 2696 codicibus

301 2742 570 2826 optimis
615 2738 853 2804 edenda
896 2745 1051 2806 erat.

397 2845 648 2910 saeculo
695 2849 935 2931 primo:

302 2949 571 3017 Strabo:
624 2954 971 3017 Καλλαικοί
1015 2957 1234 3020 novies
1281 2977 1341 3041 p.
1392 2954 1539 3020 152.
1574 2954 1721 3020 155.
1754 2952 1903 3021 157.
1936 2953 2085 3019 162.
2118 2951 2265 3016 164.
2299 2948 2458 3027 166;
2510 2951 2681 3028 Βροῦ-

488 3081 588 3129 τος
639 3058 666 3120 ὃ
715 3061 1070 3129 Καλλαῖκὸς
1121 3063 1623 3141 προσαγορευθείς
1676 3062 1831 3126 ibid.
1879 3083 1941 3146 p.
1998 3058 2147 3124 152.

305 3160 508 3228 Silius
556 3162 852 3228 Italicus:
923 3167 1225 3230 Callaecia
1288 3167 1349 3245 3,
1378 3167 1530 3245 345,
1602 3164 1906 3231 Callaicae
1966 3164 2207 3230 techa-is
2254 3162 2316 3240 2,
2346 3159 2497 3244 397,
2557 3159 2689 3222 Cal-

488 3269 913 3334 laicae-mamus
939 3271 1001 3348 2,
1023 3271 1174 3350 417,
1203 3274 1642 3338 Callaico-auro
1668 3274 1730 3351 2,
1752 3272 1905 3350 602,
1935 3267 2423 3335 Callaici-mariti
2448 3265 2509 3344 3,
2530 3264 2680 3349 353,

495 3375 1050 3457 Callaici-teymiais
1115 3379 1178 3456 4,
1206 3378 1359 3458 328,
1438 3378 1949 3444 Callaici-mctalli
2017 3375 2120 3453 10,
2152 3373 2301 3452 119,
2382 3373 2685 3436 Callaicae

487 3481 756 3563 Lampon
816 3488 1072 3561 (nomen
1121 3473 1232 3550 est'
1265 3488 1437 3572 equi)
1507 3487 1610 3564 16,
1640 3485 1792 3563 334,
1864 3482 2389 3550 Callaicum-axem
2438 3477 2498 3554 6,
2529 3474 2680 3554 377,

494 3583 979 3653 Callaicas-vires
1029 3589 1131 3668 16,
1160 3590 1312 3657 383.

299 3689 557 3755 Plinius
595 3698 750 3772 (nat.
777 3695 992 3774 hist.):
1043 3698 1308 3762 Callaeci
1334 3698 1396 3776 3,
1425 3698 1511 3763 28
1537 3698 1741 3779 (Leid.
1769 3699 1908 3778 A.);
1957 3693 2261 3759 Callaecia
2285 3690 2392 3769 33,
2424 3687 2528 3756 78.
2556 3688 2678 3768 80;

490 3797 756 3876 34,158
805 3800 1120 3882 (Bamb.);
1182 3805 1453 3868 Callaica
1490 3828 1637 3886 qens
1684 3803 1746 3882 8,
1779 3802 1906 3869 166
1954 3801 2247 3882 (Tolet.);
2308 3797 2494 3861 Bruti
2550 3797 2682 3859 Cal-

486 3905 635 3967 laici
661 3904 766 3984 36,
793 3906 880 3971 26
914 3909 1214 3986 (Callaeci
1238 3911 1484 3989 Bamb„
1519 3911 1751 3975 Calaici
1773 3909 1949 3976 Voss.
1977 3909 2196 3986 Ricc.).
2225 3946 2311 3958 —
2335 3907 2679 3992 Perperam

496 4010 807 4074 Gallaecia
849 4012 910 4091 4,
943 4014 1070 4080 118
1109 4016 1312 4096 (Leid.
1339 4020 1444 4098 A.)
1479 4017 1585 4094 34,
1621 4017 1747 4083 156
1775 4016 2076 4098 (Bamb.),
2121 4016 2182 4094 4,
2213 4013 2341 4079 112
2366 4019 2432 4078 et
2460 4012 2563 4089 19,
2596 4009 2678 4075 10

484 4116 624 4197 (ubi
685 4117 835 4183 boni
899 4119 1048 4186 libri
1109 4122 1457 4204 deficiunt).
1525 4163 1609 4172 ——
1656 4123 1832 4211 Ergo
1895 4124 2131 4208 ubique
2192 4122 2397 4188 forma
2455 4141 2567 4208 per
2626 4117 2678 4187 G

485 4225 891 4289 restituenda.

375 4465 430 4531 1)
465 4465 541 4516 De
575 4468 728 4518 forms
770 4468 1013 4521 Callaicus
1048 4488 1156 4522 mox
1190 4473 1464 4525 videbimus.
