3192 5009
613 357 744 425 386
1417 373 1502 425 nn
1549 375 1818 426 murus
1863 375 2163 426 nomme.

609 545 921 608 rationem
979 541 1330 608 Decumani
1391 547 1456 607 et
1516 541 1869 609 Cardinis''.
1932 543 2031 609 Ita
2091 546 2299 629 igitur
2358 563 2733 628 quaeremus
2749 593 2768 620 ,
2824 563 2989 606 num

610 647 852 735 templa
910 648 1198 714 Romana
1257 649 1646 715 numeranda
1706 653 1833 714 sint
1894 653 2063 715 inter
2110 648 2251 716 loca
2296 649 2610 727 limitata;
2661 635 2877 736 neque
2922 649 2991 714 id

608 756 918 822 affirmare
979 755 1434 821 dubitabimus,
1497 755 1624 822 Sed
1670 761 1884 824 tamen
1930 758 2068 822 iure
2114 758 2386 822 miretur
2431 759 2777 843 quispiam,
2835 777 2993 822 cum

607 862 820 928 videat
863 868 1101 948 quanta
1145 864 1232 927 sit
1275 865 1560 948 paucitas
1605 869 2135 950 argumentorum
2181 883 2340 949 quae
2385 865 2453 928 in
2496 871 2807 950 promptu
2858 866 2997 928 sint

607 969 688 1034 ad
755 968 1246 1035 confirmandam
1309 989 1445 1034 rem
1505 967 1730 1034 multis
1790 972 1947 1034 viris
2010 969 2211 1034 doctis
2274 975 2409 1035 tam
2467 975 2709 1036 certam
2770 973 2993 1034 visam

607 1082 684 1140 ut
723 1079 836 1141 vix
873 1078 1271 1162 argumentis
1308 1095 1467 1161 opus
1505 1082 1690 1141 esset.
1731 1074 2121 1142 Testimonia
2152 1081 2489 1142 auctorum
2527 1077 2763 1142 diserta
2801 1075 2995 1140 nulla

607 1183 846 1246 adsumi.
906 1181 1278 1268 Numquam
1294 1230 1311 1259 ,
1373 1203 1523 1247 cum
1569 1181 1647 1246 de
1692 1181 1951 1268 templis
1996 1183 2403 1248 terrestribus
2446 1205 2656 1248 sermo
2700 1182 2817 1248 fiat
2834 1231 2854 1261 ,
2910 1182 2993 1246 ab

605 1287 974 1353 auctoribus
1031 1291 1262 1353 nostris
1323 1293 1760 1354 memorantur
1815 1287 1933 1353 illa
1991 1287 2303 1354 vocabula
2346 1287 2683 1354 sollemnia
2730 1287 2994 1365 „Decu-

605 1414 834 1459 manus
893 1399 958 1460 et
1019 1391 1264 1461 Oardo’'
1284 1443 1300 1472 ,
1365 1417 1443 1460 ne
1499 1394 1813 1460 vocabula
1875 1395 2165 1473 „antica”
2229 1399 2295 1462 et
2344 1395 2667 1481 „postica”
2717 1393 2997 1480 quidem

603 1503 697 1566 ita
739 1505 816 1565 ut
860 1506 1160 1586 appareat
1206 1521 1279 1567 ea
1316 1501 1396 1567 ad
1433 1500 1888 1568 limitationem
1925 1504 2238 1588 pertinere
2266 1500 2338 1587 1).
2376 1498 2482 1567 Ab
2522 1501 2721 1567 altera
2758 1507 2955 1587 parte
2976 1549 2991 1577 ,

605 1608 684 1673 ab
744 1607 1106 1673 auctoribus
1123 1656 1140 1686 ,
1209 1629 1358 1673 cum
1417 1607 1495 1672 de
1555 1607 1710 1674 locis
1769 1607 2067 1674 limitetis
2110 1614 2306 1697 agant
2321 1658 2339 1687 ‚
2388 1607 2567 1674 nulla
2610 1607 2684 1673 fit
2728 1610 2993 1674 mentio

605 1712 996 1799 templorum
1012 1763 1030 1791 ‚
1087 1713 1268 1778 nulla
1327 1713 1655 1802 auguralis
1716 1715 2099 1801 disciplinae.
2162 1714 2239 1780 In
2298 1713 2572 1801 Corpore
2632 1737 2706 1780 eo
2723 1763 2740 1793 ,
2810 1713 2994 1801 quod

605 1823 887 1886 continet
947 1820 1306 1906 fragmenta
1368 1823 1752 1907 scriptorum
1814 1823 2345 1908 Agrimensorum
2360 1871 2376 1900 ,
2428 1842 2463 1887 e
2509 1842 2633 1906 quo
2678 1823 2993 1906 inprimis

605 1929 1009 2013 cognoscitur
1053 1929 1215 1994 ratio
1263 1926 1619 1993 Decumani
1665 1935 1729 1993 et
1778 1926 2067 1994 Gardinis
2084 1977 2101 2004 ‚
2150 1927 2463 1993 vocabula
2506 1929 2886 2008 inauqurare
2926 1933 2995 1992 et

605 2056 798 2114 anyer
859 2055 985 2099 non
1029 2033 1335 2120 leguntur
1359 2033 1432 2115 ⁹).
1481 2034 1719 2114 Quodsi
1762 2034 2178 2100 nihilominus
2225 2034 2615 2120 affirmamus
2631 2083 2649 2112 ‚
2698 2053 2991 2120 augures

606 2138 686 2205 ad
746 2139 988 2226 templa
1051 2140 1492 2206 constituenda
1555 2140 1920 2207 adhibuisse
1978 2143 2293 2207 rationem
2354 2139 2541 2206 illam
2562 2189 2579 2218 ,
2642 2141 2743 2205 his
2791 2161 2993 2226 argu-

603 2249 838 2310 mentis
881 2249 1185 2311 nitimur:

701 2353 767 2416 1ο
828 2351 1041 2432 Quod,
1105 2357 1181 2416 ut
1241 2373 1432 2438 supra
1492 2353 1777 2418 vidimus
1840 2357 2013 2440 (pag.
2064 2351 2244 2433 369),
2312 2354 2527 2419 omnia
2568 2350 2812 2438 templa
2858 2357 2990 2416 ter-

603 2461 830 2524 restria
889 2459 1119 2524 habere
1181 2459 1490 2524 debebant
1550 2459 1823 2525 formam
1888 2459 2311 2546 quadranguli
2370 2463 2547 2525 recti.
2613 2457 2987 2524 Verisimile

604 2571 735 2642 est,
797 2567 1178 2630 sententiam
1238 2565 1431 2629 huius
1493 2567 1866 2652 praescripti
1928 2566 2089 2631 hanc
2134 2565 2365 2633 fuisse:
2414 2567 2729 2630 rationem
2775 2563 2989 2630 Decu-

603 2673 779 2738 mani
837 2677 903 2736 et
964 2669 1252 2737 Gardinis
1315 2670 1603 2736 adhiberi
1652 2671 1876 2739 debere
1923 2672 2003 2736 ad
2047 2671 2309 2758 templa.
2357 2672 2418 2736 N
2418 2691 2526 2736 am
2572 2671 2859 2736 adhibita
2916 2691 2987 2736 ea

601 2780 872 2856 ratione,
935 2797 1183 2842 necesse
1245 2783 1377 2843 erat
1435 2777 1652 2843 locum
1714 2779 1919 2865 redigi
1978 2781 2045 2844 in
2108 2779 2380 2844 formam
2436 2777 2619 2843 illam
2664 2783 2983 2863 optatam.

599 2883 889 2949 Iamvero
959 2886 1256 2969 quamvis
1325 2905 1452 2949 non
1523 2888 1803 2970 praecise
1864 2887 2085 2972 negari
2146 2889 2381 2972 possit,
2446 2884 2582 2950 loca
2646 2887 2847 2950 etiam
2916 2887 2985 2950 in

597 2989 782 3054 illam
827 2991 1103 3057 formam
1149 2990 1357 3077 redigi
1402 2993 1683 3076 potuisse
1730 2993 1785 3056 si
1824 2991 2033 3078 figura
2070 2994 2274 3057 crucis
2312 3013 2439 3057 non
2480 2995 2645 3056 esset
2666 2989 2983 3068 adhibita,

599 3103 814 3162 tamen
875 3100 986 3162 vix
1047 3097 1347 3162 credibile
1407 3104 1504 3162 est
1521 3146 1538 3176 ,
1605 3119 1754 3163 cum
1818 3103 1915 3164 tot
1969 3097 2107 3164 loca
2153 3100 2393 3165 fuerint
2438 3097 2611 3184 apud
2654 3097 2983 3163 Romanos

601 3225 761 3288 quae
824 3203 1330 3291 quadrangulam
1391 3204 1663 3270 formam
1726 3205 1953 3270 habere
2011 3205 2309 3272 deberent
2326 3254 2343 3284 ,
2406 3203 2649 3290 templa
2665 3253 2682 3280 ,
2730 3209 2947 3269 castra
2964 3253 2979 3281 ‚

600 3330 785 3396 agros
831 3309 1196 3396 adsignatos
1214 3358 1231 3387 ,
1279 3313 1496 3376 vineas
1511 3359 1528 3389 ,
1577 3314 1647 3375 in
1692 3310 1957 3397 reliquis
2006 3313 2302 3378 omnibus
2347 3313 2499 3377 huic
2542 3310 2679 3397 legi
2717 3310 2981 3377 subesse

669 3517 721 3577 1)
755 3515 805 3564 Si
839 3529 992 3564 sermo
1027 3518 1098 3564 est
1131 3515 1188 3563 de
1223 3517 1358 3579 perte
1392 3515 1573 3579 postica
1606 3516 1748 3565 Aedis
1779 3515 1947 3580 (ναι-τ.
1985 3516 2053 3566 l.l.
2090 3519 2133 3566 5.
2154 3519 2273 3581 42),
2307 3533 2402 3567 non
2436 3519 2622 3567 constat
2656 3517 2744 3565 boe
2773 3514 2979 3564 vocabu-

599 3597 698 3647 lum
732 3598 790 3646 ad
823 3597 1160 3647 limitationem
1191 3597 1448 3662 pertinere,
1485 3613 1594 3646 nam
1628 3597 1752 3646 idem
1788 3599 1915 3648 cadit
1948 3599 1999 3647 in
2036 3600 2290 3649 Basilicam
2324 3603 2374 3648 et
2401 3599 2510 3649 alia.
2540 3626 2603 3636 —-
2632 3598 2772 3664 Quod
2790 3596 2975 3647 multos

601 3679 799 3740 fefeuit,
845 3681 896 3730 in
941 3679 1133 3745 templis
1173 3680 1320 3728 ae'riie
1362 3695 1500 3745 saepe
1545 3679 1725 3729 mentio
1768 3682 1823 3729 fit
1856 3682 1913 3729 de
1949 3681 2163 3746 pertibus
2197 3685 2246 3731 et
2280 3681 2428 3746 signis
2461 3681 2634 3730 enticis
2664 3683 2715 3728 et
2746 3679 2973 3746 poeticis,

599 3778 720 3827 qnae
767 3763 960 3812 nomine
1008 3762 1075 3811 ibi
1108 3762 1323 3811 desumta
1355 3767 1469 3811 sunt
1503 3763 1560 3811 de
1594 3762 1775 3828 templo
1808 3763 2015 3812 caelesti.
2050 3763 2301 3829 Templum
2334 3763 2518 3813 aerium
2552 3757 2751 3812 babebat
2782 3771 2973 3827 partem

599 3860 732 3894 suam
767 3845 949 3894 laevam
985 3844 1043 3892 ad
1077 3844 1461 3908 Septentrionem
1496 3849 1550 3892 et
1579 3845 1793 3894 dextram
1830 3845 1889 3893 ad
1927 3845 2186 3895 meridiem
2222 3845 2350 3910 (Liv.
2371 3847 2516 3895 1.18.
2538 3843 2614 3909 7),
2646 3845 2757 3894 inde
2788 3844 2971 3892 factam

599 3931 672 3976 est
705 3931 760 3976 ut
792 3927 842 3976 in
877 3926 1056 3992 templo
1090 3925 1219 3976 serio
1254 3941 1364 3992 pars
1397 3929 1564 3976 dextra
1597 3927 1745 3976 simul
1779 3928 2018 3978 diceretur
2048 3928 2230 3986 antica,
2265 3928 2398 3977 laeva
2430 3927 2575 3977 simul
2609 3927 2805 3992 poetica,
2834 3928 2968 3975 Serv.

599 4012 716 4060 Aen.
754 4009 800 4058 6.
824 4010 943 4058 191:
986 4009 1164 4058 ‚moris
1195 4012 1300 4058 erat
1333 4013 1387 4059 ut
1419 4013 1666 4076 captantes
1699 4011 1901 4074 auguria
1932 4014 2063 4060 certa
2096 4010 2186 4060 sibi
2218 4011 2373 4076 spatia
2402 4009 2706 4074 designarent
2735 4046 2747 4058 .
2769 4046 2811 4058 ..
2840 4007 2969 4072 quod

598 4092 808 4159 spatium
841 4091 1073 4156 templum
1107 4091 1390 4157 appellatur,
1425 4096 1474 4142 et
1507 4098 1744 4142 extremae
1778 4097 1937 4158 partes
1973 4091 2130 4142 antica
2170 4098 2218 4141 et
2250 4093 2432 4158 postica
2466 4089 2809 4150 vocabantuf',
2840 4089 2969 4145 rat,

599 4190 705 4241 pag.
741 4175 864 4224 220:
908 4177 985 4224 ‚et
1017 4175 1257 4224 dexteram
1293 4174 1524 4232 anticam.
1562 4175 1807 4225 sinistram
1840 4175 2071 4242 poetieam
2106 4174 2353 4234 diuina-’2
2388 4178 2521 4225 Serv.
2556 4174 2658 4225 nel.
2678 4175 2725 4225 9.
2744 4175 2825 4224 14.
2858 4172 2969 4223 vid.

601 4259 840 4310 Mnemon.
877 4257 1004 4306 1889
1041 4257 1118 4310 17.
1153 4273 1259 4322 pag.
1296 4257 1394 4307 286
1410 4274 1479 4322 sq.
1512 4287 1582 4297 —
1618 4259 1755 4309 Haec
1782 4259 1943 4308 omnia
1970 4258 2095 4308 nihil
2124 4257 2366 4323 pertinere
2396 4258 2709 4324 adtenplum
2724 4259 2968 4315 terrestre,

601 4341 725 4391 nihil
757 4341 814 4388 ad
854 4341 1172 4389 Decumannm
1207 4343 1257 4389 et
1289 4341 1569 4400 cardinem,
1601 4347 1819 4407 apertum
1847 4345 1935 4394 est.
1968 4370 2035 4380 —
2069 4342 2119 4404 2)
2140 4343 2255 4392 Voc.
2286 4344 2508 4406 templu.
2535 4341 2714 4406 legitur
2728 4355 2835 4406 pag.
2858 4339 2969 4398 1⁶7,

603 4425 659 4472 de
690 4438 785 4485 qno
818 4421 923 4472 loeo
957 4422 1052 4472 vid.
1087 4437 1192 4487 pag.
1226 4437 1361 4487 prox.
1395 4423 1536 4473 Fiam
1567 4425 1816 4488 templares
1846 4424 1931 4488 qui
1960 4429 2287 4475 memorantur
2322 4439 2429 4490 pag.
2468 4425 2579 4482 808,
2616 4423 2675 4472 ad
2704 4422 2807 4471 loca
2834 4421 2965 4470 ineu·

601 4508 772 4570 gur-ata
805 4519 900 4553 non
933 4504 1209 4570 pertinent,
1243 4503 1336 4553 vid.
1374 4504 1577 4553 Rudorff
1610 4505 1642 4553 2
1675 4519 1781 4569 pag.
1820 4506 1941 4555 268.
