3192 5009
501 295 632 363 434
1441 312 1528 363 An
1573 311 1903 364 mmfflooe.

587 482 766 548 Idem
809 484 879 546 in
932 481 1118 566 Tyro,
1167 483 1243 546 fr.
1294 480 1446 546 598.

585 587 986 655 Nobilissimi
1047 587 1172 653 loci
1188 637 1204 665 ,
1267 590 1337 652 in
1397 609 1522 673 quo
1575 587 2050 674 elegantissime
2096 586 2471 652 describitur
2515 589 2669 673 equi
2714 588 2875 652 iuba

494 698 766 782 privati,
854 694 1012 760 dum
1095 697 1165 758 in
1232 714 1395 781 aqua
1463 692 1781 759 foedatam
1848 713 2033 758 suam
2098 695 2455 781 imaginem
2519 696 2835 780 eonepicit
2852 743 2869 771 ,

492 824 762 881 moeror,
809 807 938 867 tres
983 799 1204 866 ultimi
1247 820 1470 866 versus
1517 803 1608 866 eie
1654 801 2051 866 scribuntur:

943 913 1067 988 φεῦ
1085 956 1104 987 ,
1155 907 1268 972 κᾶν
1313 907 1709 986 άνοικτίρμων
1758 931 1851 979 τις
1902 907 2174 986 οἶκτίρειέ
2222 931 2307 970 νιν

941 1018 1338 1089 πτήσσουσαν
1387 1013 1785 1096 αἱσχύναισιν
1829 1007 1956 1079 οἶα
2007 1015 2438 1092 μαίνεται,

943 1125 1241 1186 πενθοῦσα
1289 1122 1393 1184 καὶ
1443 1122 1744 1186 κλαίουσα
1796 1124 1903 1194 τὴν
1950 1121 2140 1201 πάρος
2187 1121 2407 1202 Φόβη
2428 1145 2478 1184 ν.

491 1224 766 1291 ΡιιΙοΙπΘ
823 1247 1025 1312 nuper
1069 1225 1238 1292 Weil
1298 1221 1422 1291 οἶα
1485 1226 1833 1305 μύρεται
1882 1234 1947 1293 et
1990 1229 2291 1308 χλιδήν
2340 1229 2623 1294 coniecit.
2694 1225 2869 1306 Quin

491 1331 715 1414 χλιδὴν
780 1353 1008 1398 verum
1075 1337 1161 1398 eit
1227 1335 1339 1399 vix
1401 1333 1661 1412 dubito,
1727 1334 1835 1400 sed
1893 1356 2009 1421 pro
2073 1329 2171 1400 οἷα
2238 1337 2536 1409 μαίνεται
2600 1334 2871 1399 forta-see

490 1425 697 1504 lenius
733 1461 1030 1526 reponere
1067 1439 1218 1506 lieet
1253 1435 1346 1504 οἵ·
1387 1443 1430 1504 ά
1450 1465 1479 1504 ν
1498 1465 1539 1504 α
1558 1440 1581 1505 ί
1597 1465 1627 1504 ν
1643 1465 1670 1505 ε
1690 1465 1729 1506 τ
1750 1466 1851 1505 αι.
1901 1440 2367 1528 Saepenumero
2392 1443 2566 1506 enim
2588 1441 2869 1506 verbum

491 1547 842 1611 ἀναίνεσθαι
879 1547 1158 1629 pudendi
1195 1567 1384 1612 sensu
1421 1546 1849 1613 adhibuerunt
1885 1555 2140 1634 poetae,
2182 1547 2562 1634 plerumque
2600 1546 2869 1632 quidem

491 1673 641 1718 oum
698 1655 1066 1739 participio,
1129 1652 1238 1719 sed
1298 1652 1582 1718 absolute
1641 1653 1811 1739 apud
1870 1653 2091 1740 Eurip.
2135 1652 2325 1720 Here.
2382 1654 2415 1718 1
2428 1651 2574 1718 124.
2644 1651 2873 1718 Habet

491 1764 816 1845 praeterea
873 1763 1131 1840 μύρεται
1195 1759 1312 1825 hoo
1370 1758 1793 1838 incommodi,
1842 1760 2010 1845 quod
2057 1781 2374 1847 nusquam
2418 1761 2489 1824 in
2534 1757 2873 1845 tragoedia.

493 1863 783 1942 occurrit,
823 1871 888 1930 et
925 1866 1333 1952 sequentibus
1370 1866 1583 1931 verbis
1617 1866 1917 1931 πενθοῦσα
1941 1867 2045 1931 καὶ
2075 1869 2381 1932 κλαίουσα
2406 1866 2535 1931 fere
2556 1865 2867 1930 abundat.

581 2084 760 2151 Idem
805 2089 874 2150 in
921 2085 1149 2150 Phineo
1165 2134 1183 2164 ,
1232 2085 1310 2151 fr.
1360 2085 1524 2151 655:

944 2193 1188 2268 κυνηδὸν
1233 2189 1575 2271 ἐξέπραξαν
1622 2191 2034 2275 κνυζούμενον.

492 2296 777 2366 Gonieei:

943 2404 1186 2478 κυνηδὸν
1231 2403 1582 2485 ἒξήραξά
1633 2413 1830 2487 ν<ιν>
1879 2405 2404 2487 κνυζώμενον.

493 2510 792 2577 Aliorum
837 2513 1228 2578 coniecturae
1273 2511 1420 2578 vide
1463 2512 1634 2598 apud
1679 2511 1741 2577 Ν
1742 2511 2065 2578 auekium.

580 2729 760 2796 Idem
803 2734 873 2795 in
918 2731 1290 2796 lacertarum
1317 2733 1687 2818 fabularum
1716 2733 1979 2819 sraqm„
2031 2731 2197 2799 685:

944 2839 1232 2920 ἔτῆρας
1280 2839 1510 2915 άμνοὺς
1558 2841 1707 2911 θεοῖς
1754 2837 1901 2918 ἔρεξ’
1949 2840 2283 2910 ἐπακτίοις.

486 2944 684 3010 Addit
744 2948 1206 3032 grammaticus
1267 2948 1379 3031 qui
1439 2967 1699 3012 versum
1762 2949 2043 3012 servavit
2102 2944 2337 3012 Aneed.
2386 2942 2586 3010 Oxon.
2638 2941 2749 3008 IV.
2800 2965 2865 3029 p.

495 3048 646 3129 329,
673 3049 761 3116 20
825 3052 1191 3130 υγράφει-αι
1256 3051 1318 3116 δὲ
1383 3051 1488 3116 καὶ
1538 3052 1624 3116 εὔ
1641 3077 1706 3116 ει
1722 3076 1882 3129 ρας.
1933 3051 2138 3132 Quam
2182 3051 2522 3117 lectionem
2565 3050 2869 3135 probavit

491 3157 564 3223 L.
629 3155 909 3222 Dindorf
964 3160 1032 3222 in
1099 3155 1286 3223 Thes.
1333 3155 1429 3222 111
1490 3179 1552 3244 p.
1603 3156 1782 3223 2150
1805 3158 1883 3236 A,
1946 3165 2021 3223 ut
2080 3157 2355 3223 formam
2413 3155 2865 3222 heteroclitam

491 3264 789 3330 adjectivi
823 3264 1075 3342 εύειροςς
1117 3285 1230 3330 our
1268 3264 1428 3330 hane
1468 3267 1829 3351 opinionem
1868 3286 1945 3329 ne
1978 3267 2289 3330 memoria
2310 3263 2569 3348 quidem
2592 3263 2864 3351 dig-nam

490 3371 786 3436 habuerit
831 3370 1057 3436 Nauck
1075 3419 1092 3449 ‚
1140 3392 1244 3436 me
1289 3370 1466 3436 latet.
1515 3370 1754 3436 Utrum
1800 3373 2014 3435 verius
2063 3373 2147 3434 sit
2191 3371 2470 3456 ambigo.

577 3589 756 3656 Idem
802 3589 1040 3654 ibidem
1055 3638 1072 3668 ‚
1121 3588 1252 3655 855
1275 3609 1289 3655 :

851 3693 893 3760 ὦ
942 3695 1197 3774 παῖδες,
1247 3693 1284 3773 ἦ
1327 3721 1416 3763 τοι
1465 3698 1695 3779 Κύπρις
1740 3698 1806 3762 ού
1855 3696 2080 3776 Κύπρις
2128 3695 2325 3775 μόνον,

851 3801 1002 3867 άλλ’
1047 3802 1177 3867 ἐστὶ
1227 3809 1467 3869 πολλῶν
1515 3804 1927 3882 ὀνομάτων
1973 3802 2407 3880 ἐπώνυμος.

853 3907 1018 3974 ἔστιν
1063 3911 1177 3988 μὲν
1219 3905 1468 3988 Ἅιδης,
1517 3909 1645 3976 ἔστι
1692 3909 1746 3974 3·
1792 3907 2050 3986 ἄφθιτος
2096 3908 2250 3988 βία,

851 4013 1016 4080 ἔστιν
1063 4016 1124 4080 δὲ
1172 4015 1377 4082 λύσσα
1424 4013 1688 4095 μανιάς,
1737 4014 1867 4081 ἔστι
1913 4014 1965 4079 3·
2012 4013 2208 4095 ἵμερος
2260 4014 2388 4079 κτὲ.

489 4121 790 4188 Meineke
855 4121 887 4186 3
904 4148 938 4187 υ
957 4147 984 4185 ν
1001 4114 1046 4187 ά
1064 4147 1112 4198 μ
1130 4148 1158 4187 ε
1179 4147 1220 4186 ω
1239 4149 1266 4186 ν
1315 4121 1621 4201 ἐπώνυμος
1672 4125 1973 4200 coniecit,
2022 4121 2185 4186 mihi
2228 4123 2297 4185 in
2344 4126 2630 4186 mentem
2674 4122 2851 4186 venit

490 4230 799 4305 ὀνομάτων
860 4229 1303 4307 ἐπήβολος,
1365 4232 1409 4294 i.
1436 4250 1491 4295 e.
1551 4229 1864 4293 multorum
1922 4228 2219 4294 nominum
2264 4249 2489 4311 compos
2534 4229 2673 4293 eive
2702 4249 2851 4310 pars

489 4334 694 4419 ticeps.
