3192 5009
1239 258 1583 309 oA'ruLntrs.
2464 236 2596 306 225
2620 255 2635 265 ·

262 430 425 492 rinus
483 424 581 492 1116
636 426 803 512 apud
860 424 1229 490 Martialem
1297 423 1358 489 3.
1387 423 1493 490 50.
1562 426 1652 489 At
1714 446 1867 490 vero
1934 426 2088 510 quid
2152 432 2297 490 tum
2345 446 2598 490 necesse

263 534 406 611 fuit,
466 540 533 598 ut
587 533 757 598 domi
818 538 963 599 ante
1008 538 1197 621 poeta
1244 531 1482 596 bonum
1532 535 1742 597 otium
1789 530 2050 597 lectioni
2095 532 2596 597 taediosissimae

262 636 677 725 impenderet?
704 638 845 704 Hac
892 645 1108 703 tamen
1152 638 1423 703 lectione
1471 637 1723 703 sublata
1775 638 2051 703 concidit
2095 640 2236 723 ipsa
2283 639 2599 723 poematis

262 764 431 809 causa
469 752 527 810 61
570 748 749 809 ratio.

340 849 463 915 Non
506 856 720 916 autem
763 853 973 937 magis
1018 851 1243 915 idonea
1291 854 1388 915 est
1433 852 1644 935 prima
1683 871 1949 935 persona
1987 852 2296 937 temporis
2335 850 2601 937 perfecti

260 956 385 1036 leyi.
427 956 575 1021 Tum
624 960 797 1023 enim
843 956 1091 1022 Sestius
1140 956 1438 1042 culpatur
1483 956 1656 1042 quod
1700 959 2023 1022 vocaverit
2063 954 2396 1023 Catullum
2433 962 2604 1042 post-

258 1083 425 1147 quam
462 1064 560 1129 1116
604 1062 767 1150 legit
814 1066 1165 1129 orationem
1212 1069 1614 1129 venenatam.
1664 1062 1789 1128 Sed
1827 1062 2006 1127 nulla
2043 1064 2160 1128 hac
2199 1066 2268 1127 in
2309 1084 2376 1128 re
2415 1062 2604 1148 culpa

256 1172 507 1233 vocantis
550 1191 683 1235 esse
730 1175 942 1254 potest
960 1218 976 1247 ,
1024 1172 1149 1233 nisi
1184 1172 1368 1235 novit
1404 1174 1662 1255 poetam
1709 1167 1962 1255 legisse.
2015 1166 2237 1247 „Quod
2286 1169 2603 1234 undenam

259 1281 620 1361 compertum
666 1272 935 1340 habuit?
985 1296 1065 1339 an
1113 1296 1190 1340 ex
1240 1275 1534 1362 epistolio
1583 1272 1828 1341 Catulli
1845 1272 1913 1338 ?”
1971 1278 2224 1361 rogavit
2270 1278 2604 1339 verissime

258 1378 689 1445 Bmasnsms.
741 1380 867 1446 Sed
914 1381 1011 1445 fac
1056 1380 1249 1446 illum
1299 1383 1550 1447 novisse
1599 1402 1712 1466 per
1761 1380 1918 1445 alios
1937 1430 1953 1458 ‚
2005 1386 2156 1447 tunc
2205 1381 2406 1445 simul
2455 1401 2604 1446 sane

260 1486 501 1565 audivit,
560 1494 946 1572 quantopere
1005 1486 1121 1551 flla
1178 1496 1403 1574 poetae
1469 1485 1909 1572 displicuerit,
1976 1508 2180 1571 neque
2229 1509 2380 1552 eum
2420 1507 2604 1553 voca-

258 1594 450 1656 visset.
505 1592 627 1657 Sed
686 1602 1012 1678 praeterea
1073 1613 1145 1657 ea
1206 1592 1543 1678 explicatio
1592 1593 1858 1657 adversa
1906 1592 2114 1658 fronte
2159 1598 2414 1679 pugnat
2455 1613 2605 1659 cum

258 1718 339 1761 vs.
388 1697 461 1761 10
494 1720 621 1784 sqq.
674 1701 815 1763 dum
860 1700 990 1763 volo
1036 1722 1157 1763 esse
1201 1700 1449 1763 conviva
1498 1698 1822 1763 orationem
1875 1748 1892 1763 .
1927 1748 1938 1761 .
1975 1746 1989 1763 .
2041 1699 2160 1779 leyi
2176 1748 2193 1777 ,
2245 1720 2323 1763 ex
2372 1700 2604 1785 quibus

257 1802 465 1869 librum
516 1806 677 1892 legit
735 1809 875 1894 ipso
922 1810 1258 1891 prospectu
1306 1826 1493 1870 cenae
1540 1808 1857 1890 opiparas.
1906 1804 2044 1869 Has
2090 1811 2310 1870 autem
2358 1805 2606 1869 conclu-

260 1912 435 1975 siones
473 1910 733 1977 Rmsms
777 1914 871 1976 ita
915 1912 1263 1998 infringere
1310 1916 1573 1975 conatus
1621 1916 1717 1976 est
1736 1959 1750 1980 ‚
1799 1918 1874 1973 ut
1921 1910 2357 1975 contenderet:
2426 1910 2606 1988 „Hu-

266 2018 631 2091 „moristisch
693 2017 993 2083 verdreht
1038 2015 1133 2093 0.,
1184 2020 1303 2081 wie
1350 2039 1418 2082 er
1464 2017 1658 2081 sehon
1703 2019 1772 2080 111
1819 2038 1915 2082 vs.
1971 2016 2053 2081 13
2101 2019 2342 2103 gethan
2389 2018 2603 2094 hatte,

265 2122 403 2197 „den
460 2123 941 2189 Kausalnexus:
1008 2124 1309 2189 wahrend
1377 2122 1624 2188 Sestius
1694 2123 1814 2187 den
1875 2119 1946 2188 O.
2015 2122 2388 2209 eingeladen
2409 2172 2424 2201 ,
2473 2123 2606 2187 und

266 2228 475 2303 „dieser
534 2230 795 2308 darauf,
858 2251 973 2294 um
1031 2231 1135 2295 bei
1198 2228 1385 2294 Tisch
1437 2230 1824 2295 vorbereitet
1869 2251 1946 2292 zu
1995 2232 2163 2306 sein,
2214 2232 2386 2295 861116
2433 2228 2606 2294 Rede

268 2334 525 2419 „gelesen
584 2338 764 2401 hatte
785 2384 801 2411 ,
864 2337 1113 2401 wendet
1176 2357 1241 2401 es
1291 2333 1362 2402 G,
1414 2358 1516 2413 s0,
1566 2336 1662 2400 als
1709 2336 1872 2401 habe
1921 2334 1987 2400 S.
2035 2336 2148 2399 ihn
2197 2334 2604 2423 eingeladen,

268 2441 425 2515 „weil
466 2464 531 2507 er
576 2444 747 2507 seins
786 2442 957 2508 Rede
996 2442 1254 2528 gelesen
1293 2442 1451 2507 habe
1474 2489 1491 2519 ,
1524 2446 1594 2528 ja
1634 2448 1762 2507 erst
1802 2441 2202 2506 nachdem
2240 2463 2308 2507 er
2349 2448 2604 2520 wusste,

268 2544 419 2620 „dass
462 2544 529 2614 C.
578 2548 713 2612 dies
758 2549 999 2635 gethan
1046 2546 1277 2612 habe''.

334 2650 444 2717 Sed
500 2676 688 2719 nemo
749 2674 874 2719 non
933 2655 1130 2719 sentit
1190 2673 1385 2738 quam
1444 2655 1744 2717 intricata
1789 2653 1943 2718 11666
1987 2654 2117 2717 81111
2166 2658 2230 2717 61
2275 2653 2466 2739 longe
2515 2675 2609 2719 ar·

265 2760 485 2836 cassita,
532 2781 737 2847 neque
782 2762 851 2824 in
900 2781 973 2825 ea
1020 2762 1312 2825 veritatis
1360 2760 1767 2824 conversione
1813 2762 2026 2824 iocum
2076 2759 2606 2844 deprehendimus

266 2862 443 2931 festivi
477 2874 697 2952 poetae
736 2888 966 2932 verum
1005 2867 1283 2932 hominis
1308 2886 1537 2949 parum
1562 2864 1819 2950 providi
1841 2863 2187 2949 lepidique.
2238 2864 2405 2945 Quid
2431 2868 2607 2937 enim

266 2968 343 3033 his
392 2971 627 3039 Sestius
688 2976 915 3038 stat-im
978 2971 1404 3058 respondisset
1467 2973 1590 3036 nisi
1637 2972 1790 3035 hoc:
1861 2970 2083 3049 „Heus
2133 2977 2206 3034 tu
2227 3020 2244 3047 ,
2293 2978 2608 3056 quantum

267 3074 490 3155 deliras,
551 3082 647 3144 mi
705 3075 991 3145 Catulle!
1057 3077 1305 3163 Legisti
1367 3098 1511 3141 mea
1580 3078 1816 3161 scripta
1875 3082 1989 3141 tua
2035 3082 2296 3161 sponte,
2347 3080 2608 3162 cupiens

268 3187 439 3248 vocari
503 3185 581 3250 ad
650 3205 874 3250 cenam
916 3182 1053 3265 ⁸(vs.
1107 3182 1378 3263 9—12).
1446 3182 1583 3247 Iam
1649 3203 1770 3268 ego
1834 3203 1900 3246 re
1964 3182 2181 3247 audita
2226 3183 2500 3269 benigne
2544 3189 2608 3247 te

266 3306 423 3369 voco,
485 3300 549 3355 at
610 3298 685 3355 tu
732 3312 855 3355 non
902 3290 1091 3354 modo
1138 3295 1364 3375 gratus
1410 3310 1537 3353 non
1585 3310 1687 3365 68,
1737 3288 1846 3352 8611
1891 3288 2139 3353 111νο168
2186 3292 2254 3353 111
2301 3310 2442 3367 1116,
2491 3292 2610 3354 1111-

267 3392 425 3479 hique
482 3397 823 3483 exprobras
883 3418 1007 3461 non
1066 3394 1487 3481 gravedinem
1530 3396 1890 3478 tussimque
1907 3442 1923 3471 ‚
1975 3416 2101 3459 non
2145 3394 2437 3459 lectionis
2483 3402 2610 3459 tae-

269 3496 444 3579 dium,
488 3503 605 3566 1106
654 3508 820 3567 68861
866 3500 1143 3585 aliquid,
1190 3500 1297 3565 sed
1347 3499 1516 3585 quod
1558 3499 1676 3563 hoc
1715 3502 1856 3584 ipso
1899 3504 2184 3584 tempore
2223 3506 2287 3564 te
2311 3500 2605 3565 vocavi’'.

336 3607 454 3673 Nos
492 3610 698 3695 igitur
742 3606 1126 3673 confidenter
1172 3606 1593 3671 rescribamus
1613 3653 1628 3682 ,
1681 3605 1852 3690 quod
1899 3604 2154 3670 Riesius
2198 3626 2328 3670 non
2373 3608 2608 3690 impro-

268 3710 409 3779 bavit
466 3722 527 3780 et
588 3714 1009 3779 Baehrensius
1056 3712 1289 3778 edidit:
1338 3735 1466 3775 eum
1512 3712 1733 3775 mabam
1783 3711 1999 3773 bibrum
2030 3712 2135 3805 fe
2153 3711 2300 3787 eit,
2351 3718 2606 3776 auctore

271 3813 474 3885 Catulli
540 3824 743 3886 amico
813 3818 1105 3887 Cornelio
1176 3817 1460 3903 Nepote,
1525 3820 1638 3903 qui
1698 3820 1766 3881 in
1829 3820 1966 3881 vita
2028 3815 2286 3883 Catonis
2338 3816 2398 3883 3.
2429 3816 2468 3881 5
2519 3820 2608 3882 sic

270 3920 455 3993 habet:
514 3928 583 3991 in
642 3950 707 3991 eo
768 3928 921 3989 libro
940 3975 955 4003 ‚
1021 3948 1184 4009 quem
1243 3924 1571 4006 separatim
1633 3925 1707 3986 de
1755 3946 1818 3986 eo
1848 3923 2140 4008 fecimus.
2211 3922 2434 4008 Neque
2481 3945 2608 3987 non

271 4030 746 4122 palaeographice
792 4035 991 4098 etiam
1035 4033 1191 4097 haec
1231 4033 1531 4096 correctio
1578 4050 1776 4114 paene
1824 4032 2054 4093 iustior
2095 4033 2192 4093 est
2231 4049 2425 4113 quam
2464 4030 2604 4111 leyi,

270 4139 739 4225 quandoquidem
784 4142 853 4203 in
896 4137 1123 4225 gracili
1168 4135 1692 4202 maiusculorum·
1723 4137 2036 4219 scriptura
2055 4182 2071 4211 ,
2123 4155 2247 4219 qua
2311 4142 2608 4201 exaratus

272 4240 365 4308 fuit
419 4247 798 4332 archetypus
846 4245 1263 4310 Lucretianus
1310 4248 1374 4307 et
1421 4248 1630 4307 exstat
1677 4240 1872 4305 codex
1919 4239 2326 4326 Vergilianus
2374 4240 2610 4306 Palati-

273 4368 392 4429 nus,
430 4354 571 4436 quis
607 4354 806 4417 nescit
843 4372 1038 4435 quam
1084 4370 1269 4434 saepe
1306 4353 1708 4434 permutatae
1739 4347 1977 4411 fuerint
2000 4346 2252 4413 litterae
2294 4347 2393 4411 IL
2414 4346 2604 4413 TFE
