3192 5009
1216 284 1537 334 nonnus.
1842 314 1853 323 -
2447 269 2576 337 305

313 453 525 518 51352
564 455 647 533 βῆ
696 454 759 518 δὲ
808 455 960 518 θέειν
1012 455 1184 532 παρὰ
1236 461 1447 534 τεῖχος
1501 455 1778 535 Ἀχαιῶν
1824 462 2328 536 χαλκοχιτώνων.

310 570 363 624 Λ
402 559 527 625 806
568 561 654 637 βῆ
702 559 765 623 δὲ
814 561 965 624 θέειν
1012 582 1121 622 πα
1139 559 1231 638 ρὰ
1282 566 1431 632 νῆας
1484 559 1585 624 ἐπ’
1638 559 1934 632 Αἰακίδην
1981 563 2303 641 Ἀχιλῆα,

556 666 705 730 ἀλλ’
754 662 857 730 ὅτε
902 665 972 738 δὴ
1024 663 1242 731 κατὰ
1290 673 1441 738 νῆας
1493 662 1836 741 Ὀδυσσῆος
1884 666 2052 732 θείοιο

556 767 644 849 ἷξε
697 760 859 848 θέων,

228 881 325 962 qui
382 877 549 942 locus
615 875 1046 948 διδασκαλικός
1120 881 1237 942 est.
1308 875 1369 940 Ν
1372 898 1494 942 uno
1559 880 1786 963 opinor
1843 879 2174 964 apparebit
2233 901 2346 946 our
2405 887 2574 948 reete

226 982 457 1071 legatur
500 981 755 1050 B47=
784 980 911 1049 187
959 983 1068 1048 σὺν
1117 985 1199 1063 τῷ
1248 982 1365 1061 ἔβη
1414 985 1585 1050 κατὰ
1637 991 1805 1058 νῆας.

295 1201 547 1271 XXXV.
594 1183 942 1290 Dispiiouit
977 1201 1171 1268 Vobis
1198 1191 1373 1287 'quae
1414 1202 1622 1272 forma
1651 1205 1948 1269 omnibus
1973 1203 2298 1290 displicuit
2325 1215 2372 1270 K
2403 1204 2572 1270 364:

549 1313 701 1374 λαοῦ
749 1309 1185 1386 ἀποτμήξαντ’
1236 1306 1666 1373 έδιώιιετον
1716 1308 1974 1385 ἐμμενές
2029 1312 2211 1388 αἰεί.,

220 1413 313 1478 sed
352 1417 536 1480 nimis
582 1435 839 1501 operose
886 1414 1053 1478 mihi
1098 1413 1319 1479 locum
1370 1419 1649 1480 tentasse
1699 1414 2031 1480 videmini.
2082 1414 2318 1495 Quidni
2363 1417 2578 1482 scribi·

219 1541 347 1584 mus
406 1519 872 1586 ε’διώκαθονῗ
934 1518 1127 1586 Vobis
1189 1522 1413 1605 utique
1461 1542 1590 1586 non
1637 1542 1798 1606 opus
1844 1527 1943 1587 est
1987 1543 2284 1588 revocare
2330 1525 2398 1586 in
2445 1544 2576 1588 me-

219 1628 466 1690 moriam
522 1627 758 1691 formas
818 1623 1037 1711 quales
1100 1630 1251 1690 sunt
1298 1625 1555 1703 ἐκίαθον,
1607 1625 1880 1708 ἔσχεθον,
1933 1628 2154 1692 τελέθω
2177 1676 2194 1705 ,
2244 1627 2572 1708 Φλεγέθω,

218 1731 535 1810 νεμέθοντο,
598 1732 906 1810 ἐέργαθεν,
973 1730 1242 1807 θαλέθω,
1290 1729 1557 1810 Φαέθων,
1609 1731 1994 1812 ἠγερέθοντο,
2053 1733 2422 1813 ἠερέθονται·
2473 1735 2574 1799 his

220 1835 415 1902 formis
478 1836 769 1902 librarios
828 1834 1157 1902 interdum
1220 1835 1463 1902 bellum
1523 1837 1834 1903 indixisse
1852 1887 1870 1916 ,
1937 1838 2103 1904 dicet
2149 1837 2574 1905 Ruhnkenius

219 1941 285 2005 ad
324 1941 649 2010 Timaeum
698 1965 761 2029 p.
809 1941 918 2009 87.
968 1940 1283 2021 Quoniam
1328 1942 1523 2028 longa
1568 1943 1806 2009 vocalis
1855 1945 2207 2030 praecedit,
2260 1945 2574 2011 ἐδίωκαθον

220 2047 395 2114 forma
438 2055 688 2136 recepta
734 2049 858 2114 fuit
904 2055 969 2115 et
1016 2050 1377 2124 μετεκίαθον
1426 2055 1492 2114 et
1538 2051 1844 2130 ἐέργαθεν,
1895 2050 2004 2116 sed
2043 2054 2113 2115 in
2154 2049 2417 2137 reliquis
2455 2057 2578 2117 ter-

220 2155 461 2220 minatio
504 2160 604 2222 est
647 2158 717 2218 in
762 2163 974 2220 ΕΘΩ.

295 2372 579 2439 XXXVI.
650 2373 908 2440 Ferrine
954 2379 1164 2459 potest
1211 2378 1348 2439 tam
1397 2374 1674 2441 elumbis
1718 2374 2073 2445 versiculus
2089 2425 2105 2454 ,
2155 2376 2362 2463 qualis
2401 2380 2574 2444 inve-

223 2481 371 2544 nitur
414 2478 799 2556 Λ679--ξ
828 2479 992 2544 101;
1083 2533 1089 2538 .

459 2587 657 2652 τόσσα
705 2587 860 2651 συῶν
907 2585 1211 2664 συβόσια,
1263 2584 1400 2652 τόσ’
1450 2584 1711 2652 αἰπόλια
1761 2586 1990 2653 πλατέ’
2040 2587 2298 2666 αἰγῶν]

222 2688 557 2758 Notandum
619 2687 805 2770 ἅπαξ·
863 2693 1125 2770 εἰρῆσθαι
1187 2691 1575 2757 vocabulum
1623 2692 1924 2772 συβόσια,
1973 2697 2066 2757 in.
2090 2715 2213 2780 quo
2260 2695 2571 2782 producta

222 2798 583 2880 paenultima
643 2797 893 2886 syllaba
951 2799 1259 2864 miraculo
1323 2804 1438 2864 est.
1503 2797 1920 2866 Commodius
1967 2805 2136 2866 oerte
2183 2807 2371 2886 poeta
2420 2800 2568 2866 dare

222 2907 436 2986 potuit:

460 3010 660 3077 τόσσα
706 3018 857 3076 συῶν
904 3011 1209 3092 συφεούς,
1258 3009 1433 3076 τόσσ’
1483 3009 1745 3076 αἰπόλια
1797 3012 2032 3076 πλατέ’
2081 3011 2296 3089 αἰγῶν.

292 3210 613 3278 XXXVII.
661 3212 1029 3279 Admodum
1067 3216 1265 3278 miror
1301 3234 1523 3279 veram
1556 3212 1898 3279 lectionem
1937 3211 2223 3278 nondum
2253 3218 2571 3298 repertam

222 3313 387 3384 fuisse
450 3330 508 3385 Λ
538 3317 689 3397 791,
752 3339 955 3404 quum
1014 3327 1229 3385 tamen
1288 3325 1437 3385 ante
1495 3319 1686 3405 pedes
1747 3321 1956 3404 posita
2003 3322 2108 3384 sit.
2157 3318 2363 3385 Verba
2413 3325 2565 3384 sunt

223 3419 475 3492 Nestoris
522 3425 601 3491 ad
645 3425 1051 3492 Patroclum:

1432 3530 1583 3596 ἀλλ’
1635 3530 1723 3596 ἔτι
1774 3531 1878 3595 καὶ
1927 3535 2029 3594 νῦν

463 3639 696 3708 ταῦτ’
747 3636 1010 3708 εἴποις
1062 3639 1397 3718 Ἀχιλῆϊ
1444 3637 1861 3718 δαΐφρονι,
1911 3635 1984 3700 αἰ
2027 3661 2096 3700 κε
2144 3637 2433 3711 πίθηται·

464 3745 557 3816 τίς
604 3739 714 3809 οἶδ’
759 3743 819 3809 εἴ
862 3767 962 3807 κεν
1010 3741 1061 3808 οἰ
1107 3742 1217 3807 σὺν
1260 3742 1500 3820 δαίμονι
1548 3743 1734 3819 θυμὸν
1781 3744 1999 3822 ὀρίναις

467 3849 807 3931 παρειπών,
857 3851 1068 3928 ἀγαθὴ
1115 3849 1178 3914 δὲ
1226 3851 1625 3929 παραίφασίς
1675 3849 1797 3916 ἑςιν
1845 3848 2101 3928 ἑταίρου.

225 3949 564 4024 correxerat
606 3957 934 4024 Bentleius
982 3956 1170 4029 εἴποις
1222 3959 1425 4034 ταῦτ’,
1474 3954 1773 4042 Heynius
1818 3956 1904 4019 τὰ
1952 3954 2141 4024 εἴποις
2161 4002 2176 4030 ,
2227 3955 2338 4019 sed
2378 3954 2572 4022 Vobis

224 4067 457 4144 gravius
500 4067 736 4130 vitium
779 4067 985 4130 inesse
1032 4061 1306 4129 videtur.
1356 4061 1648 4127 Vultisne
1695 4082 1951 4127 mecum
1997 4061 2335 4126 rescribere
2383 4085 2430 4126 π
2455 4087 2496 4125 α
2517 4087 2574 4142 ρ-

228 4168 459 4242 είτοις
524 4167 877 4251 Ἀχιλῆα
941 4167 1390 4250 δαΐφροναί
1452 4167 1593 4235 Hoo
1655 4174 1822 4234 certe
1887 4170 1945 4233 si
2005 4170 2074 4232 in
2138 4165 2320 4232 libris
2367 4173 2568 4246 esset,

226 4293 381 4343 nemo
448 4276 593 4344 sede
658 4281 967 4344 moveret.
1028 4274 1226 4342 Video
1291 4274 1551 4362 quidem
1611 4275 1794 4340 brevi
1850 4271 2188 4338 intervallo
2249 4293 2570 4340 recurrere

230 4387 514 4462 ταρείποις
534 4431 551 4462 ,
614 4382 943 4467 παρειπών,
1008 4381 1397 4462 παραίφασις
1421 4429 1437 4458 ,
1485 4379 1595 4446 sed
1645 4379 1722 4445 de
1769 4380 1887 4446 hoo
1938 4384 2320 4467 argumento
2371 4379 2568 4444 Lehr·
