3192 5009
1028 346 1112 391 AD
1160 342 1505 392 merom
1548 342 1884 392 scnmcffl.
2511 324 2642 391 209

268 530 498 576 veram
515 530 530 586 ;
596 510 705 576 sed
765 508 980 595 paullo
1027 510 1212 575 aliter
1257 530 1449 595 quam
1494 524 1615 597 ego
1661 508 1900 574 nodum
1946 508 2189 576 solvere
2237 514 2502 575 conatus
2548 514 2646 575 est

264 616 423 695 ille,
486 619 751 683 coniecit
800 620 972 682 enim
1016 619 1085 681 in
1129 616 1493 703 Hypothesi
1535 615 1880 703 legendum
1927 637 2062 681 esse
2110 616 2178 679 τὸ
2226 617 2434 693 δρᾶμα
2483 617 2650 681 δοκεῖ

272 724 701 800 ὑποβιλέσθκι
778 726 909 786 καὶ
984 724 1396 799 Νεόφρων,
1471 743 1610 787 sero
1669 731 1892 787 natum
1954 730 2210 807 poetam
2270 722 2646 809 Sicyonium

264 830 445 895 hunc
508 830 702 895 fuisse
756 837 949 895 ratus.
1013 827 1408 915 Quapropter
1451 850 1676 913 operae
1724 831 2004 915 pretium
2053 829 2207 893 duxi
2255 851 2468 895 meam
2516 832 2647 916 opi—

262 937 532 1000 nionem
578 956 887 1020 exponere
932 943 995 999 et
1042 934 1400 1020 periculum
1446 934 1649 999 facere
1699 955 1778 998 an
1827 933 1986 1000 forte
2035 937 2094 999 ei
2142 934 2406 1020 aliisque
2445 934 2648 1021 philo-

260 1040 443 1129 logis
488 1042 861 1127 persuadere
907 1044 1165 1127 possim.

1294 1302 1620 1311 ——————

928 1490 1032 1556 VI.
1096 1510 1179 1557 nn
1226 1509 1567 1559 sornooms
1613 1508 1980 1559 rani-oms.

366 1690 688 1755 Acerrime
730 1688 889 1754 olim
928 1688 1268 1767 Seidlerus,
1302 1690 1673 1756 Hermanno
1701 1710 1852 1755 usus
1880 1689 2126 1769 ἐφέδρῳ,
2151 1710 2302 1755 cum
2325 1689 2644 1757 Boeckhio

260 1798 654 1883 disceptavit
701 1795 777 1860 de
825 1799 1192 1880 quaestione
1210 1844 1227 1873 ,
1291 1816 1483 1881 quam
1546 1799 1752 1882 primo
1816 1796 2113 1881 adspectu
2174 1800 2426 1863 mireris
2483 1800 2646 1863 tanti

258 1904 637 1969 certaminis
682 1922 940 1965 causam
986 1910 1200 1966 extare
1246 1905 1562 1985 potuisse,
1613 1904 1925 1965 nimirum
1971 1909 2193 1967 utrum
2241 1901 2644 1990 Olympiadis

261 2010 363 2075 84
414 2028 575 2073 anno
620 2005 1013 2091 paenultimo
1054 2027 1133 2071 an
1172 2010 1491 2092 sequentis
1532 2005 1931 2093 Olympiadis
1970 2029 2131 2073 anno
2171 2012 2378 2095 primo
2400 2017 2643 2088 (mense

258 2117 480 2202 igitur
538 2112 774 2177 Martio
836 2115 983 2176 anni
1044 2111 1169 2176 441
1235 2121 1347 2177 aut
1412 2112 1569 2192 439)
1620 2113 1764 2179 data
1811 2113 2006 2179 fuerit
2049 2114 2380 2203 Sophoclis
2427 2115 2644 2181 fabula

261 2224 619 2308 Antigona.
2609 2239 2618 2248 ·

363 2324 824 2412 chronologiae
888 2330 1106 2389 autem
1150 2328 1428 2390 scenicae
1474 2325 1928 2391 titanomachia
1973 2325 2088 2391 illa
2135 2332 2286 2392 tunc
2335 2332 2642 2414 temporis

262 2456 401 2499 non
469 2432 757 2497 multum
826 2431 1098 2515 profuit;
1168 2434 1469 2496 incertior
1528 2434 1700 2497 enim
1764 2452 1958 2517 quam
2025 2438 2210 2498 antea
2271 2454 2370 2499 res
2418 2435 2641 2500 exinde

260 2538 499 2605 multis
566 2541 706 2603 visa
776 2546 899 2613 est,
966 2543 1152 2623 atque
1215 2537 1472 2602 fuerunt
1537 2538 1692 2603 adeo
1756 2541 1867 2623 qui
1929 2540 2375 2605 contenderent
2424 2540 2642 2607 drama

258 2648 387 2712 hoc
458 2649 710 2730 poetam
770 2644 1177 2707 tricenarium
1240 2646 1449 2727 potius
1512 2642 1772 2728 prodere
1835 2664 2029 2728 quam
2092 2648 2638 2733 quinquagenario

258 2754 597 2817 maiorem.
671 2747 892 2832 Itaque
951 2746 1279 2812 Nauckius
1338 2751 1404 2812 in
1453 2748 1920 2835 prolegomenis
1965 2750 2262 2816 editionis
2308 2750 2640 2817 Schneide-

260 2859 579 2921 winianae
641 2862 859 2918 auctor
918 2858 1015 2917 est
1078 2860 1151 2917 ut
1212 2875 1467 2918 omnem
1527 2854 1720 2919 fidem
1781 2856 2168 2942 denegemus
2227 2860 2310 2922 iis
2356 2879 2518 2944 quae
2565 2857 2642 2923 de

260 2972 555 3048 tempore
603 2981 727 3045 quo
774 2960 1097 3044 Antigona
1141 2980 1358 3025 scenae
1407 2964 1750 3025 commissa
1794 2968 1890 3026 est
1928 2963 2162 3028 tradita
2200 2967 2578 3049 accepimus.

361 3067 542 3149 Quod
588 3088 737 3131 cum
780 3068 849 3129 in
895 3064 1193 3130 hodierna
1240 3064 1771 3131 documentorum
1819 3067 1898 3131 ad
1943 3069 2272 3133 historiam
2327 3074 2639 3137 scenicam

259 3176 728 3261 pertinentium
773 3174 987 3258 inopia
1031 3174 1247 3236 minus
1290 3180 1509 3236 tutum
1556 3172 1870 3251 videatur,
1911 3176 2277 3241 testimonia
2316 3197 2474 3262 quae
2515 3178 2640 3243 huc

262 3284 512 3349 faciunt
558 3280 761 3345 denuo
809 3278 1183 3343 recensenda
1226 3278 1525 3343 videntur
1571 3286 1636 3344 et
1681 3281 1959 3345 breviter
2002 3281 2394 3349 diudicanda.

361 3384 739 3473 Sophoclem
799 3384 1135 3469 aliquando
1197 3386 1501 3469 praetoris
1562 3405 1824 3450 munere
1872 3385 2166 3451 functum
2211 3409 2379 3466 esse,
2428 3393 2639 3455 certis-

266 3497 432 3559 sime
494 3500 771 3567 constat,
836 3511 872 3554 a
935 3489 1224 3575 pluribus
1287 3492 1458 3555 enim
1521 3492 1793 3556 testibus
1854 3491 2223 3571 affirmatur,
2271 3516 2474 3579 neque
2521 3500 2639 3561 mi·

266 3599 543 3664 randum
607 3604 734 3674 est,
786 3599 1018 3681 quippe
1066 3616 1258 3680 quem
1307 3598 1583 3661 sciamus
1629 3600 1825 3662 etiam
1873 3597 2473 3665 hellenotamiarum
2517 3602 2640 3668 col-

263 3702 441 3791 legio
490 3703 853 3779 interfuisse
902 3700 1030 3779 (Ol.
1082 3699 1189 3777 84,
1217 3701 1306 3781 2).

361 3808 671 3873 Omnibus
731 3814 950 3872 autem
994 3806 1265 3871 testibus
1312 3810 1367 3871 si
1417 3807 1568 3872 fides
1614 3815 1711 3873 est
1757 3808 2043 3875 habenda
2059 3858 2076 3889 ‚
2126 3828 2250 3875 trun
2295 3809 2637 3899 Sophocles

264 3924 521 4000 praetor
565 3916 711 3980 fuit.

360 4022 446 4087 Et
490 4038 683 4086 PRIMO
728 4019 985 4105 quidem
1025 4018 1122 4084 Ol.
1160 4018 1267 4096 81,
1297 4018 1336 4084 3
1364 4045 1442 4070 =
1467 4019 1597 4084 454
1645 4041 1770 4085 una
1807 4041 1956 4086 cum
1995 4021 2240 4087 Pericle
2278 4033 2637 4103 στρατηγῶν

268 4126 683 4213 Peloponnesi
731 4146 869 4190 oras
918 4128 1231 4202 vastavit,
1281 4131 1442 4190 teste
1488 4126 1734 4190 Iustino
1783 4126 1876 4190 ΠΙ
1927 4126 1986 4203 6,
2036 4130 2219 4192 cuius
2268 4131 2460 4195 verba
2505 4132 2640 4198 bre-

269 4234 415 4298 vius
474 4235 807 4299 enunciata
868 4231 946 4296 ad
1011 4253 1139 4309 res,
1204 4252 1362 4317 quae
1424 4232 1541 4297 hoc
1607 4252 1767 4296 anno
1814 4240 2032 4319 gestae
2081 4240 2264 4311 sunt,
2315 4235 2638 4303 referenda

274 4358 407 4405 esse
467 4348 642 4424 patet
702 4360 780 4404 ex
842 4336 1129 4424 Thucyd.
1177 4337 1208 4401 I
1261 4337 1422 4415 111,
1486 4337 1663 4403 Plut.
1727 4338 1952 4404 Pericl.
2000 4361 2062 4424 p.
2120 4338 2312 4419 1630,
2377 4341 2635 4409 Diodor.

278 4442 372 4507 XI
421 4444 525 4510 65.

2289 4567 2351 4617 14
