3192 5009
591 220 723 285 256
1394 240 1477 287 DE
1525 241 1676 287 man
1724 240 2176 288 osnun'rmm.

589 405 904 488 pertinere
951 403 1030 468 ad
1074 405 1405 468 ineuntem
1446 424 1688 469 annum
1730 402 1815 468 58
1861 409 1925 470 et
1964 410 2256 490 tempora
2295 407 2586 490 proxime
2625 409 2955 491 superiora

589 511 774 574 Prior
813 532 958 595 pars
997 513 1134 576 eius
1174 514 1524 575 sententiae
1557 514 1762 581 ‚etiam
1806 514 2086 596 pertinet
2132 511 2211 575 ad
2259 511 2747 597 descriptionem
2796 512 2976 576 illam

588 620 921 682 universae
984 617 1484 682 obnuntiationis
1551 617 1625 682 de
1686 616 1857 682 caelo
1877 666 1892 695 ,
1960 639 2156 702 quam
2219 621 2574 702 praemisit.
2625 618 2746 698 Qui
2797 620 2979 682 novit

587 726 1042 808 proprietatem
1090 726 1397 788 sermonis
1450 745 1574 808 quo
1623 723 1747 788 Dio
1794 725 2004 788 utitur
2051 727 2316 808 eiusque
2364 724 2975 810 breviloquentiam,

586 852 712 893 non
773 831 1115 894 mirabitur
1176 830 1251 894 ab
1311 850 1384 894 eo
1431 832 1497 893 in
1545 850 1743 894 unam
1792 834 2174 894 sententiam
2225 834 2562 896 coniuncta
2610 853 2741 896 esse
2794 852 2978 918 gene-

584 935 744 1000 ralia
791 935 893 1015 (de
943 937 1450 1014 obnuntiatione)
1501 942 1565 1000 et
1614 935 1915 1020 specialia
1963 936 2067 1016 (de
2113 936 2259 1023 lege
2309 934 2577 1016 Clodia).
2626 936 2792 1003 Sane
2837 958 2977 1002 auc-

586 1049 686 1106 tor
749 1045 859 1127 qui
920 1042 1473 1107 obnuntiationem
1536 1041 1914 1106 brevissime
1977 1040 2291 1127 explicare
2356 1047 2422 1107 et
2483 1046 2665 1127 quasi
2711 1042 2971 1107 definire

581 1148 763 1225 vult,
816 1148 1063 1212 duobus
1110 1148 1318 1212 modis
1365 1147 1431 1211 id
1480 1148 1683 1212 facere
1733 1153 1974 1232 potest;
2031 1154 2144 1212 aut
2188 1169 2332 1213 eam
2366 1152 2504 1212 vim
2546 1150 2972 1214 obnuntiatio-

585 1257 684 1318 nis
746 1254 947 1318 solam
1009 1254 1356 1331 indicabit,
1420 1275 1581 1339 quae
1647 1260 1820 1319 certo
1870 1254 2147 1338 quodam
2197 1261 2482 1340 tempore
2533 1256 2609 1320 de
2658 1277 2784 1340 quo
2835 1259 2971 1341 agit

584 1363 651 1423 in
698 1363 836 1425 iure
884 1358 1136 1445 publico
1185 1359 1425 1438 valuit,
1475 1358 1768 1446 neglecta
1815 1367 1880 1425 et
1927 1363 2162 1424 omissa
2201 1363 2339 1425 eius
2379 1363 2447 1425 vi
2486 1363 2787 1426 universa
2806 1381 2822 1438 ;
2863 1362 2979 1425 hoc

587 1466 736 1529 fecit
796 1466 1142 1542 Asconius,
1209 1487 1358 1530 cum
1424 1467 1760 1543 scriberet,
1813 1487 1960 1552 pag.
2011 1464 2088 1530 9:
2143 1467 2596 1543 „obnuntiati0‚
2646 1491 2761 1553 qua
2802 1490 2974 1549 per—

588 1571 936 1635 niciosis
977 1572 1301 1651 leqibus
1340 1572 1765 1635 resistebatur''
1785 1593 1801 1649 ;
1846 1578 1991 1650 aut,
2036 1572 2348 1658 neglectis
2385 1576 2584 1637 variis
2623 1573 2975 1638 rationibus

587 1679 820 1763 quibus
865 1698 1007 1741 eam
1055 1699 1306 1762 semper
1354 1678 1718 1743 adhibuerit
1765 1680 1867 1742 ius
1915 1678 2286 1763 publicum,
2327 1678 2636 1743 indicabit
2672 1680 2827 1764 quid
2869 1700 2977 1764 per

587 1805 652 1847 se
713 1783 1028 1859 valuerit;
1094 1784 1264 1868 quod
1326 1784 1476 1849 fecit
1522 1784 1664 1850 Dio.
1717 1784 1841 1863 Qui
1888 1784 2006 1850 hoc
2054 1785 2241 1861 facit,
2290 1806 2416 1849 non
2467 1784 2653 1850 debet
2700 1806 2843 1849 eam
2889 1806 2974 1849 re-

587 1891 749 1967 ferre
799 1890 878 1954 ad
925 1911 1132 1954 unum
1177 1911 1382 1975 genus
1430 1893 1873 1967 comitiorum,
1923 1911 2073 1955 nam
2121 1912 2235 1976 per
2283 1912 2348 1956 se
2399 1895 2739 1976 (quatenus
2785 1891 2969 1955 licuit

589 1998 665 2062 de
728 1996 897 2062 caelo
962 2004 1239 2077 servare)
1289 1998 1693 2062 obnuntiatio
1743 2018 1939 2082 aeque
1985 1997 2195 2062 valuit
2239 2001 2308 2061 in
2353 1996 2581 2084 legum
2626 1998 2968 2063 lationibus

587 2111 651 2170 et
696 2104 952 2168 iudiciis
1001 2102 1222 2189 populi
1243 2152 1258 2180 ,
1308 2125 1504 2190 aeque
1552 2108 1618 2169 in
1667 2107 2174 2190 magistratuum
2220 2106 2678 2182 creationibus,
2719 2106 2970 2169 etiamsi

586 2210 664 2274 ab
734 2211 836 2274 his
901 2230 1044 2273 eam
1107 2214 1385 2275 removit
1448 2210 1552 2275 lex
1613 2232 1668 2274 a.
1739 2209 1866 2274 154
1931 2210 2095 2287 lata,
2145 2209 2222 2274 ab
2266 2210 2399 2274 illis
2444 2209 2549 2274 lex
2600 2231 2652 2274 a.
2707 2210 2794 2274 58
2842 2210 2965 2274 lata

589 2317 870 2382 demum.
919 2316 1047 2381 Hic
1092 2315 1270 2381 locus
1316 2318 1523 2402 igitur
1568 2317 1839 2380 minime
1888 2338 2002 2380 nos
2051 2318 2227 2401 cogit
2267 2322 2582 2394 statuere,
2626 2316 2967 2381 secundum

586 2426 968 2490 sententiam
1016 2422 1239 2486 Dionis
1288 2443 1450 2486 anno
1499 2421 1583 2486 58
1631 2421 1806 2486 idem
1850 2424 1952 2485 ius
1997 2421 2279 2486 valuisse
2319 2425 2388 2485 in
2428 2428 2700 2507 utroque
2741 2441 2966 2509 genere

586 2531 1014 2593 comitiorum.
1059 2526 1226 2593 Cum
1266 2535 1481 2591 autem
1527 2549 1626 2592 res
1665 2531 1805 2614 ipsa
1845 2527 2038 2592 dubia
2074 2549 2201 2592 non
2241 2530 2358 2605 sit,
2401 2533 2465 2592 et
2506 2534 2604 2593 tot
2652 2531 2966 2611 tantisque

584 2636 983 2720 argumentis
1044 2640 1233 2719 (quae
1296 2634 1462 2698 infra
1508 2634 1853 2718 proferam)
1899 2634 2201 2719 probetur
2248 2636 2595 2699 creationes
2640 2638 2966 2721 magistra-

582 2747 775 2805 tuum
837 2742 1087 2804 nonnisi
1150 2745 1295 2803 ante
1360 2761 1414 2803 a.
1471 2739 1600 2803 154
1647 2746 1711 2804 et
1757 2747 1903 2824 post
1951 2760 2006 2803 a.
2062 2738 2147 2803 58
2195 2738 2497 2824 impediri
2544 2743 2827 2824 potuisse
2872 2738 2964 2803 ob-

579 2844 1094 2910 nuntiationibus
1159 2847 1704 2931 magistratuum,
1752 2851 2031 2929 praestat
2078 2847 2299 2929 opinor
2345 2843 2566 2909 locum
2614 2845 2838 2910 Dionis
2877 2847 2963 2908 ita

581 2954 989 3037 interpretari
1047 2955 1124 3015 ut
1190 2952 1341 3022 feci.
1408 2972 1620 3050 quam,
1657 2958 1934 3016 statuere
1983 2950 2260 3015 Dionem
2309 2954 2376 3015 in
2425 2973 2702 3017 errorem
2751 2952 2958 3016 induc-

581 3065 726 3123 tum
791 3080 828 3122 a
888 3079 1040 3123 vero
1102 3058 1491 3123 aberravisse
1510 3079 1526 3136 ;
1594 3061 1862 3123 tertium
1907 3063 2074 3123 certe
2124 3079 2251 3122 non
2301 3057 2507 3122 datur.
2561 3057 2802 3123 Verum
2847 3056 2960 3122 Dio

578 3168 747 3250 ipse,
812 3169 888 3228 ut
949 3167 1237 3249 primum
1300 3186 1459 3250 opus
1522 3170 1652 3241 est,
1721 3167 1835 3230 ubi
1899 3165 1974 3230 de
2036 3164 2179 3250 lege
2243 3162 2466 3231 Clodia
2513 3167 2653 3249 ipsa
2700 3166 2959 3229 scribere

580 3274 820 3355 coepit,
893 3276 1060 3334 recte
1132 3269 1477 3354 distinguit
1544 3291 1780 3356 genera
1850 3272 2296 3346 comitiorum,
2370 3275 2434 3334 et
2507 3273 2661 3335 satis
2730 3270 2962 3335 indicat

580 3377 797 3462 legem
859 3373 1150 3441 Clodiam
1197 3379 1475 3440 vetuisse
1526 3376 1892 3440 obnuntiari
1938 3397 2088 3440 cum
2133 3375 2312 3461 leges
2359 3376 2673 3442 ferrentur
2719 3376 2956 3450 solum,

581 3484 639 3546 ἐν
689 3478 790 3552 αἶς
843 3482 1093 3560 ἡμέραις
1143 3483 1551 3560 ψηφίσασθαί
1597 3507 1654 3546 τι
1706 3482 1809 3545 τὸν
1861 3482 2047 3557 δῆμον
2096 3483 2441 3559 ἀναγκαῖον
2493 3478 2579 3556 ἦν.

671 3588 893 3673 Itaque
938 3591 1071 3652 iam
1120 3587 1196 3651 ad
1243 3591 1453 3672 ipsam
1502 3592 1942 3673 quaestionem
1989 3610 2366 3675 aggressus,
2415 3592 2705 3674 primum
2752 3595 2956 3654 statuo

581 3694 852 3758 tribunis
901 3693 1107 3777 plebis
1152 3714 1510 3778 numquam
1557 3694 1815 3760 licuisse
1865 3694 1940 3759 de
1989 3694 2160 3759 caelo
2208 3716 2459 3761 servare
2501 3718 2649 3761 cum
2689 3716 2957 3761 crearen-

577 3808 685 3864 tur
754 3802 997 3865 tribuni
1064 3807 1128 3865 et
1197 3800 1434 3865 aediles
1509 3800 1711 3885 plebis
1740 3800 1809 3881 1).
1884 3802 2288 3887 Argumento
2364 3802 2733 3867 firmissimo
2797 3808 2955 3876 utor,

654 4037 694 4085 ἠ
754 4032 891 4089 *sumi
942 4046 1297 4096 nonnumquam
1344 4032 1526 4080 tribuni
1572 4035 1621 4080 et
1668 4032 1843 4081 aediles
1879 4032 2029 4097 plebis
2065 4034 2351 4097 magistratu
2385 4034 2536 4084 abacti
2572 4039 2683 4084 sunt
2718 4038 2954 4099 tamquam

578 4117 690 4157 ;.··’.-“.ω
738 4114 889 4161 :anfi
932 4116 1186 4173 (Mnemos.
1227 4115 1400 4162 XVIII
1438 4132 1484 4178 p.
1521 4115 1618 4162 421
1659 4115 1765 4163 adn.
1804 4117 1848 4173 1,
1886 4119 1933 4163 et
1969 4131 2098 4180 supr.
2138 4133 2241 4180 pag.
2279 4118 2345 4166 89
2381 4118 2489 4166 adn.
2526 4119 2596 4180 2),
2635 4119 2683 4166 id
2719 4135 2809 4167 non
2845 4117 2950 4167 rese·

582 4205 774 4241 mnium
814 4201 878 4241 flat
912 4196 971 4243 ad
1007 4196 1217 4259 auspicia
1246 4196 1459 4259 quaesita
1494 4200 1541 4244 et
1572 4196 1986 4245 obnuntiationem
2016 4196 2310 4261 neglectam,
2339 4198 2419 4246 sed
2446 4199 2505 4246 ad
2537 4199 2744 4264 auspicia
2761 4199 2953 4248 fortuito

578 4281 702 4325 ium.-
742 4277 932 4325 ··-.rniiia
965 4282 1240 4341 conspecta,
1278 4293 1429 4341 quae,
1466 4294 1573 4326 cnm
1612 4278 1825 4341 neglecta
1861 4282 2017 4327 essent
2051 4280 2107 4327 ab
2143 4295 2197 4327 eo
2234 4280 2316 4341 qui
2351 4281 2558 4329 comitiis
2595 4288 2839 4346 praeerat,
2875 4296 2952 4346 pro

586 4365 734 4421 impr-l
750 4361 754 4405 i
770 4365 920 4406 awirnto
952 4358 1164 4407 habenda
1194 4360 1334 4408 fuisse
1354 4366 1401 4408 et
1419 4360 1710 4409 creationem
1730 4362 1950 4410 vitiosam
1969 4361 2228 4411 reddidisse
2249 4367 2408 4426 postea
2429 4363 2726 4412 decreverint
2746 4379 2952 4425 augures.
