3192 5009
445 220 576 287 452
1097 237 1182 289 1111
1225 240 1843 292 1111011011111011111116
1889 242 2186 293 nomme.

444 412 847 493 gurarentur.
895 406 1249 470 Antonium
1267 455 1284 484 ,
1327 409 1623 491 quamvis
1665 406 1897 472 flamen
1942 414 2107 474 esset
2124 456 2141 485 ,
2192 414 2400 474 tamen
2452 406 2845 475 flamonium

442 532 566 577 non
610 513 772 577 inire
817 532 967 577 cum
1011 532 1136 577 non
1184 514 1683 600 inauguraretur
1698 562 1715 591 ,
1764 518 1830 579 et
1878 513 2302 579 sacerdotium
2352 508 2841 600 „relinquere”‚

444 617 598 683 dicit
646 615 864 684 Cicero
897 616 943 698 ¹)
959 638 976 696 3
1027 638 1178 683 eum
1225 639 1418 704 quem
1464 639 1519 683 a.
1578 616 1708 684 180
1759 640 1980 706 regem
2026 640 2350 686 sacrorum
2396 626 2655 707 captum
2691 634 2843 686 esse

441 730 654 790 narrat
676 724 904 788 Livius
925 730 1098 810 (pag.
1122 722 1248 789 451
1273 724 1414 789 adn.
1439 722 1524 805 1),
1553 724 1979 790 sacerdotium
2005 748 2128 791 non
2150 730 2370 793 iniisse
2396 734 2658 814 apparet
2680 730 2840 793 ante

442 833 1001 919 inaugurationem
1019 879 1036 909 ,
1086 833 1235 915 quia
1282 837 1425 895 tum
1469 832 1889 917 magistratus
1939 834 2133 897 etiam
2172 837 2326 898 erat.
2392 832 2585 899 Recte
2624 836 2845 921 igitur

445 958 511 1003 se
574 937 764 1003 habet
828 936 998 1022 quod
1063 934 1413 1023 Dionysius
1462 935 1538 1001 de
1586 936 1994 1022 pontificibus
2042 938 2263 1003 scribit
2308 938 2397 1017 (2.
2428 935 2572 1018 73):
2621 963 2838 1019 παρα-

445 1042 765 1121 λαμβάνει
815 1047 923 1118 τὴν
973 1044 1280 1121 ἱερατείαν
1331 1042 1358 1107 ὃ
1404 1040 1830 1122 δοκιμασθείς,
1877 1044 1983 1108 εᾶν
2022 1043 2307 1122 εὐόρνιθες
2348 1046 2513 1124 αὐτῷ
2553 1045 2837 1125 τύχωσιν

442 1152 623 1217 οἰωνοὶ
686 1148 998 1228 γενόμενοι
1017 1171 1033 1228 ;
1103 1169 1496 1235 quamquam
1560 1170 1686 1213 non
1758 1150 1940 1216 credo
2009 1148 2393 1238 Dionysium
2462 1150 2623 1217 clare
2693 1169 2838 1237 per—

442 1258 723 1344 spexisse
740 1305 757 1334 ,
820 1255 886 1320 id
943 1254 1023 1320 ad
1069 1256 1479 1321 caerimoniae
1528 1255 1794 1321 ineundi
1840 1262 2098 1322 tantum
2143 1260 2458 1343 pertinere
2476 1308 2493 1335 ‚
2543 1278 2703 1343 quae
2748 1253 2834 1323 ad

440 1365 542 1428 ius
590 1362 755 1427 1111111
799 1362 1073 1440 faciunt,
1124 1368 1189 1427 et
1235 1382 1376 1426 eam
1427 1363 1504 1427 ob
1539 1383 1798 1427 causam
1840 1368 2094 1429 tantum
2128 1363 2479 1430 sacerdotes
2518 1367 2836 1450 tantisper

440 1470 817 1535 abstinuisse
879 1470 1071 1533 sacris
1088 1515 1103 1546 ,
1171 1468 1341 1553 quod
1402 1467 1468 1532 id
1529 1469 1814 1534 moribus
1877 1476 2207 1556 receptum
2278 1477 2343 1534 et
2413 1491 2450 1535 a
2523 1471 2832 1538 Pontifice

439 1572 617 1641 Max.
674 1577 1134 1661 praescriptum
1177 1580 1347 1652 erat,
1394 1596 1518 1639 non
1557 1573 1726 1661 quod
1764 1576 1902 1640 iure
1942 1574 2277 1641 sacerdotii
2318 1584 2635 1657 carerent;
2678 1598 2831 1643 nam

440 1684 509 1747 in
557 1702 753 1767 regno
799 1680 918 1746 hoc
967 1702 1092 1746 non
1142 1683 1467 1767 perspexit
1512 1679 1864 1768 Dionysius
1913 1687 2087 1769 (pag’.
2138 1681 2271 1746 444
2319 1682 2461 1747 adn.
2513 1682 2602 1764 2).
2652 1682 2829 1763 Quod

444 1808 592 1853 sane
653 1788 907 1853 mireris
929 1836 944 1865 ,
1007 1789 1134 1873 ipsi
1197 1788 1533 1873 scriptores
1579 1789 1739 1853 iuris
1790 1789 1980 1873 periti
2026 1791 2093 1853 in
2140 1789 2259 1854 hac
2304 1810 2371 1855 re
2419 1796 2821 1867 erraverunt,

445 1914 593 1959 cum
653 1896 916 1958 initium
979 1893 1320 1959 sacerdotii
1385 1915 1508 1979 quo
1571 1894 1859 1959 flamines
1920 1894 2118 1960 diales
2180 1916 2214 1960 e
2266 1899 2474 1981 patria
2517 1902 2824 1983 potestate

444 2000 699 2066 exibant
739 2006 1092 2085 repeterent
1132 2001 1210 2065 ab
1251 2002 1742 2086 inauguratione
1759 2049 1775 2078 ,
1820 1990 1971 2086 quia
2010 2010 2155 2066 tum
2187 2002 2611 2068 sacerdotium
2635 2002 2827 2085 speeie

442 2107 758 2184 inibatur,
810 2127 935 2171 non
979 2127 1130 2171 vero
1179 2126 1216 2171 a
1256 2112 1541 2191 tempore
1583 2127 1708 2191 quo
1749 2107 2161 2192 capiebantur
2202 2114 2265 2173 et
2304 2108 2654 2174 sacerdotes
2693 2128 2827 2173 esse

443 2212 828 2299 incipiebant
867 2210 940 2293 ⁹).
1017 2211 1156 2276 Iam
1224 2211 1594 2297 exemplum
1659 2214 1990 2299 virginum
2054 2213 2399 2279 vestalium
2460 2220 2632 2299 (pag.
2692 2210 2817 2275 451

445 2320 586 2385 adn.
655 2319 758 2399 4),
822 2338 1092 2403 quarum
1156 2338 1345 2382 causa
1405 2339 1666 2404 prorsus
1714 2318 1935 2384 eadem
1984 2327 2153 2397 erat,
2202 2339 2304 2385 eos
2347 2318 2679 2385 admonere
2725 2316 2825 2380 de-

444 2426 702 2502 buerat,
753 2426 948 2489 etiam
995 2422 1418 2489 sacerdotium
1466 2422 1801 2489 flaminum
1848 2425 1981 2489 iure
2026 2428 2290 2490 initium
2328 2445 2545 2511 capere
2581 2445 2618 2489 a
2658 2444 2817 2489 crea·

443 2533 615 2597 tione
633 2580 650 2609 ,
713 2526 777 2595 et
837 2552 949 2617 per
1012 2551 1156 2595 eam
1217 2529 1482 2595 dissolvi
1543 2534 1821 2617 patriam
1880 2537 2301 2617 potestatem;
2368 2531 2447 2597 ad
2494 2552 2634 2596 eam
2680 2551 2817 2595 rem

443 2636 606 2702 nihil
667 2636 888 2713 refert,
954 2636 1244 2701 flamines
1305 2640 1727 2725 inauguratos
1790 2659 1923 2703 esse
1978 2640 2253 2702 comitiis
2272 2686 2289 2717 ,
2338 2640 2621 2725 virgines
2669 2655 2819 2701 vero

443 2748 556 2809 aut
601 2744 736 2808 sine
783 2744 1061 2807 comitiis
1110 2748 1222 2809 aut
1270 2765 1394 2809 non
1444 2764 1579 2809 esse
1626 2746 2059 2829 inauguratas.
2135 2739 2449 2809 Credibile
2488 2750 2655 2809 certe
2693 2762 2818 2805 11011

441 2858 572 2929 est,
637 2848 1012 2915 Pontificem
1077 2848 1377 2935 capiendo
1440 2852 1727 2935 potuisse
1774 2847 2157 2913 sacerdotem
2191 2850 2416 2935 facere
2460 2850 2779 2935 virginem
2798 2893 2814 2921 ,

441 2957 756 3038 desiynare
793 2978 944 3023 vero
985 2962 1241 3021 tantum
1285 2958 1567 3040 potuisse
1612 2953 1935 3019 flaminem
1954 3003 1970 3032 ,
2012 2960 2077 3019 et
2113 2975 2150 3018 a
2188 2953 2491 3019 Pontifice
2533 2946 2817 3039 capiente

441 3066 684 3151 virgini
730 3062 1153 3128 sacerdotium
1204 3061 1427 3126 datum
1473 3082 1608 3127 esse
1659 3061 1967 3144 eoetempZO,
2016 3060 2257 3126 flamini
2304 3082 2454 3126 vero
2498 3060 2565 3123 in
2603 3064 2819 3123 certum

447 3170 603 3234 diem
649 3176 714 3235 et
754 3170 859 3232 sub
903 3168 1278 3246 condicione,
1321 3168 1489 3255 quod
1529 3171 1725 3233 etiam
1764 3166 2129 3233 excluditur
2166 3166 2583 3233 similitudine
2620 3167 2819 3252 regni.

449 3274 1003 3356 Quemadmodum
1065 3295 1215 3340 vero
1279 3277 1560 3362 virgines
1577 3324 1594 3353 ,
1658 3296 1809 3340 cum
1868 3274 2066 3340 semel
2127 3282 2345 3360 captae
2407 3278 2645 3350 essent,
2692 3292 2816 3335 non

380 3443 391 3457 ,
446 3381 738 3447 redibant
795 3384 863 3446 in
927 3383 1203 3466 patriam
1265 3386 1648 3467 potestatem
1710 3402 1915 3467 neque
1984 3384 2038 3446 si
2108 3386 2329 3467 postea
2395 3382 2813 3466 exauguratae

448 3488 793 3555 sacerdotio
843 3489 1100 3554 abibant
1119 3538 1136 3567 ,
1185 3509 1389 3574 neque
1435 3490 1490 3554 si
1535 3495 1793 3576 propter
1830 3491 2113 3575 auspicia
2153 3488 2413 3554 adversa
2451 3488 2607 3552 forte
2644 3486 2813 3547 inau-

446 3597 669 3684 gurari
739 3616 861 3660 non
929 3600 1258 3680 poterant,
1330 3598 1418 3661 sic
1491 3599 1645 3661 satis
1715 3603 1961 3660 certum
2032 3602 2128 3659 est
2198 3596 2485 3659 flamines
2544 3594 2598 3657 si
2656 3589 2815 3655 forte

447 3702 858 3789 inauguratio
923 3700 1140 3787 perfici
1190 3724 1312 3767 non
1362 3702 1678 3787 potuisset
1728 3700 1896 3786 quod
1945 3702 2230 3785 auspicia
2276 3699 2539 3766 adversa
2582 3700 2818 3770 essent,

447 3830 578 3875 non
627 3808 820 3873 fuisse
862 3807 1175 3872 redituros
1221 3810 1286 3871 in
1331 3808 1607 3892 patriam
1653 3812 2035 3893 potestatem
2054 3854 2069 3883 ,
2118 3805 2226 3871 sed
2263 3826 2591 3871 mansuros
2630 3804 2817 3867 fuisse

449 3916 552 3981 sui
599 3916 758 3979 iuris
777 3963 793 3992 ,
843 3914 1354 3999 quandoquidem
1400 3913 1688 3979 flamines
1729 3911 2069 4000 aliquando
2110 3912 2378 3978 fuissent
2392 3933 2409 3991 ;
2450 3911 2607 3976 hanc
2642 3928 2778 3973 rem
2794 3953 2812 3984 ,

521 4206 573 4270 1)
610 4205 708 4253 Cic.
745 4202 872 4253 Phil.
911 4203 1188 4253 18.19.41.
1245 4230 1300 4240 -—
1359 4203 1416 4267 8)
1451 4202 1550 4252 Cal.
1591 4204 1635 4251 1.
1657 4202 1778 4253 1301
1819 4208 2094 4269 ‚praeterea
2126 4204 2297 4251 exeunt
2332 4199 2469 4250 libori
2504 4196 2655 4247 virilis
2685 4208 2821 4245 nexus

449 4289 506 4336 de
553 4286 708 4351 patria
750 4290 1008 4351 potestate,
1055 4287 1095 4335 si
1141 4285 1354 4336 flamina
1398 4284 1548 4335 diales
1593 4285 1960 4350 inaugurentur.
2008 4289 2055 4334 et
2092 4284 2309 4335 feminini
2342 4298 2501 4340 nexus,
2538 4279 2577 4329 ei
2611 4276 2821 4343 virgines

451 4370 651 4421 natale·
683 4365 978 4434 cupitum-'2
1021 4368 1208 4435 ulpian.
1248 4369 1329 4419 10.
1351 4370 1399 4420 Β.
