3192 5009
42 4515 46 4690 l

42 4701 300 4946 l..

537 323 668 394 278
1077 409 1080 414 ¹
1479 345 1977 395 ruerunnunus.

533 519 633 577 tra
695 517 1090 596 peccatorem
1135 511 1448 596 quendam
1469 561 1485 588 ,
1535 515 1647 597 qui
1698 533 2038 577 novercam
2086 532 2272 577 suam
2316 513 2383 576 in
2432 515 2937 578 matrimonium

533 617 852 694 duxisset,
903 639 1244 683 revocasse.
1316 617 1530 681 Stilum
1591 625 1817 682 vertere
1878 626 1965 682 est
1980 645 1999 680 .-
2061 639 2221 704 quae
2270 621 2598 704 scripseris
2644 619 2931 684 eradere.

533 722 676 788 Non
736 723 925 788 modo
988 722 1230 788 Paulus
1277 743 1498 808 passus
1547 744 1680 788 esse
1729 722 1931 788 fertur
1979 721 2343 790 Corinthios
2390 727 2669 789 eiectum
2714 727 2783 789 in
2828 747 2935 790 ec-

531 830 790 895 clesiam
851 829 1057 895 denuo
1123 829 1460 894 admittere
1479 879 1496 906 ,
1549 830 1659 894 sed
1708 831 1835 912 ipse
1882 830 2135 894 disertis
2185 830 2398 895 verbis
2447 837 2736 896 mutatae
2784 851 2931 895 sen-

531 939 766 1001 tentiae
803 936 1022 1001 fecisse
1064 937 1538 1022 professionem.
1589 935 1895 1002 Ceterum
1934 958 2085 1001 cum
2124 935 2504 1002 Tertulliani
2540 937 2931 1002 adversariis

531 1041 683 1107 facit
742 1043 810 1105 in
870 1041 1025 1107 locis
1089 1063 1166 1106 ex
1230 1048 1500 1128 utraque
1564 1042 1645 1106 ad
1694 1040 2059 1109 Corinthios
2110 1043 2376 1128 epistola
2422 1043 2929 1129 interpretandis

531 1147 868 1225 Paeianus,
909 1147 1366 1214 Barcilonensis
1407 1151 1741 1234 episcopus
1781 1151 1889 1234 qui
1930 1148 2049 1213 sub
2089 1146 2442 1214 Theodosio
2483 1170 2719 1236 magno
2742 1149 2925 1214 diem

532 1254 708 1318 obiit.
779 1253 1013 1319 Scribit
1058 1257 1231 1320 enim
1277 1257 1344 1319 in
1392 1255 1675 1337 Epistola
1722 1253 1816 1318 III
1865 1256 1948 1318 ad
1992 1255 2487 1339 Sympronianum
2532 1277 2586 1320 c.
2644 1255 2747 1320 18.
2808 1256 2873 1319 V
2864 1256 2927 1318 is

533 1362 640 1424 hoe
675 1361 828 1424 seire
843 1361 878 1424 ‚7
915 1360 982 1423 in
1019 1363 1278 1425 secunda
1323 1361 1759 1425 Corinthiorum
1800 1362 1956 1424 hunc
1994 1363 2189 1444 ipsum
2228 1362 2474 1445 impium
2504 1362 2659 1424 idem
2684 1362 2929 1425 Paulus

533 1465 803 1530 absobvit.
853 1466 1012 1528 Nam
1058 1468 1132 1530 de
1175 1467 1306 1548 ipso
1350 1467 1476 1530 ait.-
1525 1475 1879 1553 sequuntur
1924 1467 1987 1530 H
2036 1466 2327 1533 Corinth.
2378 1467 2459 1532 11.
2512 1467 2711 1533 6-8.
2762 1468 2927 1532 Item

525 1573 736 1658 infra:
767 1575 1060 1658 sequitur
1099 1572 1160 1637 11
1200 1570 1344 1639 Cor.
1388 1573 1471 1638 H.
1519 1573 1623 1638 10.
1666 1575 1831 1638 vides
1863 1573 2122 1656 apostoli
2146 1574 2602 1655 indulyentiam,
2622 1575 2929 1657 proprias

523 1680 702 1743 etiam
744 1681 1070 1744 sententias
1114 1687 1546 1762 temperantem,
1597 1680 1763 1744 vides
1802 1680 2170 1744 mitissimam
2210 1681 2517 1744 lenitatem
2557 1685 2676 1744 cet.
2729 1678 2927 1744 Idem

522 1785 836 1850 Pacianus
895 1805 1285 1871 quamquam
1345 1788 1414 1850 in
1478 1786 1807 1850 Paraenesi
1864 1787 1949 1848 ad
1979 1786 2422 1868 paenitentiam
2468 1783 2925 1871 compluribus

521 1896 590 1958 in
648 1893 806 1959 locis
870 1890 1338 1957 Tertullianum
1400 1893 1701 1958 describit
1720 1940 1737 1970 ,
1784 1895 1853 1956 in
1901 1891 2179 1977 epistula
2226 1892 2414 1957 modo
2462 1895 2657 1957 citata
2703 1889 2924 1956 multo

521 1999 816 2065 latiorem
879 1998 954 2064 de
1002 2002 1390 2084 paenitentia
1435 2002 1747 2064 rationem
1798 1998 2116 2077 defendit,
2166 2019 2362 2084 quam
2412 2019 2571 2083 quae
2618 1995 2925 2082 exemplo

523 2109 724 2192 ipsius
785 2104 1110 2190 placuerat
1127 2153 1141 2182 ‚
1207 2127 1596 2192 quamquam
1660 2107 2009 2171 sententiae
2066 2125 2217 2170 suae
2264 2103 2677 2170 stabiliendae
2724 2125 2925 2170 causa

523 2213 603 2276 ad
650 2209 1030 2277 Tertulliani
1072 2211 1389 2297 quandam
1435 2211 1775 2296 epistolam
1822 2217 2142 2296 provocat.
2185 2211 2263 2275 cf.
2308 2233 2361 2275 c.
2389 2208 2497 2275 24.
2548 2210 2921 2294 Cyprianum

524 2318 749 2403 loquor,
813 2325 1008 2380 vestra
1055 2325 1488 2399 oppuquantem
1535 2326 1592 2382 et
1636 2319 1932 2382 catholica
1980 2318 2119 2380 iura
2166 2316 2533 2382 retinentem.
2594 2315 2925 2379 Tertullia-

523 2447 662 2487 num
689 2430 833 2506 post
878 2423 1167 2487 haeresim
1214 2429 1376 2502 (nam
1421 2424 1610 2487 multa
1658 2424 1800 2486 iude
1844 2423 2208 2504 sumpsistis)
2256 2421 2446 2504 ipsum
2496 2421 2751 2505 epistola
2800 2443 2921 2484 sua

521 2537 579 2594 et
625 2553 694 2593 ea
741 2529 878 2612 ipsa
896 2578 911 2606 ,
963 2553 1136 2614 quam
1183 2530 1508 2594 catholicus
1557 2529 1785 2607 edidit,
1835 2529 2045 2593 audies
2085 2531 2484 2611 confitentem,
2515 2549 2694 2610 posse
2734 2527 2922 2590 eecle-

519 2636 670 2698 siam
712 2643 964 2718 peecata
1011 2636 1328 2699 dimittere.
1381 2637 1524 2699 Post
1570 2635 1859 2698 haeresim
1908 2641 1974 2700 et
2020 2658 2091 2698 ea
2138 2635 2275 2716 ipsa
2296 2683 2311 2712 ,
2361 2657 2535 2719 quam
2579 2633 2919 2697 catholicus

519 2741 717 2805 edidit
761 2745 930 2806 inter
979 2763 1045 2806 se
1092 2747 1242 2806 sunt
1287 2743 1805 2819 contradictoria,
1856 2763 2009 2806 nam
2059 2738 2372 2807 Catholici
2422 2743 2635 2826 opinio
2684 2739 2763 2805 ad
2814 2761 2920 2805 ec-

518 2848 744 2914 clesiae
809 2846 1172 2915 Catholicae
1231 2851 1374 2913 iura
1435 2847 1811 2913 vindicanda
1871 2847 2078 2912 multo
2140 2846 2391 2912 valebat
2444 2850 2661 2912 minus
2709 2866 2912 2931 quam

516 2956 838 3020 haeretici.
880 2953 1288 3020 Dissonantia
1327 2975 1477 3019 vero
1520 2957 1881 3020 coniectura
1917 2951 2250 3019 conciliare
2288 2955 2557 3018 acutiori
2592 2951 2909 3038 relinquo.

609 3209 670 3273 p.
711 3187 862 3253 243.
891 3187 998 3252 22.
1041 3189 1116 3251 de
1151 3188 1380 3251 modica
1416 3188 1645 3251 scilieet
1678 3188 2061 3268 indulyentia
2086 3189 2369 3269 aqebatur
2383 3216 2412 3263 ;
2435 3210 2605 3273 quae,
2630 3187 2903 3273 siforte,

516 3318 672 3358 nunc
718 3296 1151 3370 aestimaretur,
1202 3295 1437 3378 quaudo
1483 3294 1740 3356 maxima
1788 3317 2048 3379 quaeque
2095 3317 2212 3358 nou
2258 3295 2491 3357 soleant
2546 3293 2725 3356 etiam
2770 3295 2911 3357 sine

505 3400 966 3484 praedieatione
1011 3399 1228 3464 donari
1247 3448 1263 3476 ,
1315 3406 1479 3462 tauto
1520 3401 1681 3463 abest
1720 3400 1849 3464 sine
1886 3399 2347 3482 siqmfieatioue.
2404 3398 2717 3464 Vocabula
2740 3423 2905 3463 nune

515 3506 928 3570 aestimaretur
992 3512 1288 3590 corrupta
1356 3526 1490 3570 esse
1554 3505 1824 3570 firmiter
1886 3506 2085 3571 habeo
2150 3527 2561 3591 persuasum,
2627 3505 2703 3570 dc
2748 3527 2907 3572 vera

514 3612 637 3678 loci
699 3614 1010 3697 scriptura
1070 3611 1256 3676 valde
1318 3612 1564 3676 haereO.
1617 3612 1856 3674 Scilzeet
1902 3618 1965 3676 et
2011 3612 2067 3674 si
2098 3613 2282 3697 sorte
2329 3617 2434 3692 (=
2457 3612 2749 3690 fortasse)
2796 3611 2907 3676 do-

517 3724 813 3784 cumento
879 3725 1030 3782 sunt
1078 3719 1451 3802 scriptorem
1496 3719 1732 3782 ironice
1781 3739 1915 3782 esse
1960 3716 2270 3782 locutum.
2322 3719 2453 3804 Agi
2498 3717 2776 3782 creditur
2826 3717 2905 3782 de

516 3827 764 3910 paterni
814 3827 936 3888 tori
986 3825 1482 3888 contaminatore
1517 3822 1582 3902 ¹).
1633 3823 1910 3887 Miratur
1956 3823 2391 3888 Tertullianus
2430 3821 2791 3909 apostolum
2832 3825 2905 3887 in

516 3938 652 3996 tam
697 3933 884 4018 gravi
923 3929 1152 3994 delicto
1197 3949 1400 4015 neque
1440 3937 1830 4013 peccatorem
1874 3950 2075 4015 neque
2118 3929 2285 4014 quod
2310 3929 2671 3993 admisisset
2692 3927 2903 3994 scelus

516 4041 870 4103 accuratius
917 4037 1259 4101 indicasse:
1311 4038 1622 4100 nimirum
1670 4036 1746 4101 de
1791 4033 2032 4100 leviore
2079 4035 2354 4120 quodam
2401 4033 2633 4100 delicto
2674 4033 2907 4120 ageba-

516 4153 640 4222 tur,
704 4142 871 4228 quod
917 4142 1183 4207 fortasse
1229 4141 1554 4227 apostolus
1604 4162 1681 4206 ne
1730 4143 2053 4206 nominare
2101 4139 2361 4226 quidem
2410 4161 2635 4227 operae
2688 4142 2907 4205 existi-

584 4396 636 4454 1)
668 4395 728 4444 cf.
763 4396 822 4444 dc
855 4393 966 4460 pud.
1001 4409 1042 4441 c.
1081 4393 1160 4442 14.
1195 4393 1252 4441 R.
1293 4392 1404 4442 249.
1427 4393 1477 4442 8:
1529 4391 1665 4441 venia
1702 4393 1771 4458 fit
1804 4393 1977 4456 plane,
2013 4392 2100 4441 sed
2128 4392 2361 4442 incertum
2394 4391 2496 4450 eni,
2530 4389 2646 4454 quia
2680 4403 2767 4439 nee
2796 4405 2906 4454 por-

509 4495 626 4528 ma
660 4493 742 4527 nce
775 4493 916 4526 eausa
941 4475 1268 4540 proscribitur.
