3192 5009
1267 248 1576 297 memus.
2521 228 2606 296 25

249 414 726 499 praeferendum.
777 416 1093 479 Cessarwnt
1127 438 1324 479 somno
1342 464 1358 494 ,
1399 437 1524 481 usu
1560 418 1716 480 trita
1754 421 1818 481 et
1840 414 2129 501 vulgaris
2153 415 2429 481 formula
2447 465 2461 492 ,
2490 437 2603 501 pro

246 520 394 585 lecta
429 526 496 585 et
531 520 812 607 eleganti
850 530 1145 585 cesserunt
1179 544 1373 585 somno
1415 524 1766 587 substituta
1804 528 1899 587 est
1936 526 2004 586 in
2028 522 2160 587 solo
2183 523 2261 587 A.
2292 572 2307 599 ,
2336 526 2446 608 qui
2468 544 2609 608 pro—

245 630 568 713 prietatem
612 626 912 713 loquendi
957 628 1222 693 fortasse
1269 650 1396 694 non
1439 632 1653 716 magis
1694 629 2110 716 intellegebat
2164 649 2357 715 quam
2418 650 2611 694 versu

247 733 342 809 32,
401 734 514 799 ubi
575 733 669 797 M.
733 755 1088 820 numquam
1151 737 1272 801 tibi
1332 735 1572 822 Magne
1634 757 1747 822 per
1800 738 2059 801 umbras
2100 738 2111 820 Ι
2150 757 2387 821 perque
2432 756 2608 800 meos

242 860 444 905 manes
499 863 718 920 yenero
779 862 906 906 non
967 862 1102 907 esse
1149 839 1410 907 licebit’'
1460 845 1542 923 (si
1589 864 1711 929 ego
1751 841 1919 907 Iulia
1963 843 2059 906 fui
2108 841 2265 907 olim
2284 891 2301 920 ,
2351 848 2415 907 et
2462 863 2610 906 sum

240 951 596 1013 etiamnunc
653 951 724 1011 in
784 948 1001 1013 inferis
1024 997 1039 1025 ,
1105 955 1180 1013 tu
1240 949 1512 1036 Pompei
1557 971 1756 1036 gener
1803 970 1869 1015 es
1917 947 2229 1029 Caesaris)
2278 971 2428 1013 cum
2472 969 2607 1013 var.

237 1052 364 1117 lect.
421 1076 708 1134 ymerum
725 1103 743 1130 ‚
810 1075 1082 1139 quorum
1145 1060 1494 1140 utrumque
1556 1062 1805 1121 rectum
1822 1104 1837 1133 ,
1896 1056 1971 1119 A.
2020 1076 2137 1140 pro
2185 1060 2445 1140 stupore
2492 1075 2609 1119 suo

239 1160 302 1223 de
343 1180 582 1247 genere
629 1162 919 1246 cogitans
969 1163 1226 1246 scripsit
1266 1161 1495 1241 yeneri.

311 1264 433 1331 Sed
489 1271 876 1341 „remeasset
915 1268 1000 1329 ad
1034 1266 1303 1332 urbem'’
1346 1288 1409 1331 v.
1461 1264 1498 1333 ’7
1506 1266 1545 1332 3
1589 1270 1892 1353 quoniam
1930 1267 2007 1333 de
2050 1268 2380 1353 triumpho
2403 1287 2611 1332 sermo

237 1378 350 1449 est,
421 1374 727 1457 quamvis
797 1371 865 1435 in
935 1372 1132 1435 urbem
1193 1374 1492 1458 praebeat
1554 1395 1705 1438 cum
1764 1372 2027 1459 reliquis
2091 1374 2270 1438 bonis
2317 1378 2383 1438 et
2428 1372 2469 1437 2
2516 1394 2606 1436 m.

237 1477 412 1541 Ashb.
479 1476 848 1541 Priscianus
909 1476 1024 1541 III.
1074 1476 1180 1542 91.
1209 1477 1296 1543 48
1363 1477 1515 1543 Keil
1577 1478 2066 1543 commendatur
2112 1484 2422 1564 perpetua
2470 1498 2613 1543 eon-
2662 1500 2669 1511 ·

237 1582 584 1647 suetudine.

313 1688 576 1755 Placere
623 1692 822 1775 possit
868 1689 1037 1774 quod
1083 1712 1173 1755 m.
1223 1690 1264 1755 2
1312 1693 1380 1755 in
1428 1712 1635 1778 marg.
1682 1692 1874 1757 habet
1918 1713 2016 1758 vs.
2067 1691 2155 1756 84
2206 1692 2613 1776 „praecipitis

235 1802 641 1882 superaverat
685 1796 966 1861 Anxuris
1015 1796 1247 1860 areem”
1297 1818 1410 1882 pro
1458 1821 1643 1860 arces.
1692 1796 1817 1861 Sed
1861 1796 2131 1884 pluralis
2174 1797 2250 1861 de
2291 1818 2420 1862 una
2457 1798 2613 1861 urbe

233 1908 472 1990 saepius
533 1910 906 1989 usurpatur,
962 1908 1036 1967 ut
1080 1903 1468 1989 Dyrrhachii
1514 1925 1686 1970 arces
1733 1903 1839 1967 VI.
1894 1903 1998 1981 14,
2048 1902 2455 1990 Carthaginis
2502 1901 2611 1968 IV.

233 2008 368 2087 585,
417 2010 758 2074 Brundisii
801 2008 883 2074 II.
937 2008 1090 2087 609,
1131 2009 1212 2075 al.
1261 2010 1675 2095 Praecipitis,
1717 2010 1886 2095 quod
1928 2010 2213 2074 scribunt
2247 2010 2325 2075 A.
2352 2009 2450 2088 V„
2476 2016 2614 2075 tam

231 2116 298 2179 ad
355 2116 642 2179 Ana-uris
702 2136 898 2200 quam
950 2116 1029 2180 ad
1075 2138 1240 2179 arcer
1279 2122 1490 2202 potest
1536 2117 1790 2194 referri3
1841 2136 1992 2180 nam
2038 2118 2158 2181 etsi
2204 2116 2444 2181 codices
2490 2116 2617 2180 Lu-

229 2228 355 2289 cani
397 2220 584 2287 vm.
639 2220 746 2299 93,
795 2220 910 2285 IX.
964 2218 1090 2287 107
1137 2224 1206 2285 in
1252 2243 1375 2287 acc.
1428 2222 1665 2287 habent
1709 2224 2113 2307 praecipites,
2151 2227 2368 2286 tamen
2405 2221 2619 2286 multa

235 2336 370 2394 sunt
427 2330 723 2413 vestigia
785 2331 1129 2393 accusativi
1175 2332 1246 2392 in
1289 2328 1368 2391 -is
1410 2331 1478 2392 in
1525 2328 1669 2393 aliis
1716 2326 2077 2393 vocabulis:
2127 2328 2363 2392 hiantis
2410 2328 2489 2391 A.
2516 2327 2613 2392 M.

227 2438 270 2501 Ι.
329 2438 486 2515 624,
553 2440 778 2501 mortis
840 2435 917 2499 A.
982 2434 1065 2499 II.
1134 2434 1282 2513 156,
1344 2437 1641 2521 vagantis
1702 2435 1779 2499 A.
1806 2432 1900 2499 M.
1969 2432 2121 2511 638,
2186 2433 2472 2498 rudentis
2536 2435 2613 2498 A.

227 2544 296 2609 11.
323 2542 456 2609 698
511 2544 596 2607 A.
647 2540 761 2606 III.
792 2540 899 2619 44,
950 2542 1142 2607 fontis
1189 2542 1268 2605 A.
1293 2540 1387 2606 M.
1435 2541 1518 2605 II.
1548 2540 1702 2619 419,
1746 2543 1954 2605 omnis
1994 2541 2070 2604 A.
2097 2539 2191 2604 M.
2218 2539 2291 2603 V.
2344 2539 2427 2604 II.
2458 2538 2612 2617 524,

225 2654 524 2716 minantis
575 2649 653 2713 A.
704 2647 746 2714 2
794 2671 882 2713 m.
934 2648 1028 2713 M.
1079 2647 1184 2711 VI.
1235 2647 1384 2727 112,
1433 2648 1707 2713 furentis
1752 2648 1847 2711 M.
1899 2646 2005 2710 VI.
2058 2646 2209 2723 300,
2259 2648 2495 2711 montis
2537 2647 2614 2710 A.

227 2758 318 2823 VI.
367 2755 536 2833 343,
613 2756 906 2820 habentis
967 2756 1044 2819 A.
1108 2753 1245 2818 VII.
1291 2753 1445 2832 441,
1509 2757 1791 2841 ingentis
1848 2755 1925 2818 A.
1951 2752 2031 2817 U.
2097 2751 2238 2816 VH.
2266 2750 2417 2829 6¹79,
2483 2755 2621 2838 qui-

225 2868 330 2929 bus
408 2860 814 2949 parisyllaba
882 2860 1068 2946 plura
1135 2860 1282 2925 addi
1349 2867 1637 2947 possunt.
1711 2859 1817 2924 IV.
1871 2858 2001 2924 669
2075 2862 2353 2937 „excivit
2424 2858 2619 2945 Liby-

228 2993 322 3037 cae
391 2970 622 3057 gentis
695 2973 1103 3053 extremaque
1173 2967 1442 3037 mundi”
1523 2967 1717 3053 longa
1784 2965 2033 3053 syllaba
2102 2968 2399 3031 convenit
2467 2986 2617 3029 cum

227 3098 341 3141 usu
411 3075 670 3139 Lucani
756 3093 952 3158 paene
1023 3076 1339 3139 constanti
1403 3078 1469 3139 et
1529 3080 1728 3154 pentir
1800 3074 2201 3137 accusativus
2272 3076 2367 3135 est
2384 3119 2399 3147 ,
2476 3072 2623 3135 scri-

228 3182 508 3247 bendum
557 3200 713 3244 cum
759 3176 987 3245 Grotio
1040 3181 1318 3256 „excivit
1337 3229 1354 3255 ‚
1403 3178 1645 3265 Libyae
1693 3177 1971 3265 gentis.''
2019 3177 2093 3241 V.
2120 3177 2200 3241 U.
2244 3176 2621 3262 plerumque

229 3313 258 3352 e
309 3289 594 3364 habent;
665 3288 734 3349 in
795 3284 889 3349 M.
961 3288 1114 3350 satis
1163 3292 1524 3351 constanter
1569 3306 1799 3349 manus
1848 3287 2058 3369 prima
2100 3284 2157 3347 is
2202 3289 2298 3348 est
2345 3289 2625 3348 correcta

229 3398 288 3457 in
333 3417 416 3471 ec,
467 3396 566 3457 sic
621 3396 834 3456 tamen
878 3397 956 3455 ut
999 3392 1026 3453 i
1073 3395 1442 3457 etiamnunc
1489 3394 1691 3477 possit
1730 3393 2005 3476 perspici
2045 3411 2116 3455 eo
2155 3389 2325 3475 quod
2362 3414 2393 3453 e
2433 3410 2625 3474 supra

229 3499 468 3565 lineam
545 3500 808 3563 eminet.
884 3496 1167 3562 Audaces
1227 3497 1278 3562 I.
1332 3495 1462 3563 474
1529 3502 1803 3561 testatur
1864 3496 2054 3561 scribi
2118 3496 2483 3560 Priscianus
2538 3493 2620 3558 H.

231 3604 378 3670 361.
431 3604 524 3668 10
549 3602 616 3666 K
638 3652 654 3679 ,
718 3601 1002 3689 Vergilio
1067 3610 1284 3667 tamen
1335 3603 1572 3667 tenacis
1619 3624 1791 3667 ceras
1839 3602 2145 3666 tribuens.
2193 3600 2510 3686 Equidem
2556 3602 2627 3663 in

231 3712 470 3777 edendo
523 3713 906 3795 perpetuam
951 3729 1246 3774 normam
1292 3708 1679 3794 sequendam
1725 3713 1791 3773 et
1826 3708 1881 3770 is
1920 3707 2322 3773 scribendum
2360 3712 2517 3791 puto
2556 3708 2627 3769 in

231 3818 534 3883 omnibus
555 3864 572 3891 ,
641 3835 800 3899 quae
863 3818 930 3879 in
988 3837 1137 3902 gen.
1185 3815 1352 3900 plur.
1403 3816 1526 3879 ium
1572 3816 1844 3892 habent,
1894 3820 2338 3900 praeterquam
2384 3816 2452 3877 in
2497 3833 2629 3876 mo·

231 3923 592 4011 nosyllabis
640 3922 1060 3987 substantivis
1107 3924 1178 3985 in
1223 3945 1266 3983 ec
1285 3970 1300 3999 ,
1352 3928 1521 3986 certe
1566 3921 1850 3985 nondum
1896 3941 2154 3985 moveor
2200 3925 2275 3983 ut
2321 3922 2501 3984 tenui
2538 3922 2631 3983 in-

233 4030 392 4096 dicio
445 4030 651 4093 nnius
698 4026 824 4092 loci
870 4030 938 4091 in
983 4029 1060 4092 A.
1111 4026 1219 4091 VI.
1274 4026 1356 4091 14
1406 4030 1518 4107 (ad
1563 4027 1722 4091 areis
1775 4027 1809 4091 1
1852 4048 1939 4091 m.
1990 4030 2125 4091 sine
2162 4032 2326 4106 var.)
2366 4026 2526 4089 arcis
2561 4028 2630 4090 in

231 4158 352 4201 acc.
415 4134 730 4221 probem,
793 4155 906 4199 nec
970 4137 1180 4221 magis
1217 4136 1417 4220 facis.
1470 4134 1840 4216 Praecipiti-3
1886 4140 1983 4199 est
2029 4134 2199 4219 apud
2242 4132 2627 4221 Vergilium,

238 4242 312 4309 cf.
363 4242 590 4318 Neue,
643 4238 730 4305 II.
783 4237 886 4305 70.
