<?xml version="1.0" encoding="UTF-8"?>
<!DOCTYPE html PUBLIC "-//W3C//DTD XHTML 1.0 Transitional//EN"
    "http://www.w3.org/TR/xhtml1/DTD/xhtml1-transitional.dtd">
<html xmlns="http://www.w3.org/1999/xhtml" xml:lang="en" lang="en">
 <head>
  <title>
</title>
<meta http-equiv="Content-Type" content="text/html;charset=utf-8" />
  <meta name='ocr-system' content='tesseract 3.04.00' />
  <meta name='ocr-capabilities' content='ocr_page ocr_carea ocr_par ocr_line ocrx_word'/>
</head>
<body>
  <div class='ocr_page' id='page_1' title='image "./mnemosyne07servgoog_0083.png"; bbox 0 0 3192 5009; ppageno 0'>
   <div class='ocr_carea' id='block_1_1' title="bbox 437 1086 2389 1320">
    <p class='ocr_par' dir='ltr' id='par_1_1' title="bbox 437 1086 2389 1320">
     <span class='ocr_line' id='line_1_1' title="bbox 437 1086 2389 1183; baseline -0.003 -3"><span class='ocrx_word' id='word_1_1' title='bbox 437 1091 562 1181; x_wconf 83' lang='lat' dir='ltr'><strong>DE</strong></span> <span class='ocrx_word' id='word_1_2' title='bbox 614 1092 872 1181; x_wconf 85' lang='lat' dir='ltr'>IURE</span> <span class='ocrx_word' id='word_1_3' title='bbox 931 1090 1670 1183; x_wconf 89' lang='lat' dir='ltr'><strong>OBNUNTIANDI</strong></span> <span class='ocrx_word' id='word_1_4' title='bbox 1728 1086 2203 1180; x_wconf 80' lang='lat' dir='ltr'>COMITIIS</span> <span class='ocrx_word' id='word_1_5' title='bbox 2239 1086 2389 1175; x_wconf 81' lang='grc' dir='ltr'><strong>,ΕΤ</strong></span> 
     </span>
     <span class='ocr_line' id='line_1_2' title="bbox 1131 1228 1683 1320; baseline -0.005 0"><span class='ocrx_word' id='word_1_6' title='bbox 1131 1228 1683 1320; x_wconf 81' lang='lat' dir='ltr'><strong>CONCILIIS.</strong></span> 
     </span>
    </p>
   </div>
   <div class='ocr_carea' id='block_1_2' title="bbox 1287 1435 1536 1476">
    <p class='ocr_par' dir='ltr' id='par_1_2' title="bbox 1287 1435 1536 1476">
     <span class='ocr_line' id='line_1_3' title="bbox 1287 1435 1536 1476; baseline -0.004 0"><span class='ocrx_word' id='word_1_7' title='bbox 1287 1435 1536 1476; x_wconf 73' lang='lat' dir='ltr'><strong>sempsn’</strong></span> 
     </span>
    </p>
   </div>
   <div class='ocr_carea' id='block_1_3' title="bbox 1023 1587 1787 1938">
    <p class='ocr_par' dir='ltr' id='par_1_3' title="bbox 1023 1587 1787 1938">
     <span class='ocr_line' id='line_1_4' title="bbox 1023 1587 1787 1655; baseline -0.003 0"><span class='ocrx_word' id='word_1_8' title='bbox 1023 1590 1076 1655; x_wconf 92' lang='grc' dir='ltr'><strong>Ι.</strong></span> <span class='ocrx_word' id='word_1_9' title='bbox 1123 1588 1216 1654; x_wconf 83' lang='grc' dir='ltr'><strong>Μ.</strong></span> <span class='ocrx_word' id='word_1_10' title='bbox 1265 1589 1324 1655; x_wconf 72' lang='lat' dir='ltr'><strong>J.</strong></span> <span class='ocrx_word' id='word_1_11' title='bbox 1373 1587 1787 1653; x_wconf 64' lang='lat' dir='ltr'>&#39;VALETOK</span> 
     </span>
     <span class='ocr_line' id='line_1_5' title="bbox 1157 1896 1655 1938; baseline -0.014 0"><span class='ocrx_word' id='word_1_12' title='bbox 1157 1896 1655 1938; x_wconf 53' lang='grc' dir='ltr'><strong>-θ-ῡεκεε-θ-</strong></span> 
     </span>
    </p>
   </div>
   <div class='ocr_carea' id='block_1_4' title="bbox 258 2149 2609 4478">
    <p class='ocr_par' dir='ltr' id='par_1_4' title="bbox 258 2149 2609 4478">
     <span class='ocr_line' id='line_1_6' title="bbox 341 2149 2599 2241; baseline -0.004 -20"><span class='ocrx_word' id='word_1_13' title='bbox 341 2152 486 2233; x_wconf 78' lang='lat' dir='ltr'><strong>Quae</strong></span> <span class='ocrx_word' id='word_1_14' title='bbox 545 2162 730 2222; x_wconf 88' lang='lat' dir='ltr'><strong>antea</strong></span> <span class='ocrx_word' id='word_1_15' title='bbox 789 2158 1207 2241; x_wconf 80' lang='lat' dir='ltr'>exposuimus</span> <span class='ocrx_word' id='word_1_16' title='bbox 1226 2203 1240 2230; x_wconf 89' lang='lat'><strong><em>,</em></strong></span> <span class='ocrx_word' id='word_1_17' title='bbox 1302 2176 1453 2218; x_wconf 91' lang='lat' dir='ltr'><strong>cum</strong></span> <span class='ocrx_word' id='word_1_18' title='bbox 1500 2173 1837 2240; x_wconf 76' lang='lat' dir='ltr'><strong>ageremus</strong></span> <span class='ocrx_word' id='word_1_19' title='bbox 1885 2154 1959 2215; x_wconf 83' lang='lat' dir='ltr'><strong>de</strong></span> <span class='ocrx_word' id='word_1_20' title='bbox 2004 2151 2193 2215; x_wconf 65' lang='lat' dir='ltr'><strong>modi-3</strong></span> <span class='ocrx_word' id='word_1_21' title='bbox 2239 2149 2599 2233; x_wconf 69' lang='lat' dir='ltr'><strong>auspicandi</strong></span> 
     </span>
     <span class='ocr_line' id='line_1_7' title="bbox 265 2257 2596 2346; baseline -0.002 -24"><span class='ocrx_word' id='word_1_22' title='bbox 265 2260 614 2325; x_wconf 65' lang='lat' dir='ltr'><strong>Romanorum</strong></span> <span class='ocrx_word' id='word_1_23' title='bbox 631 2311 646 2338; x_wconf 91' lang='lat'>‚</span> <span class='ocrx_word' id='word_1_24' title='bbox 694 2262 774 2326; x_wconf 86' lang='lat' dir='ltr'><strong>ad</strong></span> <span class='ocrx_word' id='word_1_25' title='bbox 825 2260 1267 2346; x_wconf 82' lang='lat' dir='ltr'>explicandam</span> <span class='ocrx_word' id='word_1_26' title='bbox 1315 2262 1685 2324; x_wconf 86' lang='lat' dir='ltr'><strong>universam</strong></span> <span class='ocrx_word' id='word_1_27' title='bbox 1722 2262 2034 2323; x_wconf 88' lang='lat' dir='ltr'><strong>rationem</strong></span> <span class='ocrx_word' id='word_1_28' title='bbox 2076 2257 2596 2332; x_wconf 89' lang='lat' dir='ltr'><strong>obnuntiationis,</strong></span> 
     </span>
     <span class='ocr_line' id='line_1_8' title="bbox 263 2362 2601 2453; baseline -0.002 -25"><span class='ocrx_word' id='word_1_29' title='bbox 263 2387 366 2431; x_wconf 88' lang='lat' dir='ltr'><strong>non</strong></span> <span class='ocrx_word' id='word_1_30' title='bbox 415 2367 725 2431; x_wconf 87' lang='lat' dir='ltr'><strong>sufficiunt</strong></span> <span class='ocrx_word' id='word_1_31' title='bbox 789 2388 939 2431; x_wconf 90' lang='lat' dir='ltr'><strong>cum</strong></span> <span class='ocrx_word' id='word_1_32' title='bbox 1000 2367 1302 2453; x_wconf 85' lang='lat' dir='ltr'><strong>indagare</strong></span> <span class='ocrx_word' id='word_1_33' title='bbox 1351 2368 1687 2450; x_wconf 89' lang='lat' dir='ltr'><strong>cupiamus</strong></span> <span class='ocrx_word' id='word_1_34' title='bbox 1737 2364 1923 2449; x_wconf 87' lang='lat' dir='ltr'><strong>quale</strong></span> <span class='ocrx_word' id='word_1_35' title='bbox 1973 2363 2170 2429; x_wconf 87' lang='lat' dir='ltr'><strong>fuerit</strong></span> <span class='ocrx_word' id='word_1_36' title='bbox 2214 2365 2318 2426; x_wconf 92' lang='lat' dir='ltr'><strong>ius</strong></span> <span class='ocrx_word' id='word_1_37' title='bbox 2364 2362 2601 2426; x_wconf 87' lang='lat' dir='ltr'><strong>obnun-</strong></span> 
     </span>
     <span class='ocr_line' id='line_1_9' title="bbox 261 2469 2602 2557; baseline -0.001 -23"><span class='ocrx_word' id='word_1_38' title='bbox 261 2472 430 2536; x_wconf 86' lang='lat' dir='ltr'><strong>tiandi</strong></span> <span class='ocrx_word' id='word_1_39' title='bbox 485 2476 760 2538; x_wconf 87' lang='lat' dir='ltr'><strong>comitiis</strong></span> <span class='ocrx_word' id='word_1_40' title='bbox 807 2480 872 2539; x_wconf 91' lang='lat' dir='ltr'><strong>et</strong></span> <span class='ocrx_word' id='word_1_41' title='bbox 917 2472 1235 2551; x_wconf 88' lang='lat' dir='ltr'><strong>conciliis;</strong></span> <span class='ocrx_word' id='word_1_42' title='bbox 1285 2473 1406 2537; x_wconf 90' lang='lat' dir='ltr'><strong>hoc</strong></span> <span class='ocrx_word' id='word_1_43' title='bbox 1453 2475 1627 2537; x_wconf 90' lang='lat' dir='ltr'><strong>enim</strong></span> <span class='ocrx_word' id='word_1_44' title='bbox 1676 2474 1971 2557; x_wconf 82' lang='lat' dir='ltr'><strong>quamvis</strong></span> <span class='ocrx_word' id='word_1_45' title='bbox 2019 2492 2097 2535; x_wconf 82' lang='lat' dir='ltr'><strong>ex</strong></span> <span class='ocrx_word' id='word_1_46' title='bbox 2144 2469 2386 2535; x_wconf 89' lang='lat' dir='ltr'><strong>eisdem</strong></span> <span class='ocrx_word' id='word_1_47' title='bbox 2432 2470 2602 2552; x_wconf 89' lang='lat' dir='ltr'><strong>prin-</strong></span> 
     </span>
     <span class='ocr_line' id='line_1_10' title="bbox 259 2574 2604 2665; baseline -0.001 -25"><span class='ocrx_word' id='word_1_48' title='bbox 259 2580 410 2662; x_wconf 81' lang='lat' dir='ltr'><strong>cipiis</strong></span> <span class='ocrx_word' id='word_1_49' title='bbox 449 2586 659 2643; x_wconf 89' lang='lat' dir='ltr'><strong>ortum</strong></span> <span class='ocrx_word' id='word_1_50' title='bbox 709 2582 832 2657; x_wconf 90' lang='lat' dir='ltr'><strong>sit,</strong></span> <span class='ocrx_word' id='word_1_51' title='bbox 885 2584 1100 2643; x_wconf 89' lang='lat' dir='ltr'><strong>tamen</strong></span> <span class='ocrx_word' id='word_1_52' title='bbox 1147 2578 1486 2665; x_wconf 82' lang='lat' dir='ltr'>paullatim</span> <span class='ocrx_word' id='word_1_53' title='bbox 1535 2583 2011 2643; x_wconf 86' lang='lat' dir='ltr'><strong>commutatum</strong></span> <span class='ocrx_word' id='word_1_54' title='bbox 2058 2582 2154 2641; x_wconf 90' lang='lat' dir='ltr'><strong>est</strong></span> <span class='ocrx_word' id='word_1_55' title='bbox 2200 2577 2395 2639; x_wconf 84' lang='lat' dir='ltr'><strong>variis</strong></span> <span class='ocrx_word' id='word_1_56' title='bbox 2442 2574 2604 2659; x_wconf 85' lang='lat' dir='ltr'><strong>legi-</strong></span> 
     </span>
     <span class='ocr_line' id='line_1_11' title="bbox 258 2678 2603 2770; baseline -0.002 -24"><span class='ocrx_word' id='word_1_57' title='bbox 258 2682 384 2760; x_wconf 84' lang='lat' dir='ltr'><strong>bus,</strong></span> <span class='ocrx_word' id='word_1_58' title='bbox 442 2692 502 2749; x_wconf 83' lang='lat' dir='ltr'><strong>et</strong></span> <span class='ocrx_word' id='word_1_59' title='bbox 558 2686 712 2750; x_wconf 88' lang='lat' dir='ltr'><strong>adeo</strong></span> <span class='ocrx_word' id='word_1_60' title='bbox 776 2684 1041 2770; x_wconf 88' lang='lat' dir='ltr'><strong>quidem</strong></span> <span class='ocrx_word' id='word_1_61' title='bbox 1103 2692 1177 2749; x_wconf 89' lang='lat' dir='ltr'><strong>ut</strong></span> <span class='ocrx_word' id='word_1_62' title='bbox 1239 2706 1496 2770; x_wconf 87' lang='lat' dir='ltr'><strong>prorsus</strong></span> <span class='ocrx_word' id='word_1_63' title='bbox 1557 2706 1671 2769; x_wconf 93' lang='lat' dir='ltr'><strong>per</strong></span> <span class='ocrx_word' id='word_1_64' title='bbox 1720 2704 1785 2748; x_wconf 83' lang='lat' dir='ltr'><strong>se</strong></span> <span class='ocrx_word' id='word_1_65' title='bbox 1832 2690 2001 2748; x_wconf 86' lang='lat' dir='ltr'><strong>stare</strong></span> <span class='ocrx_word' id='word_1_66' title='bbox 2047 2684 2344 2768; x_wconf 87' lang='lat' dir='ltr'><strong>coeperit.</strong></span> <span class='ocrx_word' id='word_1_67' title='bbox 2396 2678 2603 2747; x_wconf 84' lang='lat' dir='ltr'><strong>Causa</strong></span> 
     </span>
     <span class='ocr_line' id='line_1_12' title="bbox 260 2787 2603 2877; baseline -0.002 -25"><span class='ocrx_word' id='word_1_68' title='bbox 260 2796 444 2854; x_wconf 82' lang='lat' dir='ltr'><strong>autem</strong></span> <span class='ocrx_word' id='word_1_69' title='bbox 485 2789 718 2877; x_wconf 82' lang='lat' dir='ltr'>duplex</span> <span class='ocrx_word' id='word_1_70' title='bbox 765 2797 861 2855; x_wconf 89' lang='lat' dir='ltr'><strong>est</strong></span> <span class='ocrx_word' id='word_1_71' title='bbox 879 2840 896 2867; x_wconf 89' lang='lat'>‚</span> <span class='ocrx_word' id='word_1_72' title='bbox 945 2812 1059 2855; x_wconf 91' lang='lat' dir='ltr'><strong>cur</strong></span> <span class='ocrx_word' id='word_1_73' title='bbox 1097 2790 1375 2856; x_wconf 86' lang='lat' dir='ltr'><strong>accidere</strong></span> <span class='ocrx_word' id='word_1_74' title='bbox 1416 2791 1707 2855; x_wconf 76' lang='lat' dir='ltr'><strong>debuerit</strong></span> <span class='ocrx_word' id='word_1_75' title='bbox 1747 2796 1821 2853; x_wconf 88' lang='lat' dir='ltr'><strong>ut</strong></span> <span class='ocrx_word' id='word_1_76' title='bbox 1861 2790 2119 2876; x_wconf 88' lang='lat' dir='ltr'><strong>legibus</strong></span> <span class='ocrx_word' id='word_1_77' title='bbox 2143 2787 2603 2853; x_wconf 79' lang='lat' dir='ltr'><strong>deformaretur</strong></span> 
     </span>
     <span class='ocr_line' id='line_1_13' title="bbox 259 2890 2603 2981; baseline -0.002 -22"><span class='ocrx_word' id='word_1_78' title='bbox 259 2895 386 2959; x_wconf 81' lang='lat' dir='ltr'><strong>baec</strong></span> <span class='ocrx_word' id='word_1_79' title='bbox 423 2917 560 2981; x_wconf 87' lang='lat' dir='ltr'><strong>pars</strong></span> <span class='ocrx_word' id='word_1_80' title='bbox 609 2896 1128 2962; x_wconf 87' lang='lat' dir='ltr'><strong>obnuntiationis.</strong></span> <span class='ocrx_word' id='word_1_81' title='bbox 1179 2897 1482 2961; x_wconf 89' lang='lat' dir='ltr'><strong>Primum</strong></span> <span class='ocrx_word' id='word_1_82' title='bbox 1527 2899 1595 2959; x_wconf 87' lang='lat' dir='ltr'><strong>in</strong></span> <span class='ocrx_word' id='word_1_83' title='bbox 1640 2896 1759 2961; x_wconf 86' lang='lat' dir='ltr'><strong>hac</strong></span> <span class='ocrx_word' id='word_1_84' title='bbox 1807 2900 1987 2980; x_wconf 86' lang='lat' dir='ltr'><strong>parte</strong></span> <span class='ocrx_word' id='word_1_85' title='bbox 2038 2894 2253 2959; x_wconf 88' lang='lat' dir='ltr'><strong>deerat</strong></span> <span class='ocrx_word' id='word_1_86' title='bbox 2299 2890 2603 2957; x_wconf 89' lang='lat' dir='ltr'><strong>stimulus</strong></span> 
     </span>
     <span class='ocr_line' id='line_1_14' title="bbox 263 2998 2600 3088; baseline -0.002 -23"><span class='ocrx_word' id='word_1_87' title='bbox 263 3005 702 3084; x_wconf 84' lang='lat' dir='ltr'><strong>potentissimus</strong></span> <span class='ocrx_word' id='word_1_88' title='bbox 718 3052 735 3079; x_wconf 93' lang='lat'>,</span> <span class='ocrx_word' id='word_1_89' title='bbox 800 3005 910 3088; x_wconf 90' lang='lat' dir='ltr'><strong>qui</strong></span> <span class='ocrx_word' id='word_1_90' title='bbox 969 3006 1039 3067; x_wconf 91' lang='lat' dir='ltr'><strong>in</strong></span> <span class='ocrx_word' id='word_1_91' title='bbox 1095 3003 1392 3067; x_wconf 89' lang='lat' dir='ltr'><strong>omnibus</strong></span> <span class='ocrx_word' id='word_1_92' title='bbox 1440 3003 1628 3067; x_wconf 88' lang='lat' dir='ltr'><strong>rebus</strong></span> <span class='ocrx_word' id='word_1_93' title='bbox 1678 3001 1759 3065; x_wconf 85' lang='lat' dir='ltr'><strong>ad</strong></span> <span class='ocrx_word' id='word_1_94' title='bbox 1806 3000 2054 3066; x_wconf 91' lang='lat' dir='ltr'><strong>bellum</strong></span> <span class='ocrx_word' id='word_1_95' title='bbox 2100 2998 2564 3085; x_wconf 87' lang='lat' dir='ltr'><strong>pertinentibus</strong></span> <span class='ocrx_word' id='word_1_96' title='bbox 2584 3046 2600 3074; x_wconf 92' lang='lat'><em>,</em></span> 
     </span>
     <span class='ocr_line' id='line_1_15' title="bbox 263 3104 2604 3195; baseline 0 -27"><span class='ocrx_word' id='word_1_97' title='bbox 263 3104 406 3171; x_wconf 84' lang='lat' dir='ltr'><strong>domi</strong></span> <span class='ocrx_word' id='word_1_98' title='bbox 442 3115 551 3173; x_wconf 90' lang='lat' dir='ltr'><strong>aut</strong></span> <span class='ocrx_word' id='word_1_99' title='bbox 587 3108 859 3174; x_wconf 83' lang='lat' dir='ltr'><strong>militiae</strong></span> <span class='ocrx_word' id='word_1_100' title='bbox 897 3108 1191 3195; x_wconf 82' lang='lat' dir='ltr'><strong>gerendis</strong></span> <span class='ocrx_word' id='word_1_101' title='bbox 1211 3156 1228 3185; x_wconf 90' lang='lat'>‚</span> <span class='ocrx_word' id='word_1_102' title='bbox 1270 3108 1538 3194; x_wconf 86' lang='lat' dir='ltr'><strong>cogebat</strong></span> <span class='ocrx_word' id='word_1_103' title='bbox 1585 3107 1903 3172; x_wconf 88' lang='lat' dir='ltr'><strong>Romanos</strong></span> <span class='ocrx_word' id='word_1_104' title='bbox 1951 3109 2205 3193; x_wconf 85' lang='lat' dir='ltr'><strong>exigere</strong></span> <span class='ocrx_word' id='word_1_105' title='bbox 2250 3110 2317 3170; x_wconf 91' lang='lat' dir='ltr'><strong>et</strong></span> <span class='ocrx_word' id='word_1_106' title='bbox 2361 3125 2604 3169; x_wconf 85' lang='lat' dir='ltr'><strong>accom-</strong></span> 
     </span>
     <span class='ocr_line' id='line_1_16' title="bbox 263 3209 2598 3300; baseline -0.001 -25"><span class='ocrx_word' id='word_1_107' title='bbox 263 3214 478 3279; x_wconf 84' lang='lat' dir='ltr'><strong>modare</strong></span> <span class='ocrx_word' id='word_1_108' title='bbox 522 3217 856 3300; x_wconf 86' lang='lat' dir='ltr'><strong>praccepta</strong></span> <span class='ocrx_word' id='word_1_109' title='bbox 898 3217 1058 3278; x_wconf 89' lang='lat' dir='ltr'><strong>iuris</strong></span> <span class='ocrx_word' id='word_1_110' title='bbox 1103 3214 1183 3278; x_wconf 89' lang='lat' dir='ltr'><strong>ad</strong></span> <span class='ocrx_word' id='word_1_111' title='bbox 1227 3214 1588 3299; x_wconf 79' lang='lat' dir='ltr'><strong>simplicem</strong></span> <span class='ocrx_word' id='word_1_112' title='bbox 1635 3234 1929 3278; x_wconf 86' lang='lat' dir='ltr'><strong>normam</strong></span> <span class='ocrx_word' id='word_1_113' title='bbox 1974 3212 2311 3298; x_wconf 84' lang='lat' dir='ltr'><strong>religionis</strong></span> <span class='ocrx_word' id='word_1_114' title='bbox 2360 3209 2563 3275; x_wconf 86' lang='lat' dir='ltr'><strong>solius</strong></span> <span class='ocrx_word' id='word_1_115' title='bbox 2582 3260 2598 3289; x_wconf 87' lang='lat'>‚</span> 
     </span>
     <span class='ocr_line' id='line_1_17' title="bbox 265 3317 2603 3403; baseline -0.001 -19"><span class='ocrx_word' id='word_1_116' title='bbox 265 3322 352 3403; x_wconf 87' lang='lat' dir='ltr'><strong>qui</strong></span> <span class='ocrx_word' id='word_1_117' title='bbox 391 3328 516 3385; x_wconf 86' lang='lat' dir='ltr'><strong>erat</strong></span> <span class='ocrx_word' id='word_1_118' title='bbox 561 3328 836 3385; x_wconf 90' lang='lat' dir='ltr'><strong>metus</strong></span> <span class='ocrx_word' id='word_1_119' title='bbox 883 3320 1154 3386; x_wconf 87' lang='lat' dir='ltr'><strong>cladis</strong></span> <span class='ocrx_word' id='word_1_120' title='bbox 1203 3324 1552 3399; x_wconf 87' lang='lat' dir='ltr'><strong>atrocis;</strong></span> <span class='ocrx_word' id='word_1_121' title='bbox 1605 3321 1728 3386; x_wconf 92' lang='lat' dir='ltr'><strong>hoc</strong></span> <span class='ocrx_word' id='word_1_122' title='bbox 1768 3320 2034 3384; x_wconf 88' lang='lat' dir='ltr'><strong>stimulo</strong></span> <span class='ocrx_word' id='word_1_123' title='bbox 2078 3319 2330 3384; x_wconf 88' lang='lat' dir='ltr'><strong>sublato</strong></span> <span class='ocrx_word' id='word_1_124' title='bbox 2371 3317 2603 3383; x_wconf 77' lang='lat' dir='ltr'><strong>licebat</strong></span> 
     </span>
     <span class='ocr_line' id='line_1_18' title="bbox 263 3423 2607 3514; baseline -0 -26"><span class='ocrx_word' id='word_1_125' title='bbox 263 3426 316 3488; x_wconf 86' lang='lat' dir='ltr'><strong>in</strong></span> <span class='ocrx_word' id='word_1_126' title='bbox 351 3426 456 3493; x_wconf 84' lang='lat' dir='ltr'><strong>hac</strong></span> <span class='ocrx_word' id='word_1_127' title='bbox 499 3434 677 3514; x_wconf 88' lang='lat' dir='ltr'><strong>parte</strong></span> <span class='ocrx_word' id='word_1_128' title='bbox 724 3427 1226 3492; x_wconf 86' lang='lat' dir='ltr'><strong>obnuntiationis</strong></span> <span class='ocrx_word' id='word_1_129' title='bbox 1274 3427 1529 3513; x_wconf 89' lang='lat' dir='ltr'><strong>legibus</strong></span> <span class='ocrx_word' id='word_1_130' title='bbox 1577 3426 1962 3491; x_wconf 88' lang='lat' dir='ltr'><strong>moderanda</strong></span> <span class='ocrx_word' id='word_1_131' title='bbox 2007 3423 2217 3490; x_wconf 89' lang='lat' dir='ltr'><strong>multo</strong></span> <span class='ocrx_word' id='word_1_132' title='bbox 2261 3424 2411 3509; x_wconf 89' lang='lat' dir='ltr'><strong>plus</strong></span> <span class='ocrx_word' id='word_1_133' title='bbox 2466 3444 2607 3487; x_wconf 89' lang='lat' dir='ltr'><strong>con-</strong></span> 
     </span>
     <span class='ocr_line' id='line_1_19' title="bbox 264 3531 2607 3618; baseline -0 -23"><span class='ocrx_word' id='word_1_134' title='bbox 264 3532 444 3597; x_wconf 78' lang='lat' dir='ltr'><strong>cedere</strong></span> <span class='ocrx_word' id='word_1_135' title='bbox 503 3532 646 3598; x_wconf 88' lang='lat' dir='ltr'><strong>aliis</strong></span> <span class='ocrx_word' id='word_1_136' title='bbox 707 3533 986 3598; x_wconf 87' lang='lat' dir='ltr'><strong>consiliis</strong></span> <span class='ocrx_word' id='word_1_137' title='bbox 1050 3538 1115 3599; x_wconf 91' lang='lat' dir='ltr'><strong>et</strong></span> <span class='ocrx_word' id='word_1_138' title='bbox 1177 3534 1530 3598; x_wconf 88' lang='lat' dir='ltr'><strong>rationibus</strong></span> <span class='ocrx_word' id='word_1_139' title='bbox 1597 3536 1849 3618; x_wconf 87' lang='lat' dir='ltr'><strong>proprie</strong></span> <span class='ocrx_word' id='word_1_140' title='bbox 1913 3533 1992 3597; x_wconf 92' lang='lat' dir='ltr'><strong>ad</strong></span> <span class='ocrx_word' id='word_1_141' title='bbox 2056 3531 2434 3618; x_wconf 79' lang='lat' dir='ltr'><strong>religionem</strong></span> <span class='ocrx_word' id='word_1_142' title='bbox 2479 3551 2607 3594; x_wconf 88' lang='lat' dir='ltr'><strong>non</strong></span> 
     </span>
     <span class='ocr_line' id='line_1_20' title="bbox 265 3637 2607 3726; baseline -0 -24"><span class='ocrx_word' id='word_1_143' title='bbox 265 3640 718 3720; x_wconf 83' lang='lat' dir='ltr'><strong>pertinentibus3</strong></span> <span class='ocrx_word' id='word_1_144' title='bbox 785 3639 1008 3705; x_wconf 88' lang='lat' dir='ltr'><strong>deinde</strong></span> <span class='ocrx_word' id='word_1_145' title='bbox 1069 3662 1223 3705; x_wconf 84' lang='lat' dir='ltr'><strong>vero</strong></span> <span class='ocrx_word' id='word_1_146' title='bbox 1287 3642 1514 3726; x_wconf 91' lang='lat' dir='ltr'><strong>ingens</strong></span> <span class='ocrx_word' id='word_1_147' title='bbox 1577 3645 1714 3704; x_wconf 88' lang='lat' dir='ltr'><strong>erat</strong></span> <span class='ocrx_word' id='word_1_148' title='bbox 1774 3642 1842 3703; x_wconf 91' lang='lat' dir='ltr'><strong>in</strong></span> <span class='ocrx_word' id='word_1_149' title='bbox 1908 3640 2026 3704; x_wconf 88' lang='lat' dir='ltr'><strong>hac</strong></span> <span class='ocrx_word' id='word_1_150' title='bbox 2070 3645 2248 3724; x_wconf 84' lang='lat' dir='ltr'><strong>parte</strong></span> <span class='ocrx_word' id='word_1_151' title='bbox 2294 3641 2395 3702; x_wconf 84' lang='lat' dir='ltr'><strong>vis</strong></span> <span class='ocrx_word' id='word_1_152' title='bbox 2440 3637 2607 3702; x_wconf 89' lang='lat' dir='ltr'><strong>alius</strong></span> 
     </span>
     <span class='ocr_line' id='line_1_21' title="bbox 263 3744 2604 3831; baseline 0 -25"><span class='ocrx_word' id='word_1_153' title='bbox 263 3746 510 3823; x_wconf 74' lang='lat' dir='ltr'><strong>stimuli,</strong></span> <span class='ocrx_word' id='word_1_154' title='bbox 594 3746 1038 3811; x_wconf 80' lang='lat' dir='ltr'><strong>utilitatis</strong></span> <span class='ocrx_word' id='word_1_155' title='bbox 1107 3746 1678 3831; x_wconf 86' lang='lat' dir='ltr'><strong>reipublicae,</strong></span> <span class='ocrx_word' id='word_1_156' title='bbox 1752 3766 1912 3831; x_wconf 88' lang='lat' dir='ltr'><strong>quae</strong></span> <span class='ocrx_word' id='word_1_157' title='bbox 1984 3744 2288 3810; x_wconf 83' lang='lat' dir='ltr'><strong>suadebat</strong></span> <span class='ocrx_word' id='word_1_158' title='bbox 2356 3749 2433 3808; x_wconf 90' lang='lat' dir='ltr'><strong>ut</strong></span> <span class='ocrx_word' id='word_1_159' title='bbox 2500 3746 2604 3808; x_wconf 89' lang='lat' dir='ltr'><strong>ius</strong></span> 
     </span>
     <span class='ocr_line' id='line_1_22' title="bbox 263 3849 2609 3937; baseline 0 -24"><span class='ocrx_word' id='word_1_160' title='bbox 263 3869 432 3915; x_wconf 87' lang='lat' dir='ltr'><strong>unum</strong></span> <span class='ocrx_word' id='word_1_161' title='bbox 478 3856 769 3917; x_wconf 87' lang='lat' dir='ltr'><strong>omnium</strong></span> <span class='ocrx_word' id='word_1_162' title='bbox 814 3854 1275 3937; x_wconf 83' lang='lat' dir='ltr'><strong>gravissimum</strong></span> <span class='ocrx_word' id='word_1_163' title='bbox 1295 3901 1310 3929; x_wconf 89' lang='lat'><strong>,</strong></span> <span class='ocrx_word' id='word_1_164' title='bbox 1362 3874 1486 3937; x_wconf 91' lang='lat' dir='ltr'><strong>quo</strong></span> <span class='ocrx_word' id='word_1_165' title='bbox 1526 3850 1829 3936; x_wconf 88' lang='lat' dir='ltr'><strong>impediri</strong></span> <span class='ocrx_word' id='word_1_166' title='bbox 1869 3857 2123 3936; x_wconf 87' lang='lat' dir='ltr'><strong>possent</strong></span> <span class='ocrx_word' id='word_1_167' title='bbox 2162 3850 2389 3936; x_wconf 88' lang='lat' dir='ltr'><strong>legum</strong></span> <span class='ocrx_word' id='word_1_168' title='bbox 2427 3849 2609 3914; x_wconf 89' lang='lat' dir='ltr'><strong>latio-</strong></span> 
     </span>
     <span class='ocr_line' id='line_1_23' title="bbox 263 3957 2608 4045; baseline 0.001 -27"><span class='ocrx_word' id='word_1_169' title='bbox 263 3976 379 4035; x_wconf 64' lang='grc' dir='ltr'><strong>ωε,</strong></span> <span class='ocrx_word' id='word_1_170' title='bbox 437 3961 780 4023; x_wconf 84' lang='lat' dir='ltr'><strong>creationes</strong></span> <span class='ocrx_word' id='word_1_171' title='bbox 841 3961 1342 4045; x_wconf 85' lang='lat' dir='ltr'><strong>magistratuum</strong></span> <span class='ocrx_word' id='word_1_172' title='bbox 1360 4006 1376 4033; x_wconf 90' lang='lat'>,</span> <span class='ocrx_word' id='word_1_173' title='bbox 1443 3958 1682 4021; x_wconf 90' lang='lat' dir='ltr'><strong>iudicia</strong></span> <span class='ocrx_word' id='word_1_174' title='bbox 1726 3957 1985 4043; x_wconf 89' lang='lat' dir='ltr'><strong>populi,</strong></span> <span class='ocrx_word' id='word_1_175' title='bbox 2034 3961 2127 4021; x_wconf 90' lang='lat' dir='ltr'><strong>ita</strong></span> <span class='ocrx_word' id='word_1_176' title='bbox 2169 3957 2421 4043; x_wconf 87' lang='lat' dir='ltr'><strong>legibus</strong></span> <span class='ocrx_word' id='word_1_177' title='bbox 2469 3978 2608 4021; x_wconf 90' lang='lat' dir='ltr'><strong>con-</strong></span> 
     </span>
     <span class='ocr_line' id='line_1_24' title="bbox 262 4060 2609 4151; baseline 0.002 -28"><span class='ocrx_word' id='word_1_178' title='bbox 262 4060 610 4129; x_wconf 83' lang='lat' dir='ltr'><strong>formaretur</strong></span> <span class='ocrx_word' id='word_1_179' title='bbox 669 4068 736 4128; x_wconf 90' lang='lat' dir='ltr'><strong>et</strong></span> <span class='ocrx_word' id='word_1_180' title='bbox 800 4063 1214 4151; x_wconf 87' lang='lat' dir='ltr'><strong>digereretur,</strong></span> <span class='ocrx_word' id='word_1_181' title='bbox 1278 4077 1354 4128; x_wconf 90' lang='lat' dir='ltr'><strong>ut</strong></span> <span class='ocrx_word' id='word_1_182' title='bbox 1414 4066 1655 4148; x_wconf 87' lang='lat' dir='ltr'><strong>partim</strong></span> <span class='ocrx_word' id='word_1_183' title='bbox 1721 4062 2007 4128; x_wconf 89' lang='lat' dir='ltr'><strong>adhiberi</strong></span> <span class='ocrx_word' id='word_1_184' title='bbox 2054 4068 2268 4148; x_wconf 90' lang='lat' dir='ltr'><strong>posset</strong></span> <span class='ocrx_word' id='word_1_185' title='bbox 2314 4063 2393 4127; x_wconf 90' lang='lat' dir='ltr'><strong>ad</strong></span> <span class='ocrx_word' id='word_1_186' title='bbox 2441 4063 2609 4128; x_wconf 88' lang='lat' dir='ltr'><strong>cohi-</strong></span> 
     </span>
     <span class='ocr_line' id='line_1_25' title="bbox 261 4166 2607 4258; baseline 0.001 -26"><span class='ocrx_word' id='word_1_187' title='bbox 261 4166 498 4234; x_wconf 86' lang='lat' dir='ltr'><strong>bendam</strong></span> <span class='ocrx_word' id='word_1_188' title='bbox 556 4169 887 4235; x_wconf 87' lang='lat' dir='ltr'><strong>licentiam</strong></span> <span class='ocrx_word' id='word_1_189' title='bbox 945 4173 1449 4258; x_wconf 85' lang='lat' dir='ltr'><strong>magistratuum</strong></span> <span class='ocrx_word' id='word_1_190' title='bbox 1497 4168 1730 4255; x_wconf 91' lang='lat' dir='ltr'><strong>quibus</strong></span> <span class='ocrx_word' id='word_1_191' title='bbox 1780 4168 2053 4256; x_wconf 88' lang='lat' dir='ltr'><strong>singulis</strong></span> <span class='ocrx_word' id='word_1_192' title='bbox 2096 4172 2199 4234; x_wconf 89' lang='lat' dir='ltr'><strong>ius</strong></span> <span class='ocrx_word' id='word_1_193' title='bbox 2246 4174 2412 4235; x_wconf 85' lang='lat' dir='ltr'><strong>esset</strong></span> <span class='ocrx_word' id='word_1_194' title='bbox 2457 4191 2607 4236; x_wconf 89' lang='lat' dir='ltr'><strong>cum</strong></span> 
     </span>
     <span class='ocr_line' id='line_1_26' title="bbox 259 4274 2609 4363; baseline -0 -22"><span class='ocrx_word' id='word_1_195' title='bbox 259 4274 466 4362; x_wconf 86' lang='lat' dir='ltr'><strong>populo</strong></span> <span class='ocrx_word' id='word_1_196' title='bbox 511 4282 624 4341; x_wconf 89' lang='lat' dir='ltr'><strong>aut</strong></span> <span class='ocrx_word' id='word_1_197' title='bbox 669 4296 820 4341; x_wconf 87' lang='lat' dir='ltr'><strong>cum</strong></span> <span class='ocrx_word' id='word_1_198' title='bbox 866 4275 1052 4363; x_wconf 88' lang='lat' dir='ltr'><strong>plebe</strong></span> <span class='ocrx_word' id='word_1_199' title='bbox 1101 4275 1365 4363; x_wconf 88' lang='lat' dir='ltr'><strong>agendi,</strong></span> <span class='ocrx_word' id='word_1_200' title='bbox 1417 4278 1471 4339; x_wconf 91' lang='lat' dir='ltr'><strong>si</strong></span> <span class='ocrx_word' id='word_1_201' title='bbox 1520 4278 1631 4361; x_wconf 91' lang='lat' dir='ltr'><strong>qui</strong></span> <span class='ocrx_word' id='word_1_202' title='bbox 1675 4276 1797 4340; x_wconf 92' lang='lat' dir='ltr'><strong>hoc</strong></span> <span class='ocrx_word' id='word_1_203' title='bbox 1835 4278 1974 4340; x_wconf 90' lang='lat' dir='ltr'><strong>iure</strong></span> <span class='ocrx_word' id='word_1_204' title='bbox 2014 4276 2193 4340; x_wconf 91' lang='lat' dir='ltr'><strong>abuti</strong></span> <span class='ocrx_word' id='word_1_205' title='bbox 2230 4281 2609 4341; x_wconf 85' lang='lat' dir='ltr'><strong>conarentur</strong></span> 
     </span>
     <span class='ocr_line' id='line_1_27' title="bbox 259 4380 2605 4478; baseline -0 -31"><span class='ocrx_word' id='word_1_206' title='bbox 259 4380 526 4451; x_wconf 78' lang='lat' dir='ltr'><strong>adversus</strong></span> <span class='ocrx_word' id='word_1_207' title='bbox 585 4382 943 4449; x_wconf 85' lang='lat' dir='ltr'><strong>utilitatem</strong></span> <span class='ocrx_word' id='word_1_208' title='bbox 1002 4382 1390 4469; x_wconf 82' lang='lat' dir='ltr'><strong>reipublicae</strong></span> <span class='ocrx_word' id='word_1_209' title='bbox 1437 4381 1516 4446; x_wconf 88' lang='lat' dir='ltr'><strong>ad</strong></span> <span class='ocrx_word' id='word_1_210' title='bbox 1565 4381 1997 4478; x_wconf 84' lang='lat' dir='ltr'><strong>persequenda</strong></span> <span class='ocrx_word' id='word_1_211' title='bbox 2043 4382 2307 4449; x_wconf 88' lang='lat' dir='ltr'><strong>consilia</strong></span> <span class='ocrx_word' id='word_1_212' title='bbox 2351 4385 2605 4469; x_wconf 81' lang='lat' dir='ltr'><strong>privata</strong></span> 
     </span>
    </p>
   </div>
   <div class='ocr_carea' id='block_1_5' title="bbox 3149 1073 3157 2053">
    <p class='ocr_par' dir='ltr' id='par_1_5' title="bbox 3149 1073 3157 2053">
     <span class='ocr_line' id='line_1_28' title="bbox 3149 1073 3157 2053; baseline 0 0"><span class='ocrx_word' id='word_1_213' title='bbox 3149 1073 3157 2053; x_wconf 95' lang='lat' dir='ltr'><strong> </strong></span> 
     </span>
    </p>
   </div>
  </div>
 </body>
</html>
