3192 5009
700 308 828 376 180
1550 328 2196 377 ossnsu'rmnctmu

690 494 865 557 babet
909 491 975 572 (l.
1025 491 1111 557 24
1157 491 1235 557 D.
1290 491 1395 558 12.
1428 493 1485 572 1,
1524 496 1620 559 ita
1654 496 1985 572 restituta,
2027 492 2568 580 quemadmodum
2607 490 3066 558 restituendam

690 620 824 665 esse
840 648 858 678 ,
906 588 1228 684 superiore
1273 601 1477 684 capite
1494 649 1511 677 ,
1558 606 1909 686 utcumque
1956 603 2140 686 potui
2159 649 2175 679 ‚
2227 601 2458 679 docui).
2509 596 2738 665 Obstat
2781 618 3068 684 praecep-

692 712 866 783 tum:
932 705 1003 770 ci
1065 712 1354 769 certum
1401 712 1823 788 pet(a)tur,
1894 706 2043 787 (ita
2087 706 2536 793 formulam
2604 704 3043 791 concipito)

687 811 881 878 Versa
928 832 1179 898 quoque
1227 814 1365 877 vice
1412 814 1523 898 qui
1568 815 1888 879 incertum
1935 815 2003 877 in
2051 813 2535 899 stipulationem
2581 812 2920 878 deduxerit
2937 858 2957 887 ,
3017 812 3066 873 is
3165 765 3167 857 Ῐ

688 924 909 1003 postea
951 924 1122 983 certa
1164 917 1443 983 formula
1486 940 1614 983 non
1657 925 1870 1004 potest
1921 940 2109 1006 agere
2127 970 2142 998 ,
2194 922 2344 1005 quia
2385 920 2542 983 sicut
2577 920 2718 1001 ipsa
2751 917 3064 1000 stipulatio

686 1033 965 1108 concepta
1010 1033 1113 1103 eet,
1160 1025 1254 1089 ita
1300 1033 1357 1089 et
1402 1026 1656 1090 intentio
1686 1027 2024 1111 formulae.
2052 1027 2285 1110 concipi
2331 1027 2498 1091 debet
2541 1023 2712 1107 (Gai.
2761 1023 2850 1089 IV
2887 1020 3062 1108 §53³

560 1150 563 1153 ’
682 1135 728 1197 1.
753 1133 846 1213 fi).
918 1132 1138 1218 Neque
1198 1134 1255 1196 is
1315 1134 1421 1197 cui
1481 1153 1558 1197 ex
1622 1132 1910 1198 mandati
1958 1154 2149 1199 causa
2195 1138 2368 1199 certa
2414 1133 2718 1199 debeat-ur
2761 1132 3060 1216 pecunia,

685 1261 827 1305 eam
872 1243 1041 1306 recte
1086 1244 1261 1324 petet
1304 1244 1477 1305 certa
1523 1238 1800 1304 formula
1820 1288 1836 1317 ‚
1875 1240 2018 1306 ideo
2055 1240 2223 1326 quod
2260 1240 2521 1305 Praetor
2556 1239 2722 1305 forte
2746 1236 3058 1303 edixerat:

956 1347 1054 1425 (ci
1100 1367 1187 1408 ex
1231 1366 1467 1408 cauea
1509 1346 1874 1409 mandati
1921 1354 2228 1427 affatur,
2271 1346 2861 1431 itasormulam
2907 1364 3063 1405 con-

773 1557 869 1624 De
915 1457 1312 1623 180ιέὲέΞῇ
1356 1562 1565 1643 potest
1612 1558 1971 1644 fragmento
2017 1557 2278 1644 Ulpiani
2319 1558 2489 1644 quod
2527 1565 2624 1624 est
2662 1556 2852 1623 hodie
2889 1554 2937 1619 1.
2983 1552 3056 1617 15

682 1664 761 1730 D.
814 1662 918 1729 12.
949 1665 1023 1730 1:

1044 1768 1395 1851 Sinyularia
1435 1772 1724 1856 quaedam
1763 1778 1998 1854 recepta
2033 1778 2174 1835 cunt
2211 1771 2372 1836 circa
2400 1770 2722 1854 pecuniam
2759 1768 3056 1833 creditam.
3172 1811 3173 1854 ¹

954 1877 1115 1941 Nam
1158 1876 1215 1940 εἰ
1260 1876 1371 1939 tibi
1414 1878 1731 1941 debitorem
1777 1900 1963 1943 mem
2007 1877 2231 1942 iussero
2278 1880 2426 1942 dare
2451 1877 2773 1962 pecwm'am
2785 1924 2802 1953 ,
2845 1873 3058 1953 obliqu-

953 1984 1043 2048 ric
1086 1983 1236 2046 mihi
1252 2032 1269 2062 ,
1318 1984 1587 2069 quamvis
1629 2005 1782 2047 meos
1826 2006 2085 2048 nummos
2129 2006 2248 2048 non.
2295 1983 2613 2067 acceperis.

1050 2092 1224 2172 Quod
1259 2090 1451 2171 iyitur
1488 2091 1557 2153 im
1594 2090 1823 2154 duabus
1849 2090 2130 2173 personis
2165 2090 2476 2173 recipitur,
2519 2092 2625 2153 hoc
2662 2095 2720 2153 et
2757 2088 2825 2151 in
2863 2088 3052 2150 eadem

948 2220 1205 2281 persona
1241 2196 1648 2279 recipiendum
1688 2204 1774 2261 eet
1789 2224 1808 2260 .·
1846 2205 1914 2261 ut
1951 2221 2080 2261 cum
2119 2220 2192 2261 er
2229 2219 2410 2260 cauea
2445 2195 2717 2260 mandati
2743 2194 3052 2277 pecuniam

951 2304 1101 2368 mihi
1162 2304 1371 2367 debeas
1388 2352 1405 2381 ,
1454 2310 1514 2367 et
1558 2304 1896 2368 convenerit
1939 2311 2008 2368 ut
2051 2303 2266 2368 credin*
2311 2302 2545 2367 nomine
2593 2324 2720 2366 eam
2764 2300 3020 2365 retineas
3037 2346 3050 2373 ,

950 2410 1230 2475 videatur
1272 2408 1421 2473 mihi
1465 2410 1616 2473 data
1645 2410 1910 2491 pecoemia
1925 2459 1942 2489 ,
1994 2417 2052 2475 et
2096 2433 2136 2474 a
2180 2432 2268 2473 me
2313 2412 2398 2473 ad
2443 2416 2499 2473 te
2533 2410 2844 2494 profecta.

769 2516 952 2582 Hanc
988 2518 1196 2605 igitur
1232 2520 1453 2580 tuetur
1490 2517 1872 2582 sententiam
1897 2514 2231 2602 Ulpianus,
2257 2513 2515 2601 quaml.
2546 2513 2630 2579 34
2655 2537 2750 2600 pr.
2775 2513 2852 2578 D.
2883 2510 2988 2579 1¹7.
3018 2510 3046 2573 1

680 2627 1011 2710 oppugnat
1058 2622 1393 2685 Africanus
1410 2668 1427 2699 ,
1476 2643 1548 2684 esc
1603 2620 1761 2685 omni
1821 2628 2126 2686 contracbu
2187 2624 2354 2686 nuda
2406 2621 2694 2705 pactione
2739 2619 3048 2703 pecuniam

678 2729 963 2793 creditam
1006 2727 1161 2812 fieri
1210 2749 1406 2810 posse.
1470 2726 1533 2792 N
1534 2748 1615 2793 on
1664 2734 1761 2794 est
1805 2728 2114 2794 creditum
2136 2776 2152 2807 ,
2202 2728 2370 2814 quod
2415 2749 2493 2793 ex
2539 2746 2728 2793 causa
2771 2723 3050 2790 mandati

678 2835 960 2914 debetur,
1031 2854 1236 2920 neque
1304 2836 1438 2918 peti
1508 2840 1722 2919 potest
1790 2855 1864 2900 ea
1926 2833 2204 2900 formula
2264 2854 2390 2920 qua
2451 2839 2690 2899 certam
2752 2832 3048 2899 creditam

676 2944 1015 3027 pecuniam
1075 2942 1388 3025 petimus3
1454 2939 1694 3004 credita
1753 2938 1890 3005 fieri
1935 2946 2146 3026 potest
2191 2940 2362 3006 nuda
2410 2940 2748 3005 dumtaxat
2793 2959 3048 3005 couven-

675 3049 849 3112 tione
866 3095 882 3125 ‚
934 3052 1087 3111 tunc
1132 3043 1357 3111 deinde
1403 3052 1573 3110 certa
1618 3044 1895 3112 formula
1938 3049 2071 3132 peti
2118 3050 2370 3132 poterit.
2435 3044 2694 3132 Optime
2741 3068 2892 3112 cum
2939 3047 3048 3111 hoc

674 3156 815 3220 iure
860 3154 1192 3230 convenit,
1240 3151 1308 3216 id
1346 3151 1511 3237 quod
1548 3151 1739 3218 habet
1780 3152 2166 3239 Papinianus
2200 3152 2245 3218 1.
2289 3153 2330 3220 8
2378 3153 2458 3221 D.
2507 3152 2610 3219 19.
2639 3152 2714 3219 5:
2765 3176 2846 3221 ex
2892 3172 3048 3219 novo

674 3262 934 3347 negotio
999 3260 1055 3323 si
1120 3257 1424 3323 debeatur
1492 3264 1664 3323 certa
1730 3261 1999 3344 pecunia
2015 3308 2032 3338 ,
2106 3266 2320 3325 tamen
2381 3262 2788 3347 praescriptis
2847 3260 3048 3325 verbis

676 3365 997 3453 agendum
1044 3384 1199 3430 esse.
1248 3362 1415 3429 Item
1433 3412 1449 3441 ‚
1500 3364 1670 3450 quod
1717 3362 1918 3432 Gaius
1966 3366 2185 3431 scribit
2230 3366 2352 3447 (ΠΙ
2401 3363 2643 3453 ᾖ127),
2689 3369 3048 3432 intercesso-

676 3492 776 3537 res
793 3520 811 3549 ‚
858 3470 1069 3556 quodsi
1112 3469 1263 3555 quid
1293 3491 1414 3552 pro
1461 3492 1559 3533 reo
1603 3470 1924 3550 solverint,
1975 3472 2102 3535 eius
2145 3472 2526 3555 reciperandi
2571 3494 2753 3536 cama
2789 3474 3046 3552 hab(ere)

676 3601 803 3643 eum
863 3599 927 3641 eo
988 3574 1260 3639 mandabi
1305 3575 1612 3640 mdiciwm.
1662 3578 1864 3663 Atqui
1910 3584 2158 3643 certum
2202 3584 2300 3645 est
2346 3579 2513 3665 quod
2558 3585 2808 3664 petunt.
2880 3578 3044 3643 Inest

675 3690 893 3750 autem
939 3683 1091 3747 huic
1135 3684 1484 3748 sententiae
1530 3702 1844 3770 magnum
1888 3683 2147 3771 aliquod
2185 3686 2496 3751 indicium
2515 3735 2532 3763 ,
2572 3690 2744 3751 certa
2780 3683 3044 3750 formula

676 3793 785 3878 agi
831 3810 956 3854 non
999 3809 1201 3875 posse.
1264 3787 1513 3875 Quippe
1560 3790 1851 3856 additur:
1900 3798 1958 3855 et
2001 3793 2108 3856 boc
2151 3792 2413 3875 amphias
2457 3814 2765 3876 sponsores
2812 3815 2885 3856 ecc
2929 3792 3046 3873 leqe

678 3894 953 3961 Publilia
1004 3894 1321 3978 propriam
1364 3896 1579 3960 habent
1625 3898 1912 3962 actionem
1956 3898 2024 3961 in
2069 3900 2318 3983 duplum
2362 3922 2514 3985 quae
2559 3882 2912 3983 appellatur
2957 3900 3046 3961 de-

664 4002 865 4085 penei.
912 4000 1007 4066 De
1053 4006 1224 4067 certa
1271 4001 1547 4067 formula
1593 4003 1742 4069 data
1786 4025 1974 4091 opera
2017 4012 2280 4070 tacetur.

768 4106 895 4172 Hic
952 4106 1321 4193 interpellet
1381 4110 1557 4193 quis:
1621 4110 1780 4175 heus
1843 4117 1917 4174 tu
1980 4130 2172 4196 quam
2233 4111 2416 4177 nobis
2463 4126 2678 4178 narras
2723 4108 3040 4177 fabulam?

676 4212 899 4279 Nonne
959 4235 1037 4279 ex
1098 4213 1407 4279 Rosciana
1466 4236 1654 4281 causa
1715 4218 1866 4281 satis
1914 4238 2226 4303 superque
2271 4224 2515 4284 constat
2561 4224 2731 4285 certa
2775 4219 3042 4285 formula

678 4322 813 4405 peti
859 4340 1041 4404 posse
1086 4320 1188 4399 id,
1232 4321 1398 4406 quod
1446 4342 1525 4386 ex
1570 4343 1761 4388 causa
1803 4325 2121 4390 societatis
2160 4322 2503 4390 debeatur?
2546 4325 2773 4392 Nonne
2811 4326 3040 4391 Fannio

678 4426 841 4489 vitio
911 4428 1109 4491 vertit
1166 4432 1396 4505 orator,
1457 4427 1629 4512 quod
1688 4450 1854 4495 nunc
1917 4437 2088 4496 certa
2131 4438 2307 4517 petat
2351 4430 2632 4498 formula
2679 4433 2848 4521 quod
2893 4432 3040 4499 olim
