3192 5009
1102 251 1189 298 mr
1232 250 1385 298 1111111
1430 187 1732 300 aomo:
2468 226 2598 293 123

268 419 574 482 remittitur
630 416 881 502 quando
931 415 1008 480 de
1055 415 1434 501 prohibendi
1478 418 1618 479 iure
1665 437 1790 479 non
1837 415 2160 500 probatur.
2209 412 2381 478 Huic
2428 431 2598 476 novo

268 526 369 587 iuri
410 523 943 588 accommodatum
988 521 1117 587 fuit
1162 521 1425 608 Ulpiani
1471 521 1912 607 fragmentum
1955 525 2026 586 111
2071 520 2251 586 tituli
2288 521 2364 582 de
2399 517 2600 601 operis

270 631 380 692 novi
419 630 781 693 nuntiatione
826 631 1097 693 introitu
1141 631 1463 714 positum:

490 736 621 799 Hoc
666 736 857 799 edicto
894 735 1299 817 promittitur,
1348 742 1417 797 ut
1459 734 1587 798 eive
1633 735 1768 799 iure
1812 734 1938 796 eive
1971 732 2211 797 iniuria
2249 754 2396 814 opus
2415 733 2601 814 fieret

483 865 597 924 per
642 841 1077 906 nuntiationem
1124 841 1495 904 inhiberetur
1540 841 1794 922 [deinde
1840 843 2279 906 remitteretur
2323 836 2602 924 prohibi-

488 951 579 1012 tio
645 923 986 1024 hactenus,
1051 952 1364 1032 quatenus
1411 947 1793 1114 prohibendi
1835 949 1938 1012 ius
1984 950 2042 1011 is
2087 948 2200 1031 qui
2245 946 2604 1009 nuntiasset

492 1075 614 1118 non
660 1055 948 1136 habetet]

340 1161 530 1246 Neque
573 1163 699 1246 ipsi
744 1160 973 1225 Edicto
1021 1181 1251 1224 manus
1296 1162 1501 1245 impia
1548 1162 1832 1246 pepercit
1878 1160 2027 1240 (1.1
2074 1180 2168 1246 pr.
2203 1157 2282 1222 D.
2311 1155 2417 1222 43.
2447 1154 2598 1235 25):

494 1267 597 1330 Ait
643 1268 898 1330 Praetor
943 1270 1007 1348 [,‚
1017 1265 1185 1352 quod
1223 1268 1325 1330 ius
1365 1269 1450 1330 sit
1486 1265 1586 1330 illi
1624 1266 1963 1354 prohibere
2000 1288 2078 1331 110
2117 1287 2182 1330 00
2220 1267 2428 1329 invito
2467 1261 2598 1339 fiat,

493 1377 557 1438 in
614 1395 691 1438 00
753 1375 1073 1440 nuntiatio
1136 1377 1351 1437 teneat
1366 1421 1383 1450 ‚
1448 1385 1737 1436 ceterum
1797 1374 2270 1436 nuntiationem
2336 1371 2604 1433 missam

495 1479 746 1562 facio’'].

345 1584 720 1671 interpolatio
767 1584 875 1650 vel
918 1585 1067 1650 hinc
1119 1586 1495 1671 agnoscitur.
1538 1584 1708 1669 quod
1757 1583 1882 1648 dici
1931 1604 2058 1647 non
2105 1589 2316 1667 potest
2354 1579 2604 1666 quando

274 1695 347 1754 ita
381 1690 645 1756 Praetori
689 1691 1155 1756 decernendum
1203 1691 1417 1755 fuerit.
1470 1688 1658 1757 Certe
1706 1711 1830 1756 11011
1878 1692 2094 1775 potuit
2136 1692 2230 1753 ita
2277 1688 2606 1752 decernere

278 1801 455 1862 statim
494 1805 831 1884 postquam
877 1796 957 1862 ad
1004 1818 1156 1862 eum
1203 1799 1454 1862 venerit
1481 1799 1555 1860 -10
1605 1799 1717 1861 cui·
1756 1799 2128 1860 nuntiatum
2173 1795 2372 1859 fuerit
2389 1813 2404 1870 ;
2455 1813 2606 1857 110111

278 1904 509 1968 vidimus
567 1904 724 1970 olim
784 1903 853 1968 id
914 1925 1043 1968 non
1104 1895 1389 1970 sufficere
1445 1908 1521 1968 ut
1564 1905 1766 1967 missa
1814 1901 1926 1966 fiat
1972 1903 2314 1966 nuntiatio.
2385 1899 2608 1984 Neque

276 2013 347 2074 its
380 2011 689 2077 decernere
736 2013 951 2097 potuit
987 2015 1329 2096 postquam
1371 2030 1451 2074 ex
1488 2009 1828 2074 interdicto
1873 2031 1968 2071 ne
2013 2009 2136 2071 vie
2165 2007 2355 2093 fiat
2399 2006 2609 2069 aedi-

264 2115 547 2200 ficanti
615 2123 825 2182 cetera
886 2118 1216 2180 nuntiator
1273 2115 1527 2190 fecerit;
1592 2121 1759 2179 esset
1816 2117 1990 2179 enim
2049 2112 2237 2178 valde
2309 2115 2608 2197 iniquum

276 2243 644 2306 possessorem
712 2225 1103 2286 constituere
1164 2221 1601 2286 adversarium
1663 2218 1846 2284 nulla
1909 2220 2318 2285 satisdatione
2375 2217 2605 2282 oblata.

274 2326 453 2413 Neque
492 2331 583 2392 ita
628 2327 964 2392 decernere
1008 2329 1221 2412 potuit
1259 2330 1626 2392 nuntiatore
1665 2348 1742 2391 ex
1781 2326 2120 2392 interdicto
2162 2331 2370 2390 cetera
2405 2324 2609 2388 facere

274 2439 587 2512 recusante3
649 2434 820 2498 hunc
884 2436 1057 2498 enim
1121 2453 1316 2518 supra
1360 2431 1646 2497 vidimus
1693 2433 1766 2495 ab
1815 2433 2013 2514 operis
2057 2430 2208 2495 novi·
2243 2429 2610 2493 exsecutione

270 2540 587 2604 summoveri.
658 2539 879 2624 Neque
946 2543 1043 2604 ita
1113 2539 1443 2604 decernere
1509 2541 1726 2623 potuit
1795 2537 2204 2602 satisdatione
2274 2536 2350 2600 de
2421 2555 2608 2620 opere

274 2647 613 2712 restituendo
654 2647 1063 2731 interposita3
1132 2665 1283 2714 nam
1322 2644 1476 2708 haec
1523 2646 1674 2728 quia
1721 2645 2144 2708 nuntiationis
2190 2644 2424 2706 missae
2469 2643 2611 2706 vice

272 2757 372 2828 est,
436 2759 574 2838 post
635 2752 1117 2817 satisdationem
1136 2799 1165 2834 a
1218 2753 1274 2814 si
1332 2756 1585 2835 praeter
1634 2752 2078 2815 necessitatem
2121 2750 2428 2812 remissio
2461 2747 2607 2824 fiat,

274 2857 452 2922 eodem
494 2859 685 2924 modo
733 2857 1019 2922 facienda
1064 2863 1163 2921 001
1209 2861 1402 2940 atque
1448 2854 1607 2920 alias
1652 2854 1782 2918 fiat.

342 2961 853 3030 Commentitium
900 2965 1106 3048 igitur
1154 2969 1251 3026 est
1276 2961 1581 3027 edictum
1626 2960 1947 3024 Praetoris
1995 2957 2166 3044 quod
2203 2959 2391 3022 initio
2433 2957 2613 3022 tituli

277 3069 331 3130 de
366 3070 815 3133 missionibus
868 3069 1132 3155 legitur.
1181 3067 1305 3146 Qui
1352 3066 1650 3132 adhaeret
1697 3068 1757 3130 ei
1805 3063 2086 3149 Ulpiani·
2112 3066 2612 3128 commentarius

280 3195 475 3260 magna
516 3197 594 3242 ex
641 3182 822 3261 parte
868 3177 1214 3260 rescriptus
1260 3178 1391 3238 est:

502 3284 565 3366 [ξ
595 3281 653 3344 1.
704 3279 838 3346 Sub
882 3281 1004 3345 hoc
1050 3277 1245 3344 titulo
1292 3280 1692 3342 remissiones
1741 3279 2232 3361 proponuntur}

346 3384 447 3450 Est
486 3391 597 3472 qui
644 3387 767 3452 sibi
813 3385 1191 3471 persuadeat
1208 3433 1223 3463 ,
1274 3387 1568 3448 decretum
1617 3383 1938 3448 Praetoris
1985 3381 2338 3468 Ulpianum
2372 3382 2615 3445 titulum

280 3489 331 3554 id
364 3499 449 3556 est
491 3494 808 3560 rubricam
856 3487 1244 3578 appellasse?

505 3601 568 3683 [ξ
596 3597 659 3662 2.
722 3597 809 3661 Et
866 3596 1059 3662 verba
1120 3597 1443 3660 Praetoris
1500 3594 1845 3659 ostendunt
1890 3595 2338 3660 remissionem,
2375 3593 2468 3656 ibi
2516 3592 2616 3656 de-

506 3725 693 3768 mum
752 3703 1023 3778 factam,
1074 3702 1186 3766 ubi
1232 3697 1577 3765 nuntiatio‘
1607 3722 1730 3765 non
1777 3705 1986 3776 tenet,
2037 3704 2102 3764 et
2146 3701 2617 3763 nuntiationem

504 3811 599 3874 ibi
644 3809 909 3874 demum
955 3807 1239 3873 voluisse
1286 3806 1658 3871 Praetorem
1704 3812 1917 3870 tenere
1938 3854 1954 3882 ‚
2007 3806 2122 3869 ubi
2167 3807 2270 3868 ius
2317 3808 2416 3870 est
2461 3825 2618 3868 nun-

506 3917 696 3982 tianti
740 3913 1075 3999 prohibere
1094 3961 1109 3989 ‚
1159 3933 1354 3977 11000
1398 3914 1604 3976 invito
1653 3911 1813 3994 fiatJ.

350 4014 411 4082 Id
464 4024 517 4085 si
578 4021 845 4088 Praetor
904 4019 1248 4094 voluisset,
1312 4017 1692 4082 edixissetne
1753 4023 1822 4078 ‘at
1866 4016 1992 4079 sive
2038 4015 2172 4078 ture
2214 4015 2340 4077 eive
2383 4014 2620 4078 iniuria

284 4139 399 4199 opu
432 4129 611 4208 fieret
662 4149 795 4209 per.
824 4125 1256 4190 nuntiationem
1303 4124 1672 4194 inhiberetur
1695 4123 1730 4188 ‚7
1777 4122 1864 4186 Et
1914 4142 2108 4207 quam
2155 4120 2424 4188 absurde
2469 4120 2620 4186 dici-

284 4227 366 4289 tur
410 4229 471 4294 id
526 4235 773 4297 remitti
832 4231 1003 4317 quod
1062 4251 1188 4295 non
1232 4236 1425 4295 tenet.
1474 4228 1655 4308 Quod
1704 4229 1960 4314 quantis
2007 4229 2304 4314 convitiis
2350 4228 2618 4292 0000010-

286 4349 403 4398 nem
456 4337 605 4404 011111
676 4341 1063 4432 praestiterit
1080 4329 1113 4422 ,'
1162 4335 1305 4403 aliis
1366 4337 1434 4406 id
1498 4358 1565 4403 se
1627 4334 1988 4427 intelligere
2053 4333 2578 4408 contendentibus
2600 4380 2614 4404 .

361 4664 476 4709 Λι-
