3192 5009
523 358 656 425 420
1527 375 1885 426 virnuvms.

519 543 854 630 hexastylo
877 593 892 620 ,
957 544 1267 631 octastylo
1287 593 1303 622 ,
1366 545 1522 630 quid
1571 548 1799 630 cuique
1848 545 2159 618 aedificio,
2207 545 2273 608 id
2317 552 2413 609 est
2457 543 2613 630 quid
2658 546 2907 630 cuique

519 649 857 713 architecto
905 652 972 712 in
1019 655 1152 714 arte
1199 653 1282 713 sit
1327 653 1657 736 proprium
1676 699 1691 728 ,
1742 673 1864 715 non
1903 655 2235 716 memorat.
2277 650 2447 730 Quae
2472 653 2905 736 symmetriae

520 754 933 840 explicantur,
998 775 1104 820 eae
1170 777 1293 820 non
1357 755 1436 820 ad
1482 756 1737 843 singula
1789 777 2007 842 opera,
2055 763 2131 821 ut
2174 758 2241 820 in
2288 755 2566 820 fontibus
2586 805 2602 832 ,
2652 755 2759 821 sed
2804 755 2909 819 ad

518 863 754 946 species
821 867 1124 944 quattuor
1188 865 1439 947 generis
1506 865 1699 928 ionici
1769 870 1833 928 et
1902 863 1980 927 ad
2044 861 2312 928 totidem
2374 865 2627 949 generis
2690 863 2907 927 dorici

523 971 826 1051 spectant.
881 964 977 1032 Of.
1029 967 1100 1030 L.·
1153 966 1249 1030 III
1297 974 1362 1032 et
1406 967 1515 1032 IV.

611 1071 706 1137 De
750 1072 1005 1159 eustylo
1051 1074 1243 1137 ionici
1286 1076 1540 1160 generis
1585 1077 1676 1139 sic
1726 1074 1977 1139 scribit:

613 1177 854 1256 „Frons
916 1177 1039 1242 loci
1101 1199 1260 1263 quae
1321 1181 1389 1243 in
1453 1180 1602 1244 aede
1653 1183 2000 1244 constituta
2048 1180 2241 1246 fuerit
2288 1183 2337 1244 si
2389 1178 2757 1266 tetrastylos
2804 1181 2908 1244 fa-

523 1283 740 1348 cienda
799 1283 992 1348 fuerit
1011 1333 1026 1362 ‚
1099 1283 1423 1349 dividatur
1479 1287 1546 1349 in
1617 1293 1827 1371 partes
1890 1284 2033 1350 XIS
2094 1293 2342 1371 praeter
2410 1285 2761 1371 crepidines
2826 1293 2907 1350 et

524 1393 910 1475 proiecturas
959 1392 1276 1474 spirarum
1297 1439 1310 1460 .
1361 1393 1414 1454 si
1461 1412 1570 1456 sex
1618 1393 1739 1456 erit
1786 1391 2230 1456 columnarum
2270 1393 2337 1456 in
2384 1397 2594 1476 partes
2640 1389 2861 1454 XV111
2884 1439 2905 1466 ‚

527 1498 580 1560 si
624 1493 968 1582 octastylos
1013 1498 1438 1560 constituatur
1485 1496 1811 1561 dividatur
1854 1499 1920 1560 in
1962 1497 2176 1561 XXIV
2216 1503 2280 1562 et
2318 1499 2665 1582 semissem.
2724 1495 2905 1560 Item

527 1621 606 1666 ex
649 1601 750 1664 his
795 1601 1084 1685 partibus
1129 1603 1265 1665 sive
1313 1601 1637 1687 tetrastyli
1683 1604 1820 1666 sive
1869 1602 2190 1689 hexastyli
2235 1605 2371 1668 sive
2421 1601 2721 1688 octastyli
2766 1623 2907 1666 una

527 1727 670 1792 pars
739 1713 1029 1771 sumatur
1094 1727 1290 1792 eaque
1357 1710 1480 1772 erit
1541 1707 1841 1773 modulus
1861 1757 1877 1786 ,
1950 1711 2133 1772 cuius
2206 1707 2452 1774 moduli
2520 1711 2711 1773 unius
2772 1711 2907 1772 erit

529 1813 874 1879 crassitudo
940 1812 1400 1878 columnarum.
1469 1813 1594 1878 Eas
1641 1821 1860 1879 autem
1907 1816 2315 1902 symmetrias
2362 1817 2693 1880 constituit
2736 1813 2911 1878 Her-

530 1920 896 2004 megenes''.

621 2025 869 2090 Floruit
927 2023 1036 2091 ille
1081 2024 1515 2112 Hermogenes
1561 2033 1768 2091 aetate
1816 2025 2159 2091 Alexandri
2206 2027 2427 2114 Magni
2446 2076 2463 2104 ,
2514 2031 2569 2092 si
2612 2027 2910 2091 Brunnio

535 2131 726 2196 fidem
772 2132 980 2196 habes.

625 2237 868 2317 Quibus
913 2241 1306 2326 symmetriis
1355 2239 1617 2303 fecerint
1660 2239 1989 2304 architecti
2036 2239 2310 2325 reliquas
2357 2242 2593 2325 species
2636 2239 2907 2304 aedium

533 2347 724 2411 ionici
768 2347 1053 2432 generis,
1105 2351 1364 2431 excepta
1411 2343 1770 2432 araeostylo
1790 2393 1803 2420 ‚
1855 2349 1943 2410 sic
1989 2345 2375 2431 explicatur:

629 2451 922 2537 „Species
983 2458 1133 2516 sunt
1191 2450 1602 2538 pycnostylos
1622 2500 1638 2529 ,
1686 2452 1752 2515 id
1799 2458 1896 2516 est
1941 2452 2171 2516 crebris
2219 2451 2531 2516 columnis
2550 2499 2565 2528 ,
2615 2448 2915 2536 systylos

538 2558 725 2645 paulo
772 2558 1236 2623 remissioribus
1280 2556 1916 2622 intercolumniorum
1963 2560 2217 2643 spatiis,
2268 2556 2571 2644 diastylos
2618 2554 2915 2640 amplius

538 2665 932 2751 patentibuS,
981 2664 1186 2727 rarius
1240 2684 1432 2747 quam
1493 2669 1742 2748 oportet
1784 2666 1952 2728 inter
1998 2684 2065 2728 se
2103 2663 2377 2727 diductis
2422 2659 2833 2747 araeostylos.

627 2771 1050 2857 Pycnostylos
1109 2775 1206 2833 est
1263 2771 1446 2832 cuius
1505 2767 1996 2834 intercolumnio
2043 2772 2234 2833 unius
2283 2775 2345 2833 et
2395 2768 2761 2832 dimidiatae
2808 2787 2919 2830 co—

536 2877 792 2942 lumnae
838 2875 1187 2940 crassitudo
1233 2877 1551 2960 interponi
1596 2881 1804 2961 potest
1852 2874 2393 2960 quemadmodum
2432 2882 2527 2938 est
2574 2873 2707 2936 divi
2744 2870 2913 2936 Iulii

537 2991 602 3048 et
644 2986 710 3047 in
759 2981 1042 3052 Caesaris
1088 2981 1221 3045 foro
1267 2979 1526 3045 Veneris
1573 2990 1640 3046 et
1687 2983 1741 3044 si
1782 3001 1939 3066 quae
1975 2980 2135 3045 aliae
2174 2983 2263 3044 sic
2304 2987 2451 3044 sunt
2492 2980 2912 3063 compositae.

629 3088 795 3152 Item
855 3085 1134 3173 systylos
1197 3093 1291 3150 est
1343 3089 1412 3150 in
1458 3107 1582 3170 qua
1630 3086 1900 3151 duarum
1948 3085 2391 3151 columnarum
2436 3083 2783 3149 crassitudo
2834 3085 2915 3146 in

539 3193 1029 3260 intercolumnio
1092 3195 1328 3277 poterit
1397 3191 1707 3257 conlocari
1726 3239 1742 3268 ‚
1816 3192 2354 3277 quemadmodum
2424 3198 2520 3256 est
2586 3189 2917 3254 Fortunae

542 3301 870 3384 Equestris
919 3298 996 3362 ad
1045 3299 1368 3362 theatrum
1413 3298 1739 3383 lapideum
1786 3297 2188 3383 reliquaeque
2236 3318 2396 3383 quae
2440 3296 2670 3360 iisdem
2716 3297 2919 3360 ratiu-

543 3407 732 3470 nibus
779 3411 928 3469 sunt
977 3406 1380 3489 compositae.

635 3509 912 3596 Diastyli
959 3515 1175 3574 autem
1222 3509 1373 3574 baec
1421 3510 1542 3572 erit
1589 3511 1963 3594 compositio
1982 3559 1997 3586 ,
2046 3529 2196 3573 cum
2236 3511 2436 3572 trium
2460 3507 2911 3572 columnarum

546 3617 1023 3683 crassitudinem
1069 3613 1554 3680 intercolumnio
1597 3617 1992 3699 interponere
2038 3635 2375 3700 possumus
2422 3621 2746 3698 tamquam
2806 3617 2913 3675 est

547 3722 868 3809 Apollinis
911 3731 973 3786 et
1021 3720 1256 3786 Dianae
1305 3720 1552 3785 aedes.’'

640 3830 713 3894 In
772 3828 1030 3894 aedibus
1090 3826 1458 3913 araeostylis
1520 3833 1675 3912 quot
1734 3825 2172 3892 columnarum
2216 3826 2564 3892 crassitudo
2607 3827 2675 3890 in
2720 3827 2915 3890 inter-

551 3936 869 4003 columnio
939 3935 1254 4019 interponi
1320 3935 1603 4018 potuerit
1661 3935 1727 3996 in
1790 3935 2030 3998 incerto
2090 3930 2351 4017 reliquit
2387 3931 2744 3996 Vitruvius.
2792 3926 2917 3996 Go-

551 4043 810 4108 lumnae
870 4047 1087 4106 autem
1149 4043 1238 4104 sic
1301 4039 1500 4104 factae
1547 4045 1697 4103 sunt
1741 4043 1839 4103 uti
1887 4039 2234 4104 crassitudo
2281 4041 2364 4102 sit
2408 4041 2605 4123 partis
2650 4043 2915 4102 octavae

553 4149 634 4214 ad
694 4147 1120 4214 altitudinem.
1184 4145 1365 4210 Unde
1423 4146 1588 4210 mihi
1651 4145 1907 4230 quidem
1970 4143 2400 4230 colligendum
2462 4164 2595 4209 esse
2654 4140 2917 4207 videtur

556 4254 892 4321 modulum
939 4254 1134 4318 fuisse
1181 4261 1242 4318 et
1287 4253 1354 4316 in
1400 4253 1501 4317 his
1546 4249 1877 4316 columnae
1924 4250 2423 4315 crassitudinem.
2474 4248 2733 4326 „Huius
2776 4267 2919 4332 spe-

558 4364 675 4428 ciei
735 4359 1122 4446 exemplaria
1186 4359 1446 4423 fuerunt
1506 4357 1584 4422 ad
1645 4355 1903 4423 Circum
1950 4356 2309 4422 Maximum
2354 4353 2600 4422 Cereris
2646 4359 2709 4418 et
2755 4352 2919 4418 Her-

558 4467 717 4536 culis
756 4467 1159 4552 Pompeiani,
1207 4467 1366 4529 item
1416 4461 1781 4549 Capitolii.'’
