3192 5009
1021 319 1106 366 11)
1153 318 1501 367 1116166111(
1547 318 1882 368 scamonii.
2515 298 2642 369 221

245 506 437 552 esse:
487 486 655 571 quod
702 506 853 551 vero
900 506 1061 549 anno
1111 484 1241 549 423
1290 484 1574 549 nondum
1624 491 1920 551 exactum
1966 485 2235 550 habebat
2277 488 2502 550 aetatis
2542 505 2652 550 66-

241 613 427 657 111116
498 594 1002 677 octogesimum,
1069 590 1139 653 id
1206 611 1394 655 nemo
1460 592 1720 678 urgebit
1789 594 2032 676 opinor.
2107 589 2326 675 Neque
2397 591 2650 655 obstant

242 698 621 783 Phrynichi
666 698 896 762 comici
943 695 1020 760 de
1068 694 1379 781 Sophocle
1428 697 1656 773 verba,
1707 700 1818 781 qui
1865 700 1931 761 in
1981 704 2234 761 Μουσῶν
2287 695 2646 762 comoediae

245 807 601 869 notissimo
668 803 1025 889 fragmento
1090 802 1351 866 beatum
1397 824 1547 867 eum
1595 802 1915 886 praedicat
1952 810 2016 866 et
2063 804 2225 867 οὐδὲν
2277 804 2460 865 κακὲν
2511 803 2647 866 ὑπο-

241 912 569 988 μείναντα
642 932 677 975 6
740 912 875 973 vita
938 911 1277 973 excessisse
1341 907 1515 973 dicit.
1580 908 1724 974 Non
1773 910 1947 973 enim
1994 908 2068 973 de
2116 911 2282 973 vitae
2330 908 2642 973 curriculo

242 1022 399 1083 61116
458 1016 590 1083 ulla
649 1016 1011 1081 calamitate
1072 1022 1323 1101 peracto
1386 1016 1539 1081 haec
1603 1016 1922 1093 dicuntur,
1989 1015 2099 1080 sed
2161 1015 2311 1080 felix
2380 1022 2644 1080 vocatur

238 1130 453 1211 poeta
512 1137 773 1209 propter
820 1122 1071 1187 facilem
1120 1120 1514 1207 celeremque
1562 1128 1837 1186 mortem
1887 1142 2010 1206 qua
2056 1122 2458 1208 grandaevus
2507 1124 2640 1185 sine

241 1228 589 1295 doloribus
640 1232 958 1293 extinctus
1004 1233 1119 1293 est.

352 1335 654 1401 Libenter
710 1340 930 1400 autem
974 1336 1172 1399 etiam
1220 1336 1551 1413 παρουσίας
1604 1333 1787 1399 1116111
1834 1333 2019 1398 litem
2066 1334 2192 1399 huc
2239 1332 2598 1399 rettulerim
2621 1383 2636 1411 ,

240 1464 456 1529 quam
518 1440 815 1527 Sophocli
876 1444 1011 1507 seui
1074 1461 1110 1504 a
1170 1439 1303 1504 filio
1363 1439 1670 1524 Iophonte
1719 1438 1887 1525 apud
1934 1439 2202 1504 curiales
2252 1442 2635 1504 intentatam

240 1569 396 1614 6666
464 1550 607 1633 quis
678 1568 804 1611 non
870 1552 1017 1631 post
1078 1543 1446 1611 Ciceronem
1478 1542 1523 1625 ¹)
1586 1547 1886 1609 narravit.
1955 1544 2137 1610 Hanc
2201 1544 2496 1610 fabellam
2561 1568 2638 1609 ex

240 1655 707 1739 Aristophanis
770 1652 1096 1717 comoedia
1163 1654 1456 1729 Δράμασι
1520 1653 1582 1731 (ἢ
1639 1654 1874 1730 Νιόβῳ)
1923 1650 2216 1727 fluxisse,
2269 1654 2637 1716 acutissima

240 1768 319 1826 et
385 1781 491 1825 me
551 1759 811 1844 quidem
866 1758 1073 1822 iudice
1134 1760 1467 1821 verissima
1530 1762 1626 1821 est
1690 1754 1768 1822 G.
1819 1756 2174 1821 Hermanni
2238 1760 2598 1821 coniectura
2617 1776 2633 1833 ;

241 1885 518 1931 causam
576 1872 828 1937 autem,
891 1885 1004 1929 cur
1048 1870 1233 1948 poeta
1281 1863 1634 1929 dementiae
1682 1861 1898 1929 senilis
1945 1884 1982 1927 a
2027 1862 2177 1927 filiis
2223 1863 2635 1928 insimulatus

242 1973 491 2047 fuerit,
540 1973 860 2036 comicum
898 1970 1061 2035 11666
1098 1969 1352 2033 finxisse
1392 1972 1678 2054 suspicor
1719 1968 1885 2054 quod
1925 1967 2114 2047 γέρων
2155 1970 2230 2033 ὢν
2273 1970 2374 2033 καὶ
2403 1970 2634 2046 σαπρὸς

247 2079 635 2142 etiamnunc
696 2097 845 2140 cum
906 2078 1352 2139 remotissimis
1411 2076 1715 2161 gentibus
1778 2073 2014 2139 bellare
2075 2078 2391 2161 marisque
2448 2075 2638 2141 incle-

242 2185 570 2247 mentiam
626 2184 871 2267 perpeti
917 2180 1141 2245 mallet
1188 2202 1379 2266 quam
1429 2181 1602 2245 domi
1649 2179 1998 2245 cuticulam
2046 2180 2258 2245 fovere
2303 2181 2636 2266 Musisque

241 2291 391 2353 suis
454 2308 627 2353 sacra
684 2287 866 2353 ferre.
932 2286 1223 2351 Fortasse
1272 2295 1487 2352 autem
1534 2287 1800 2352 eandem
1847 2290 2161 2373 originem
2209 2288 2398 2353 habet
2443 2287 2636 2353 insul-

241 2398 587 2461 sissimum
647 2400 1087 2459 commentum
1107 2443 1123 2469 ,
1190 2394 1353 2479 quod
1417 2398 1483 2458 in
1529 2392 1860 2479 Euripidis
1907 2414 2066 2478 quae
2114 2395 2314 2459 fertur
2363 2393 2630 2479 epistola

241 2499 531 2567 secunda
592 2504 727 2565 sine
789 2503 921 2564 risu
982 2499 1115 2586 legi
1174 2484 1431 2584 nequit':
1483 2498 1860 2585 Sophoclem
1908 2502 1974 2563 in
2021 2502 2431 2586 navigatione
2479 2520 2628 2565 nau-

240 2609 539 2694 fragium
584 2606 837 2683 fecisse,
888 2614 952 2670 et
997 2609 1203 2691 ipsam
1243 2605 1503 2691 quidem
1540 2608 1746 2669 vitam
1786 2626 2068 2670 servasse
2110 2605 2217 2670 sed
2258 2604 2626 2671 dramatum

242 2717 391 2779 sive
436 2712 683 2798 aliquot
728 2715 861 2777 sive
910 2720 1286 2777 cunctorum
1336 2716 1651 2776 iacturam
1699 2712 1936 2776 fecisse.
1990 2711 2170 2775 Hanc
2225 2733 2472 2797 quoque
2523 2716 2630 2787 rin«

246 2820 392 2899 περὶ
456 2820 537 2882 τὰ
602 2820 895 2896 δροὶμοιτοι
957 2818 1300 2895 συμφοράν,
1352 2839 1545 2903 quam
1592 2839 1740 2883 cum
1791 2824 2048 2883 cunctae
2097 2814 2397 2883 Graeciae
2446 2818 2632 2883 detri-

243 2930 473 2989 mento
520 2926 580 2988 ei
623 2924 920 2989 accidisse
970 2922 1139 2988 dolet
1185 2932 1558 3009 personatus
1605 2922 1716 2989 ille
1764 2922 2100 3008 Euripides
2120 2972 2136 3000 ,
2187 2946 2265 2988 ex
2310 2925 2632 2990 comoedia

246 3030 717 3115 Aristophanea
763 3032 1079 3116 originem
1126 3029 1381 3095 duxisse
1432 3032 1718 3114 suspicor
1743 3026 1813 3111 ⁸).

347 3247 470 3313 Sed
542 3248 695 3313 11666
765 3248 1103 3326 hactenus,
1193 3248 1335 3313 finis
1408 3251 1575 3313 enim
1653 3248 2017 3335 disputandi
2103 3260 2200 3315 est
2282 3251 2623 3317 faciendus.

251 3352 569 3418 Omnibus
630 3357 1029 3440 argumentis
1093 3357 1417 3439 perpensis
1467 3354 1876 3419 statuendum
1922 3355 2195 3432 videtur,
2247 3356 2624 3442 Sophoclem

247 3459 473 3536 illum,
518 3462 698 3524 cuius
738 3480 837 3523 res
874 3464 1089 3547 gestas
1131 3459 1534 3546 Thucydides
1576 3460 1786 3537 refert,
1827 3468 2078 3545 poetam
2119 3484 2252 3526 esse
2287 3466 2625 3549 tragicum,

250 3572 319 3632 et
380 3573 547 3631 recte
608 3568 674 3629 in
721 3568 855 3629 vita
902 3563 1234 3650 Sophoclis
1285 3566 1448 3629 tradi
1496 3574 1750 3650 poetam
1798 3588 1946 3631 cum
1995 3588 2188 3632 annos
2233 3570 2420 3633 natus
2464 3578 2628 3636 esset

249 3671 862 3756 undeseptuaginta,
911 3676 1207 3755 praetura
1251 3671 1545 3736 functum
1592 3692 1726 3736 esse
1744 3692 1760 3747 ;
1810 3674 1948 3756 ipso
1986 3675 2159 3737 enim
2195 3676 2422 3739 aetatis
2461 3696 2624 3740 anno

251 3778 723 3862 septuagesimo
768 3778 837 3838 in
884 3774 1172 3840 Siciliam
1218 3776 1393 3840 abiit.
1443 3774 1798 3841 Duodecim
1840 3779 2020 3841 annis
2060 3785 2236 3864 post..
2277 3798 2440 3843 auno
2469 3779 2620 3859 413,

253 3880 380 3946 fuit
423 3884 588 3946 inter
635 3880 849 3946 decem
900 3881 1307 3959 προβούλους,
1352 3903 1508 3967 quos
1548 3881 1950 3969 Thucydides
1989 3881 2140 3947 VIII
2169 3884 2200 3947 1
2246 3905 2624 3952 commemo-

251 3994 388 4064 rat,
436 3994 597 4053 teste
645 3986 983 4052 Aristotele
1027 3990 1095 4051 in
1142 3987 1399 4052 Rhetor.
1448 3986 1544 4053 III
1599 3987 1700 4065 18,
1729 3988 1806 4053 6:
1871 3994 2193 4069 Σοφοκλῆς
2246 3990 2616 4067 ἐρωτώμενος

322 4272 376 4337 1)
416 4276 479 4322 De
514 4276 763 4323 Senectute
805 4274 833 4327 7
870 4273 993 4337 522.

318 4355 373 4419 2)
416 4356 697 4406 simillimae
739 4362 850 4406 eunt
895 4356 1083 4407 Aeliani
1127 4372 1300 4421 nugae,
1337 4356 1387 4407 16
1424 4359 1585 4409 rustici
1623 4360 1825 4426 epistola
1858 4359 1962 4426 (n0.
1997 4364 2055 4428 4)
2088 4364 2301 4428 graviter
2339 4368 2616 4420 enarranti·

255 4448 308 4482 (16
339 4450 456 4500 quae
490 4438 612 4502 apud
648 4438 1013 4503 Aristophanem
1048 4439 1251 4489 Achai-n.
1288 4456 1353 4489 vs.
1392 4442 1489 4491 995
1508 4457 1610 4507 sqq.
1648 4441 1894 4507 leguntur.
