3192 5009
589 227 676 293 94
1390 245 1476 292 1111
1522 245 1673 294 mim
1720 245 2171 293 onsuurunm.

588 414 775 478 mitia
836 412 1247 476 observatum
1310 414 1511 487 esset,
1576 414 1866 495 sequitur
1929 417 2004 476 ut
2065 411 2415 476 efficiamus
2434 459 2451 487 ‚
2505 409 2754 475 fulmen
2804 408 2979 493 quod

585 525 778 584 noctu
818 524 933 584 aut
970 538 1157 582 mane
1182 517 1425 582 factum
1449 523 1618 582 esset
1641 523 1984 602 antequam
2007 519 2271 582 comitia
2293 517 2692 594 haberentur,
2720 516 2985 580 etiamsi

586 625 997 690 observatum
1044 629 1211 689 esset
1257 623 1335 687 ab
1381 622 1678 688 omnibus
1726 625 1973 688 civibus
1991 672 2007 699 ,
2056 623 2221 688 nihil
2267 623 2549 688 valuisse
2594 623 2673 688 ad
2712 623 2983 686 comitia

586 729 1028 816 impedienda,
1102 731 1157 793 si
1229 750 1416 794 nemo
1486 735 1651 792 esset
1712 731 1825 814 qui
1887 735 2030 792 tum
2090 731 2308 813 ipsum
2353 729 2516 794 forte
2565 731 2984 794 comitiorum

588 857 779 902 causa
824 836 901 900 de
948 835 1121 900 caelo
1168 837 1624 920 auspicaretur,
1673 839 1740 898 et
1785 837 1841 898 is
1889 838 2000 919 qui
2048 837 2310 900 comitia
2350 835 2688 900 habiturus
2735 840 2874 899 erat
2917 832 2986 896 id

587 943 669 1008 ad
716 963 781 1007 se
826 963 955 1006 non
1000 943 1317 1026 pertinere
1364 943 1650 1004 sentiret.
1698 939 1870 1005 Nam
1906 940 2281 1005 huiusmodi
2319 939 2565 1005 fulmen
2603 961 2732 1005 non
2767 959 2986 1004 neces·-

586 1051 750 1114 sario
814 1047 1111 1112 turbabat
1159 1048 1522 1132 auspicium
1567 1049 1706 1111 eius
1753 1049 1865 1132 qui
1912 1068 2063 1111 cum
2109 1046 2345 1132 populo
2394 1052 2652 1112 acturus
2697 1051 2838 1112 erat
2854 1093 2872 1122 ,
2927 1047 2986 1108 si

585 1158 643 1220 is
714 1155 1224 1220 observationem
1292 1154 1774 1238 impetritorum
1837 1157 1984 1217 tum
2045 1152 2204 1217 forte
2264 1155 2392 1217 iam
2461 1151 2818 1218 absolverat
2863 1155 2988 1216 aut

587 1260 872 1326 nondum
933 1259 1374 1336 inchoaveram
1428 1259 1689 1323 tribuno
1737 1257 1942 1344 plebis
1991 1279 2140 1323 cum
2187 1257 2371 1343 plebe
2417 1265 2638 1324 acturo
2657 1305 2673 1334 ‚
2723 1259 2876 1341 quia
2927 1259 2986 1320 is

587 1365 841 1432 concilii
909 1385 1099 1430 causa
1165 1367 1425 1430 omnino
1494 1385 1622 1428 non
1682 1363 2151 1450 auspicabatur,
2213 1367 2438 1449 utique
2498 1363 2776 1428 liberum
2840 1375 2990 1427 erat

582 1471 917 1557 repudiare
965 1473 1345 1556 auspicium.
1396 1469 1620 1554 Neque
1667 1470 2042 1534 huiusmodi
2087 1469 2334 1534 fulmen
2381 1490 2419 1534 a
2463 1489 2786 1556 quoquam
2827 1489 2989 1533 cum

585 1577 810 1643 effectu
874 1580 1159 1642 nuntiari
1205 1581 1457 1662 poterat
1478 1625 1494 1654 ‚
1544 1579 1649 1640 6111
1695 1579 1798 1641 1116
1843 1597 1971 1640 11011
2021 1583 2186 1642 esset
2234 1578 2312 1642 de
2359 1575 2532 1642 caelo
2581 1576 2983 1662 auspicandi.

584 1683 756 1749 Nam
816 1686 871 1749 si
934 1686 1205 1770 cogitari
1268 1690 1481 1768 posset
1542 1682 1823 1768 aliquem
1871 1686 2040 1748 inter
2086 1685 2345 1748 comitia
2389 1683 2469 1747 ad
2514 1686 2986 1770 magistratum

585 1790 991 1856 accedentem
1054 1788 1296 1855 dicere:
1368 1789 1529 1866 „hac
1579 1797 1762 1854 nocte
1812 1788 2058 1853 fulmen
2107 1789 2504 1867 observavi''‚
2553 1793 2984 1876 magistratus

584 1899 646 1962 ei
706 1916 1125 1981 responsurus
1186 1895 1450 1970 fuisset,
1514 1893 1682 1959 illud
1744 1893 2024 1972 fulmen,
2091 1895 2261 1980 quod
2307 1897 2462 1981 quin
2511 1895 2756 1961 factum
2806 1901 2985 1960 esset

584 2025 709 2068 non
758 2001 1113 2078 dubitaret,
1164 2021 1229 2066 se
1278 2000 1487 2066 iudice
1535 1999 1700 2064 nihil
1745 2003 2062 2086 pertinere
2111 2001 2191 2066 ad
2237 2023 2424 2066 suam
2471 2005 2822 2082 actionem;
2875 2007 2982 2068 sin

583 2129 735 2174 vero
797 2127 1198 2173 sumeremus
1243 2106 1516 2171 eundem
1564 2107 1895 2172 hominem
1943 2110 2294 2193 (spectione
2341 2117 2690 2190 carentem)
2738 2109 2986 2176 dixisse

584 2221 733 2280 ante
796 2216 1091 2278 comitia:
1164 2212 1323 2290 „hac
1384 2219 1567 2278 nocte
1630 2212 1706 2277 de
1768 2212 1940 2278 66610
2005 2214 2322 2291 servavi’',
2375 2218 2836 2302 mag-istratum
2883 2237 2984 2281 re-

584 2319 1024 2407 spondendum
1082 2319 1275 2383 fuisse
1338 2321 1637 2383 novimus
1699 2317 1765 2382 id
1809 2339 2038 2384 verum
2085 2339 2212 2384 non
2256 2341 2391 2386 esse
2411 2369 2425 2396 ,
2475 2341 2681 2406 neque
2727 2320 2984 2387 fulmen

583 2425 751 2492 illud
816 2424 984 2511 quod
1029 2426 1355 2488 nuntiaret
1403 2425 1463 2488 ei
1510 2445 1648 2488 esse
1695 2444 1732 2488 a
1781 2423 1916 2488 deis
1963 2427 2376 2490 comitiorum
2422 2447 2612 2492 causa
2661 2435 2983 2492 monstra-

583 2537 730 2597 tum
749 2580 766 2610 ,
814 2533 964 2616 quia
1007 2534 1111 2595 ius
1159 2532 1218 2595 61
1264 2550 1389 2594 11011
1439 2537 1607 2595 esset
1650 2530 1772 2595 hoc
1817 2532 2179 2616 auspicium
2226 2551 2544 2616 quaerere.

674 2639 803 2703 Hic
862 2636 1039 2702 locus
1102 2641 1321 2700 autem
1382 2635 1650 2700 idoneus
1710 2635 1966 2701 videtur
2013 2659 2137 2722 quo
2184 2640 2461 2703 inseram
2508 2637 2754 2725 aliquot
2799 2638 2980 2706 locos

584 2750 1007 2833 scriptorum,
1069 2751 1135 2810 et
1198 2742 1443 2829 aliquot
1506 2742 1802 2829 exempla
1848 2746 2198 2809 memoriae
2245 2743 2481 2809 tradita
2499 2794 2514 2824 ,
2563 2747 2633 2809 in
2681 2766 2981 2831 conspec—

580 2862 727 2921 tum
770 2852 1022 2919 redacta
1037 2899 1054 2928 ,
1105 2871 1267 2936 quae
1313 2852 1635 2936 pertinent
1681 2849 1761 2914 ad
1799 2851 2350 2916 obnuntiationem
2390 2857 2728 2937 cogentem
2770 2873 2981 2938 augu-

581 2981 732 3026 rum
796 2964 861 3024 et
924 2956 1005 3021 ad
1066 2957 1622 3020 obnuntiationem
1666 2977 1791 3020 non
1839 2962 2181 3041 cogentem
2225 2957 2626 3041 privatorum
2645 3005 2660 3033 ,
2709 2962 2786 3021 ut
2832 2977 2983 3022 con-

584 3067 837 3132 firmem
885 3063 1054 3148 quod
1094 3061 1264 3139 dixi,
1312 3067 1654 3146 utramque
1693 3061 1854 3124 inter
1891 3064 2153 3126 comitia
2189 3041 2387 3128 fuisse
2424 3062 2978 3148 interponendam.

584 3171 685 3238 Ad
754 3172 1156 3256 privatorum
1225 3167 1778 3232 obnuntiationem
1848 3169 2048 3232 etiam
2115 3168 2388 3233 referam
2457 3168 2980 3234 obnuntiationes

586 3299 714 3342 non
759 3281 1062 3363 cogentes
1109 3295 1148 3338 a
1185 3274 1678 3359 magistratibus
1719 3273 1916 3338 factas
1956 3295 2031 3339 eo
2071 3279 2360 3361 tempore
2377 3323 2393 3352 ‚
2434 3295 2584 3339 cum
2618 3273 2724 3339 lex
2749 3273 2980 3342 Clodia

588 3384 740 3449 anni
804 3379 890 3445 58
960 3379 1063 3457 (de
1128 3399 1253 3463 qua
1314 3384 1535 3463 postea
1594 3384 1814 3464 agam)
1878 3379 2314 3445 interdixisset
2358 3400 2437 3445 ne
2483 3383 2627 3466 quis
2675 3379 2752 3446 de
2801 3382 2978 3448 caelo

588 3495 868 3555 servaret
928 3506 1079 3550 cum
1142 3484 1248 3549 lex
1308 3490 1420 3548 aut
1466 3483 1877 3570 plebiscitum
1925 3485 2214 3564 ferretur,
2264 3508 2389 3572 quo
2439 3493 2726 3572 tempore
2773 3487 2979 3553 simul

490 3575 497 3581 ὁ
586 3593 798 3677 (Α6116
858 3599 924 3657 et
970 3589 1153 3654 Fufia
1197 3610 1234 3654 a
1281 3587 1505 3656 Clodio
1554 3589 1832 3670 sublata)
1880 3595 2264 3678 permissum
2311 3593 2436 3658 fuit
2481 3595 2978 3681 magistratibus

588 3702 665 3767 de
724 3698 899 3764 caelo
962 3716 1215 3762 servare
1262 3717 1413 3761 cum
1462 3698 1884 3783 magistratus
1932 3705 2315 3777 crearentur,
2367 3698 2537 3784 quod
2584 3706 2732 3764 ante
2779 3720 2836 3764 a.
2887 3699 2977 3765 58

584 3806 1003 3872 interdictum
1049 3803 1195 3867 fuit.
1243 3801 1305 3866 N
1308 3823 1413 3866 am
1458 3805 1881 3888 magistratus
1929 3807 2040 3889 qui
2085 3804 2388 3871 adversus
2423 3804 2641 3922 legem
2680 3804 2979 3873 Clodiam

588 3913 960 3988 obnuntiat,
1008 3911 1149 3974 iure
1192 3908 1360 3973 nihil
1408 3909 1616 3974 differt
1663 3929 1700 3974 a
1744 3912 2016 3995 privato.

678 4017 781 4083 Ad
826 4035 1106 4101 augures
1152 4015 1361 4100 igitur
1405 4017 1728 4100 pertinent
1774 4015 1843 4080 hi
1889 4014 2047 4081 loci:

682 4123 751 4188 1⁰
798 4119 928 4188 Cic.
974 4120 1104 4207 leg.
1155 4120 1217 4185 2.
1252 4119 1354 4186 12.
1385 4119 1466 4185 31
1520 4127 1695 4206 (pag.
1749 4117 1835 4186 93
1885 4145 1945 4186 n.
2001 4122 2085 4204 1).

679 4229 750 4295 2⁰
796 4226 973 4292 Varr.
1021 4225 1111 4290 1.1.
1166 4223 1225 4292 7.
1255 4225 1341 4292 96
1390 4225 1663 4307 (Mnem.
1713 4225 1897 4292 XVII
1943 4249 2004 4312 p.
2057 4227 2187 4294 319
2235 4253 2298 4293 11.
2349 4229 2438 4311 4).

680 4335 749 4402 3⁰
796 4332 918 4400 Dio
977 4329 1084 4398 37.
1110 4329 1220 4398 27.
1250 4331 1289 4396 3
1306 4352 1325 4412 3
1392 4352 1448 4397 a.
1516 4331 1602 4398 63
1667 4329 1964 4400 Cicerone
2021 4341 2086 4399 et
2150 4336 2428 4402 Antonio
2493 4357 2622 4402 cos.
2687 4335 2978 4408 Comitia
