3192 5009
1018 251 1103 300 nn
1146 253 1298 299 mun
1345 252 1799 300 onnunmxm.
2474 231 2600 299 105

242 439 371 484 nem
422 439 681 505 prorsus
737 441 855 506 per
902 419 1185 486 edictum
1232 419 1456 486 tollere
1499 425 1796 506 poterant
1843 421 2266 506 magistratus
2313 419 2566 504 patricii
2583 465 2599 496 ,

240 528 287 588 si
345 525 457 590 hoc
528 525 734 592 edicto
796 548 925 612 quo
985 527 1437 592 obnuntiarent
1498 525 1696 591 simul
1759 525 2104 592 utebantur
2164 524 2245 590 ad
2305 526 2476 589 cives
2522 524 2630 589 de·

239 633 455 695 actione
525 653 641 697 sua
708 639 968 719 propter
1027 655 1225 720 quam
1286 633 1363 699 de
1426 633 1599 699 caelo
1661 632 2049 698 servandum
2092 637 2259 697 esset
2303 633 2600 698 certiores

238 737 564 816 faciendos;
614 739 951 826 pleraeque
1001 744 1279 806 actiones
1327 743 1501 806 enim
1550 761 1712 826 quae
1760 739 2012 825 publice
2058 737 2372 825 gerendae
2419 744 2599 803 erant

236 851 359 908 ante
414 844 675 931 aliquod
738 849 1042 933 temporis
1089 851 1375 934 spatium
1420 868 1533 933 per
1580 846 1865 912 edictum
1911 847 2160 912 civibus
2203 845 2399 910 indici
2445 845 2596 910 sole-

236 951 394 1027 bant,
455 955 677 1038 itaque
735 953 969 1020 licebat
1014 957 1107 1020 eis
1154 954 1437 1019 edicere:
1492 977 1595 1032 „ee
1641 953 1756 1018 illo
1800 952 1902 1017 die
1946 953 2113 1016 illud
2158 959 2395 1016 acturo-5
2438 974 2560 1016 esee
2577 1002 2593 1031 ,

234 1080 381 1142 aeque
437 1058 621 1122 huius
683 1060 775 1124 rei
822 1083 1004 1125 cauea
1050 1063 1125 1125 de
1168 1062 1331 1124 eaelo
1380 1083 1501 1125 esse
1546 1059 1955 1125 servaturos''.
2019 1060 2162 1126 Hoc
2210 1080 2336 1125 non
2383 1058 2596 1124 solum

238 1162 493 1229 adhiberi
560 1170 811 1252 poterat
872 1167 953 1232 ad
1019 1187 1124 1234 eas
1187 1170 1465 1233 actiones
1486 1216 1502 1245 ,
1553 1189 1710 1253 quas
1760 1170 1895 1233 sine
1944 1165 2216 1232 fulmine
2260 1168 2592 1251 impetrito

232 1277 372 1334 recte
414 1271 639 1337 haberi
685 1295 815 1338 non
859 1294 1045 1360 posse
1092 1295 1281 1339 nemo
1322 1273 1642 1339 nesciebat
1681 1271 1917 1352 (veluti
1953 1277 2232 1352 cenetam),
2259 1272 2370 1337 sed
2393 1274 2594 1338 etiam

232 1375 293 1438 ad
332 1397 431 1440 eas
476 1377 559 1443 de
604 1380 839 1464 quibus
887 1383 1251 1466 ceteroquin
1298 1379 1547 1446 fulmen
1596 1382 1918 1466 impeti-iri
1966 1401 2093 1444 non
2139 1378 2384 1444 solebat
2439 1385 2591 1465 (quo

232 1481 483 1546 dilectum
546 1485 777 1551 referre
825 1486 1072 1568 velim),
1122 1490 1179 1552 si
1223 1493 1438 1553 metus
1488 1491 1626 1552 erat
1670 1507 1750 1551 ne
1796 1488 1864 1551 in
1914 1506 2065 1551 eum
2113 1485 2285 1550 diem
2332 1487 2594 1550 comitia

231 1587 649 1655 indicerentur.
713 1590 789 1656 In
848 1593 1222 1659 huiusmodi
1284 1594 1490 1659 edicto
1555 1595 1927 1658 comitiatus
1987 1595 2160 1678 ipse,
2225 1593 2338 1677 (1111
2386 1612 2464 1683 116
2513 1612 2588 1657 60

234 1693 309 1758 (116
363 1695 586 1762 haberi
652 1705 867 1785 posset
935 1721 1156 1766 revera
1225 1701 1588 1778 cavebatur,
1653 1705 1870 1765 tamen
1933 1721 2013 1765 ne
2075 1699 2268 1764 verbo
2330 1699 2593 1785 quidem

234 1805 825 1870 commemorabatur
839 1855 855 1884 ,
929 1828 1135 1892 neque
1207 1807 1553 1894 apparebat
1621 1809 2084 1892 magistratum
2105 1854 2121 1884 ,
2193 1808 2303 1892 qui
2373 1805 2594 1886 aqench'

234 1911 413 1990 potius
477 1931 675 1996 quam
728 1913 1095 1994 prohibendi
1158 1934 1346 1978 causa
1392 1913 1470 1978 de
1518 1912 1692 1978 caelo
1741 1917 2110 1977 servaturus
2157 1932 2293 1977 esse
2339 1908 2593 1976 'videba-

234 2029 331 2090 tur,
388 2015 465 2081 de
530 2037 607 2082 eo
667 2018 1054 2103 prohibendo
1117 2022 1519 2107 cogitavisse.
1568 2019 1710 2085 Hoc
1757 2022 1826 2084 in
1873 2019 2163 2083 tribunos
2211 2018 2415 2104 plebis
2462 2038 2591 2083 non

232 2120 421 2186 itidem
482 2123 781 2201 cadebat;
846 2124 982 2191 fieri
1031 2126 1295 2212 quidem
1342 2133 1594 2212 poterat
1641 2132 1716 2190 ut
1762 2125 1865 2190 his
1910 2146 2162 2211 quoque
2207 2131 2283 2189 ut
2329 2127 2590 2190 comit-ia

232 2229 697 2310 reprimerentur
764 2230 937 2296 cordi
1009 2241 1173 2298 esset
1233 2239 1493 2318 propter
1556 2234 1875 2298 actionem
1937 2251 2132 2317 quam
2193 2234 2321 2316 ipsi
2364 2251 2588 2318 gerere

230 2334 485 2399 animum
531 2335 951 2415 induxerant,
1019 2345 1133 2404 aut
1177 2346 1436 2425 propter
1482 2341 1800 2404 actionem
1847 2340 2268 2425 magistratus
2314 2336 2586 2404 alicuius

232 2441 455 2504 minoris
520 2463 717 2527 quam
780 2446 1143 2510 comitiatui
1201 2466 1327 2510 non
1388 2444 1607 2510 cedere
1671 2443 1894 2510 debere
1956 2449 2312 2522 censerent,
2363 2442 2471 2509 sed
2515 2443 2587 2509 111

230 2543 279 2606 id
332 2547 395 2609 in
460 2547 669 2613 edicto
741 2547 1058 2616 declarare
1130 2573 1256 2616 non
1318 2557 1616 2638 poterant
1633 2601 1648 2628 ,
1714 2552 1863 2637 quia
1929 2571 2191 2615 suarum
2258 2552 2584 2615 actionum

228 2671 379 2716 musa
420 2676 547 2718 non
585 2661 879 2740 poterant
922 2661 1269 2744 auspicari;
1313 2660 1550 2724 horum
1589 2658 1874 2723 edictum
1914 2657 2288 2722 huiusmodi
2325 2662 2584 2721 tantum

228 2775 333 2821 esse
374 2767 655 2844 poterat:
724 2784 829 2839 „se
872 2761 985 2826 ilco
1033 2763 1135 2827 die
1181 2765 1257 2826 de
1302 2764 1464 2827 eaelo
1514 2787 1640 2828 ease
1683 2761 2088 2840 servaturoa'’,
2137 2769 2203 2826 et
2248 2761 2329 2826 ad
2374 2761 2583 2849 prohi-

230 2859 468 2930 bendum
532 2887 785 2952 semper
848 2869 1208 2952 spectabat,
1272 2891 1399 2934 non
1463 2869 1540 2934 ad
1597 2868 1941 2955 agendum.
1995 2868 2120 2934 Sed
2169 2869 2442 2933 tribunis
2492 2867 2576 2956 pl.

230 2987 323 3030 non
384 2977 517 3035 erat
590 2971 813 3036 eadem
874 2993 1065 3038 causa
1126 2995 1241 3039 cur
1302 2977 1620 3040 evitarent
1680 2974 1864 3039 illam
1913 2977 2342 3060 suspicionem
2362 3023 2378 3052 ,
2429 2978 2581 3060 quia

230 3093 324 3136 non
356 3074 565 3141 solum
606 3082 1005 3164 „antiquitus
1044 3083 1241 3145 creati
1280 3087 1490 3146 essent
1528 3081 2088 3146 intercessionibus
2127 3079 2474 3144 faciendis”
2505 3080 2576 3161 ¹),

231 3180 311 3244 sed
351 3184 541 3248 etiam
585 3183 708 3248 hoc
754 3187 858 3249 ius
905 3188 1122 3271 ipsum
1170 3188 1539 3272 auspicandi
1585 3187 1730 3274 lege
1779 3185 2040 3272 speciali
2085 3189 2178 3250 ita
2227 3185 2442 3273 adepti
2489 3207 2580 3251 es-

230 3295 365 3363 sent,
402 3295 477 3352 ut
516 3292 628 3354 vix
660 3296 909 3355 tectum
950 3313 1084 3358 esse
1123 3300 1337 3378 posset
1375 3293 1718 3359 consilium
1755 3315 1880 3380 quo
1905 3296 2312 3379 accepissent,
2341 3293 2474 3358 scil.
2501 3301 2575 3359 ut

229 3391 573 3476 impedirent
633 3400 897 3461 comitia
956 3405 1021 3464 et
1080 3399 1346 3465 concilia
1396 3421 1556 3486 quae
1607 3403 1741 3465 suis
1789 3400 2070 3465 consiliis
2118 3399 2398 3486 politicis
2445 3423 2577 3466 mo-

228 3491 353 3562 lesta
392 3508 619 3566 essent.
667 3500 890 3588 Itaque
938 3505 1181 3569 tribuni
1224 3505 1426 3591 plebis
1467 3506 1826 3572 satisfacere
1868 3505 2248 3571 videbantur
2272 3507 2574 3595 dignitati

230 3605 567 3688 reipublicae
586 3656 602 3685 ,
678 3609 871 3676 modo
934 3631 1013 3675 ne
1078 3614 1313 3677 omisso
1378 3613 1583 3678 edicto
1635 3614 1852 3696 palam
1913 3634 2062 3699 prae
2109 3635 2173 3679 se
2223 3614 2458 3678 ferrent
2505 3634 2570 3679 se

228 3709 329 3774 sino
370 3733 553 3778 causa
597 3716 771 3780 iusta
810 3715 1222 3796 obnuntiare;
1266 3720 1756 3806 magistratibus
1795 3723 2080 3806 patriciis
2120 3741 2275 3785 vero
2293 3769 2312 3797 ,
2352 3741 2570 3805 quam-

230 3815 301 3877 vis
348 3819 478 3885 iure
542 3826 607 3885 et
666 3826 983 3906 potestate
1048 3844 1162 3908 pro
1226 3825 1490 3889 arbitrio
1558 3825 1978 3891 obnuntiandi
2027 3827 2098 3890 111
2145 3847 2397 3912 quoque
2445 3848 2570 3891 non

230 3933 499 4003 carerent,
564 3933 782 3992 tamen
828 3929 1083 4020 mosibus
1133 3952 1491 4016 numquam
1540 3937 1911 3998 concessum
1958 3933 2084 3996 fuit
2130 3945 2206 3997 ut
2252 3932 2570 3998 edicerent

231 4045 279 4089 se
314 4029 379 4094 de
420 4031 591 4098 caelo
638 4021 775 4098 esse
824 4041 1188 4101 servaturos
1234 4058 1361 4102 non
1410 4038 1728 4124 adscripta
1775 4059 1963 4105 causa
2009 4061 2088 4104 ex
2136 4043 2270 4104 suis
2309 4043 2569 4104 actioni-

232 4129 319 4198 bus
368 4141 579 4222 petita.
648 4137 855 4219 Quem
916 4141 1038 4206 hoc
1100 4142 1321 4209 fecisse
1385 4148 1734 4211 memoriae
1797 4147 2113 4212 traditum
2175 4152 2272 4212 est
2317 4149 2566 4234 primus

284 4359 321 4420 1)
348 4365 459 4416 Gen.
496 4369 571 4419 13.
596 4370 672 4420 12.
692 4373 739 4420 s.
