3192 5009
606 213 737 280 158
1611 235 1958 284 nonium.

604 403 772 464 tatos
832 421 970 465 esse
1028 401 1109 466 ab
1168 399 1522 466 editoribus
1580 400 1764 466 facile
1823 401 2162 466 credimus.
2227 400 2304 465 In
2368 403 2494 466 arsi
2543 408 2698 467 v'ero
2747 400 2988 488 syllaba

602 506 815 570 brevis
831 555 847 584 ,
876 527 1071 592 quam
1094 506 1251 573 olim
1276 507 1662 593 produxerat
1684 507 1931 572 initiale
1958 511 2280 594 sequentis
2306 506 2602 572 vocabuli
2627 508 2956 594 digamma
2971 556 2988 584 ,

604 633 685 676 ne
729 618 877 698 post
914 616 1218 678 amissam
1256 615 1519 699 quidem
1554 615 1718 679 hanc
1756 613 2044 679 litteram
2087 635 2272 678 aures
2314 613 2668 680 offendebat
2694 651 2782 662 —
2809 635 2988 698 saepe

606 721 780 783 enim
824 718 1106 806 syllabae
1155 721 1380 786 breves
1430 721 1505 784 ab
1552 719 1838 786 Homero
1883 722 1950 783 in
1999 722 2126 784 arsi
2163 719 2604 805 producuntur
2655 757 2743 768 -
2791 740 2991 804 neque

601 828 809 912 igitur
852 824 1358 891 sollicitabantur
1403 826 1784 891 huiusmodi
1830 826 2210 890 hexametri.
2273 825 2573 911 Exempli
2620 829 2839 912 gratia
2881 829 2995 889 ini-

604 934 777 996 tium
820 953 1042 996 versus
1094 943 1147 998 A
1178 930 1283 1010 70,
1332 928 1391 1004 ὃς
1433 933 1606 997 nibet
1625 982 1640 1010 ,
1683 935 1840 997 satis
1879 931 2211 998 tolerabile
2253 932 2592 998 videbatur
2629 935 2830 998 etiam
2853 937 2996 1018 post

602 1040 919 1102 amissum
986 1037 1348 1125 digamma,
1422 1044 1488 1103 et
1544 1029 1607 1109 ὃς
1673 1038 1803 1120 ᾔδει
1867 1039 2033 1119 (ἤδη)
2097 1041 2306 1124 igitur
2351 1039 2764 1117 scribebatur,
2813 1035 2992 1102 nullo

604 1143 821 1208 addito
895 1142 1096 1208 fulcro
1173 1144 1253 1210 ad
1312 1149 1596 1209 metrum
1659 1143 2182 1220 sustentandum3
2267 1144 2376 1209 sed
2440 1155 2494 1209 A
2523 1143 2654 1210 548
2717 1147 2774 1210 si
2833 1143 2993 1208 olim

602 1250 731 1314 fuit
774 1253 875 1314 τὸν
922 1252 1219 1328 τείσεται,
1268 1252 1649 1336 posteriores
1698 1251 1847 1316 inde
1894 1250 2118 1316 fecisse
2167 1250 2270 1315 τόν
2315 1252 2384 1327 γ’
2437 1249 2674 1316 εἴσεται
2721 1273 2851 1316 non
2889 1258 2992 1316 est

603 1355 775 1441 quod
841 1358 1172 1433 miremur,
1252 1359 1388 1421 sive
1458 1377 1714 1421 merum
1781 1355 2188 1421 librariorum
2264 1377 2544 1421 errorem
2615 1357 2788 1422 hunc
2858 1377 2994 1422 esse

602 1464 1023 1548 suspicamur,
1077 1461 1364 1528 litteram
1415 1471 1468 1528 F
1502 1466 1572 1526 in
1614 1472 1657 1526 Γ
1717 1465 2119 1527 mutantium
2151 1462 2219 1542 ¹),
2269 1465 2408 1528 sive
2457 1468 2741 1529 statuere
2787 1462 2994 1528 malu-

602 1588 749 1633 mus
810 1567 1109 1634 voculam
1170 1593 1249 1644 ys
1310 1571 1621 1651 insertam
1683 1589 1818 1634 esse
1863 1571 2056 1633 metri
2101 1589 2290 1633 causa
2339 1590 2489 1633 cum
2535 1590 2570 1634 e
2618 1575 2804 1634 textu
2853 1590 2998 1634 eva-

602 1675 849 1738 nuisset
911 1673 1260 1761 digamma.
1324 1675 1413 1739 At
1472 1677 1814 1740 metricam
1871 1674 2088 1761 legem
2133 1673 2419 1760 aliquam
2468 1674 2790 1740 obstitisse
2831 1655 2996 1760 ’quo-

604 1782 821 1844 minus
882 1785 1071 1864 poeta
1131 1783 1267 1865 ipse
1330 1780 1565 1846 diceret
1627 1783 1730 1845 τὸν
1791 1781 2052 1846 τείσεται
2074 1831 2092 1858 ,
2141 1800 2345 1866 neque
2392 1783 2600 1868 igitur
2645 1785 2783 1846 sine
2831 1783 2994 1846 vitio

604 1887 699 1950 ita
758 1905 943 1971 posse
1004 1886 1193 1950 scribi
1252 1888 1321 1950 in
1376 1886 1652 1952 editione
1698 1886 2036 1966 hodierna,
2085 1887 2154 1952 id
2201 1907 2406 1972 neque
2454 1891 2672 1952 textus
2717 1886 2994 1952 traditus

608 1991 791 2056 docet
849 2011 1055 2076 neque
1102 2013 1215 2077 per
1262 2013 1329 2056 se
1375 1991 1677 2057 credibile
1725 1992 2056 2070 ducimus;
2108 1991 2399 2058 multum
2443 1995 2650 2079 igitur
2695 1993 2878 2058 abest
2923 1997 2995 2055 ut

606 2100 1029 2166 assentiamur
1086 2097 1459 2162 Ltmmomo
1508 2099 1843 2164 Aristarch.
1893 2098 1958 2162 H
2001 2121 2065 2185 p.
2114 2097 2246 2166 283
2293 2102 2386 2163 ita
2431 2100 2776 2164 iudicanti:
2831 2102 2994 2176 „wie

607 2203 880 2282 „Hartel
938 2205 1419 2291 nachgewiesen
1480 2206 1593 2270 hat
1611 2255 1628 2284 ,
1677 2205 1850 2270 kann
1895 2205 2008 2270 das
2053 2205 2402 2294 Digamma
2447 2206 2788 2272 hochstens
2835 2207 2996 2272 noch

608 2313 791 2390 „eine
852 2311 1223 2398 Areisliinge
1241 2360 1258 2389 ,
1328 2312 1517 2377 keine
1578 2311 1994 2399 Thesisliing’e
2057 2313 2242 2378 mehr
2305 2313 2651 2378 bewirken.
2720 2312 2995 2399 Bentley

607 2416 783 2496 „und
830 2417 1084 2484 Bekker
1126 2418 1449 2505 begingen
1486 2417 1622 2484 also
1658 2421 1840 2484 einen
1879 2418 2236 2485 offenbaren
2259 2419 2649 2486 metrischen
2671 2417 2985 2494 Verstoss,

607 2522 743 2600 „als
800 2526 891 2588 sie
958 2534 1011 2589 A
1040 2521 1171 2590 548
1236 2523 1375 2590 οὔτε
1438 2527 1579 2590 θεῶν
1644 2525 1922 2604 πρότερος
1987 2526 2087 2590 τὸν
2151 2525 2415 2590 τείσεται
2479 2527 2607 2592 οὔτ’
2669 2526 2990 2604 ἀνθρώπων

608 2627 1042 2705 „sch1·ieben’'.

694 2735 830 2800 Alii
875 2735 1038 2813 loci,
1089 2734 1166 2800 de
1213 2736 1444 2821 quibus
1490 2736 1665 2802 idem
1713 2735 1924 2814 valet,
1969 2743 2157 2802 sunt:

694 2853 739 2907 B
768 2841 855 2908 22
903 2839 1061 2924 (795
1112 2840 1285 2924 ζ24)
1330 2843 1415 2924 τῷ
1460 2867 1567 2917 μιν
1617 2843 2083 2924 ἑεισάμενος(-η)
2129 2843 2256 2931 leg.
2305 2841 2802 2924 νεισάμενος(-η).

690 2958 743 3014 E
773 2946 904 3014 46¹7
953 2956 1157 3013 κεῖται
1204 2950 1351 3029 duim
1399 2944 1461 3013 ὄν
1506 2951 1565 3012 τ’
1613 2945 1738 3014 ἴσον
1785 2949 2025 3026 ἐτίομεν
2068 2949 2199 3037 leg.
2248 2940 2310 3013 ὃν
2381 2958 2555 3016 νῑσον.

692 3064 741 3120 Ζ
769 3051 899 3122 367
948 3055 1015 3118 οὖ
1060 3053 1189 3134 γάρ
1232 3051 1295 3119 τ’
1347 3050 1457 3120 οἷδ’
1502 3054 1632 3142 leg.
1683 3057 1748 3120 οὖ
1798 3057 1925 3134 γὰρ
1967 3056 2134 3122 εοῒδῖ

694 3169 748 3226 Η
776 3157 908 3228 467
958 3159 1365 3240 παρέστασαν
1413 3157 1561 3226 οἶνον
1609 3161 1882 3241 ἄγουσαι
1928 3161 2057 3248 leg.
2107 3160 2431 3242 παρέσταν
2475 3170 2672 3228 νοῒνον.

696 3293 741 3332 α
772 3266 902 3332 110
950 3259 1003 3332 οἳ
1047 3268 1161 3344 μὲν
1208 3265 1306 3347 ἄρ’
1355 3263 1502 3332 οἶνον
1550 3269 1808 3345 ἔμισγον
1858 3267 1986 3355 leg.
2037 3260 2094 3333 οἳ
2137 3271 2253 3347 μὲν
2300 3277 2497 3335 νοῒνον.
2562 3353 2568 3360 ·

879 3433 997 3441 —...-——

674 3545 723 3603 1)
774 3541 916 3608 Quod
966 3557 1021 3590 ex
1076 3539 1316 3604 Hesychio
1364 3539 1511 3589 multi
1556 3539 1830 3590 huiusmodi
1875 3557 2063 3590 errores
2106 3541 2266 3590 afferri
2313 3545 2536 3607 possunt.
2572 3541 2622 3590 id
2655 3555 2830 3606 perum
2863 3540 2990 3590 velet

604 3626 663 3676 sd
692 3627 815 3675 hanc
842 3623 1157 3690 suspicionem
1190 3623 1590 3681 confirmandam
1625 3623 1775 3687 nangis
1804 3624 1863 3672 sd
1893 3639 1994 3672 rem
2025 3625 2142 3672 facit
2177 3639 2314 3672 error
2345 3623 2594 3689 lepidst-ii,
2629 3623 2716 3687 qui
2753 3623 2992 3673 Hadriani

602 3713 817 3774 tempore
848 3721 956 3756 cum
998 3705 1227 3754 Balbin-e
1262 3721 1411 3770 nugas
1448 3704 1662 3754 Aeolicus
1697 3705 1988 3770 insculperet
2021 3707 2153 3755 cruri
2185 3711 2372 3756 stetuse
2419 3705 2708 3765 Memnonis,
2738 3722 2830 3771 pro
2861 3722 2918 3755 n
2943 3707 2990 3753 et

604 3807 681 3841 rot
714 3789 875 3856 posuit
906 3804 972 3851 γε
1005 3791 1053 3836 et
1086 3803 1169 3850 γοι
1204 3787 1603 3850 (Dislektinschr.
1640 3787 1816 3836 Oollitz
1851 3789 1988 3852 320).

678 3871 915 3939 Digammi
954 3870 1169 3934 signum,
1206 3885 1300 3933 quo
1336 3869 1585 3918 Cretenses
1621 3869 1877 3920 utebantur
1908 3870 2000 3919 Axi
2035 3873 2083 3918 et
2129 3869 2458 3929 menthernse,
2495 3867 2632 3918 facile
2666 3884 2774 3918 enm
2811 3867 2990 3918 litteris

606 3961 657 4005 A
691 3960 738 4005 et
771 3961 837 4013 N,
870 3952 1043 4018 quibus
1074 3951 1375 4001 simillimum
1412 3957 1509 4011 est,
1548 3956 1739 4016 poteret
1771 3952 2023 4010 confundi3
2059 3953 2188 4016 quod
2223 3953 2336 4002 dum
2367 3955 2668 4016 reputemus.
2698 3951 2750 4000 in
2779 3957 2988 4001 mentem

602 4037 802 4088 veniunt
850 4034 1110 4084 Homerica
1154 4030 1363 4094 νῆδημος
1407 4036 1456 4081 et
1504 4032 1660 4089 στῆτ’
1707 4030 2071 4095 ἐλελιχθέντες.
2109 4035 2200 4083 Sed
2235 4033 2410 4082 inutile
2443 4039 2518 4082 est
2549 4033 2608 4082 de
2642 4034 2731 4082 hnc
2763 4049 2818 4082 re
2851 4033 2990 4098 plur·

600 4121 801 4177 addere,
844 4115 1071 4181 quonism
1124 4131 1277 4180 neque
1318 4119 1505 4164 constet
1540 4115 1757 4165 litterum
1790 4130 1883 4165 vsu
1919 4116 1971 4164 in
2003 4115 2292 4164 carminibus
2325 4115 2470 4180 epicis
2505 4117 2732 4182 primitus
2761 4117 2990 4182 scriptam

602 4217 730 4259 esse,
768 4212 918 4262 neque
952 4197 991 4246 si
1026 4211 1170 4261 quem
1206 4197 1411 4246 maxime
1445 4197 1494 4244 id
1528 4201 1799 4256 constaret,
1833 4197 1966 4261 quali
2013 4197 2164 4260 igitur
2209 4197 2348 4262 signo
2391 4213 2610 4262 exprens
2653 4197 2804 4248 fuerit
2845 4199 2994 4247 scire·

602 4296 736 4340 mus,
781 4295 891 4329 nam
943 4278 1153 4342 quinque
1204 4279 1263 4327 sd
1316 4277 1570 4328 minimum
1625 4279 1806 4328 formae
1856 4278 2083 4343 digammi
2129 4293 2182 4328 ex
2219 4277 2610 4344 inscriptionibus
2643 4279 2985 4336 innotuerunt,

606 4379 725 4429 ques
756 4361 905 4425 signis
938 4359 1291 4425 typographicis
1322 4359 1540 4408 indicabo
1576 4365 1632 4410 ut
1663 4375 1880 4425 possum:
1918 4369 1966 4421 F,
2003 4367 2053 4421 Γ,
2093 4365 2158 4421 12,
2193 4369 2251 4420 ¹⁹.
2287 4367 2372 4428 N„
