3192 5009
1229 261 1560 311 munnus.
2506 244 2587 311 61.

263 424 588 491 comedisti?
653 427 820 507 Quid
877 434 942 490 tu
1001 448 1123 490 meo
1173 426 1450 508 periculo
1470 474 1486 504 ,
1543 447 1762 508 ymyee
1824 449 1895 489 ac
1940 448 2157 507 vorayo
2192 427 2557 509 patrimonii
2572 476 2590 505 ,

261 530 618 597 helluabare?
645 570 730 581 —-
755 532 830 597 In
869 532 1165 597 helluone
1201 535 1408 618 igitur
1445 534 1669 596 statim
1708 531 1783 597 de
1824 532 2114 596 ciborum
2154 532 2398 597 deliciis
2423 536 2595 620 cogi-

263 641 408 705 tabis.
445 638 676 704 Helluo
715 638 907 727 gulae
947 660 1170 705 servus
1195 660 1334 704 rem
1357 637 1719 725 profundit,
1746 644 1997 724 potator
2021 642 2170 705 vino
2198 639 2465 704 devotus
2483 689 2498 716 ,
2525 642 2594 703 in

261 749 442 811 scortis
480 752 786 811 scortator
830 767 965 811 rem
1013 766 1086 811 ac
1133 746 1375 810 famam
1419 745 1650 831 perdit.
1699 744 1894 810 Recte
1940 746 2094 811 haec
2142 748 2268 810 tria
2315 749 2482 811 inter
2528 766 2594 811 se

261 856 709 939 coniunguntur.
781 852 1004 937 Itaque
1069 854 1124 916 si
1185 873 1349 916 uxor
1411 851 1487 915 de
1548 853 1782 915 marito
1845 850 2101 917 absente
2164 854 2254 915 sic
2316 854 2594 938 cogitare

261 961 651 1024 existimatur:
696 965 852 1037 „aut
889 965 1206 1023 scortatur
1249 957 1362 1023 ille
1408 958 1775 1043 impudicus
1793 1006 1809 1034 ,
1864 964 1978 1022 aut
2022 960 2091 1021 in
2137 977 2340 1044 ganeo
2388 956 2599 1043 aliquo

259 1064 536 1131 helluatur
597 1073 714 1131 aut
772 1072 953 1151 potat
1011 1067 1082 1129 in
1148 1066 1440 1129 convivio
1461 1113 1478 1142 ‚
1527 1066 1741 1129 animo
1788 1072 1955 1129 certe
2005 1063 2417 1149 obsequitur''
2468 1083 2602 1128 sen-

260 1176 485 1238 tentiam
517 1175 944 1237 nanciscimur
987 1172 1138 1236 huic
1185 1170 1322 1236 loco
1371 1173 1794 1254 aptissimam.
1844 1170 2017 1257 Lege
2064 1172 2273 1256 igitur

483 1277 660 1344 Uxor
705 1282 760 1343 si
807 1299 1008 1343 cesses
1057 1282 1172 1342 aut
1221 1282 1285 1342 te
1335 1296 1548 1342 amare
1595 1279 1841 1364 cogitat

481 1386 616 1450 Aut
663 1384 1038 1448 helluari
1085 1389 1198 1448 aut
1242 1390 1462 1469 potare
1509 1388 1701 1467 atque
1748 1385 1958 1448 animo
2008 1383 2291 1469 obsequi.

257 1488 518 1555 Ceterum
561 1491 763 1554 helbuo
810 1489 979 1576 apud
1028 1488 1400 1555 Terentium
1439 1491 1768 1554 invenitur
1807 1487 2043 1554 Heaut.
2099 1487 2287 1554 1033.
2338 1488 2461 1554 Sed
2501 1488 2598 1553 fac

256 1600 308 1661 in
345 1620 442 1663 sex
485 1597 718 1663 fabulis
758 1618 912 1682 quas
950 1599 1205 1682 scripsit
1244 1617 1446 1682 neque
1487 1596 1690 1661 subst.
1730 1596 2061 1660 helbuonem
2100 1617 2306 1681 neque
2328 1596 2599 1662 verbum

255 1704 479 1769 helluari
515 1725 792 1790 usquam
830 1703 963 1790 legi
981 1753 997 1782 ,
1034 1710 1246 1767 tamen
1271 1708 1486 1767 nostro
1510 1701 1649 1767 loco
1674 1704 1949 1788 recipere
1974 1701 2192 1767 nullus
2216 1701 2598 1767 dubitarem.

1234 1853 1575 1921 Tmmos.

323 2020 461 2088 XV.
507 2022 899 2089 Tibullus
948 2021 1156 2109 elegia
1204 2023 1429 2108 quinta
1474 2020 1624 2087 libri
1669 2024 1865 2108 primi
1910 2023 2296 2102 absentiam,
2347 2030 2413 2089 et
2445 2023 2594 2110 plus
2632 2049 2734 2100 Tib.
2769 2048 2811 2109 1,
2847 2048 2989 2107 5,10.

253 2150 416 2213 qnam
473 2130 826 2195 absentiam
843 2178 859 2207 ,
922 2134 1252 2194 mutatum
1311 2130 1603 2193 animum
1668 2127 1954 2215 deplorat
2000 2128 2220 2195 Deliae
2271 2151 2440 2195 suae.
2492 2130 2601 2194 Et-

253 2238 396 2299 enim
435 2235 581 2314 illa,
633 2257 830 2323 quam
877 2236 1065 2321 gravi
1111 2234 1332 2299 morbo
1378 2233 1783 2320 implicatam
1822 2235 2115 2319 precibus
2133 2284 2149 2314 ,
2191 2238 2359 2300 votis
2382 2284 2399 2314 ,
2440 2256 2603 2301 cere-

251 2345 452 2407 moniis
495 2346 694 2407 morti
741 2364 806 2407 se
854 2344 1160 2427 eripuisse
1207 2340 1562 2428 praedicat,
1601 2340 1713 2405 illa
1753 2362 1918 2406 nunc
1956 2343 2096 2427 ipso
2135 2340 2358 2407 relicto
2398 2341 2602 2407 alium

251 2458 570 2514 amatorem
615 2452 924 2534 sequitur.
974 2446 1139 2527 Quid
1187 2449 1395 2534 igitur
1440 2454 1592 2511 vota
1641 2446 2018 2532 persolvisse
2067 2445 2353 2534 profuit?

325 2552 400 2620 17
491 2554 722 2621 Omnia
766 2552 1079 2639 persolvi:
1127 2554 1368 2618 fruitur
1415 2572 1584 2617 nunc
1631 2551 1795 2618 alter
1840 2574 2054 2619 amore
2074 2602 2091 2631 ,

579 2660 664 2725 Et
708 2660 998 2747 precibus
1043 2658 1196 2724 felix
1247 2662 1456 2724 utitur
1501 2657 1615 2724 ille
1664 2662 1849 2725 meis.

249 2763 360 2831 Hos
403 2788 621 2833 versus
668 2770 780 2852 qui
823 2766 1208 2852 praecedunt
1245 2772 1386 2831 octo
1424 2764 1703 2846 (9—16)
1742 2769 2093 2850 promerita
2131 2764 2372 2831 Tibulli
2411 2772 2601 2853 atque

249 2880 372 2937 vota
437 2873 548 2938 illa
612 2894 726 2959 pro
787 2872 992 2938 salute
1051 2871 1272 2938 Deliae
1324 2875 1718 2958 aegrotantis
1770 2872 2115 2959 diligenter
2161 2873 2463 2939 referunt.
2532 2872 2607 2938 In

251 2980 452 3063 quibus
513 3002 610 3045 vs.
667 2980 748 3046 10
815 2980 1072 3045 offendit
1124 3000 1287 3065 pass.
1338 2979 1524 3043 dicor.
1576 2978 1719 3044 Non
1769 2979 1973 3045 alieno
2022 2983 2389 3046 testimonio
2442 3002 2603 3067 opus

251 3094 326 3149 est
381 3084 650 3151 Tibulle.
713 3084 804 3151 Ut
862 3108 956 3151 vs.
1015 3086 1091 3151 11
1158 3087 1402 3171 ipseque
1464 3094 1520 3149 te
1583 3086 1802 3150 circum
1849 3086 2107 3149 bactram:
2125 3136 2141 3164 ,
2190 3107 2286 3152 vs.
2340 3086 2424 3153 13
2477 3087 2608 3170 {pse

243 3193 575 3271 procuravi,
639 3214 734 3257 vs.
791 3192 872 3257 15
899 3214 988 3279 sq.
1039 3193 1170 3276 ipse
1214 3215 1316 3273 eqo
1365 3241 1378 3255 .
1409 3242 1423 3258 .
1456 3240 1470 3255 .
1503 3240 1516 3255 .
1567 3199 1707 3256 vota
1758 3241 1772 3257 .
1804 3240 1819 3256 .
1852 3240 1865 3255 .
1896 3241 1911 3256 .
1970 3192 2212 3257 stiviae
2263 3241 2277 3257 .
2308 3242 2321 3257 .
2354 3242 2367 3257 .
2397 3241 2412 3257 .
2464 3193 2608 3257 deebi

253 3296 524 3363 dicuntur
587 3320 664 3365 ex
723 3320 993 3385 persona
1042 3304 1265 3385 poetae
1313 3319 1498 3363 suam
1544 3319 1805 3384 operam
1851 3319 2001 3384 prae
2053 3319 2119 3365 se
2168 3299 2429 3365 ferentis
2449 3347 2465 3376 ,
2511 3302 2608 3364 ita

251 3405 654 3471 antecedentia
724 3403 1055 3470 lenissima
1124 3403 1374 3469 medela
1435 3404 1720 3469 adhibita
1781 3407 1852 3468 in
1911 3407 2245 3492 integrum
2308 3408 2607 3471 restituta

256 3518 416 3575 erunt
431 3560 449 3589 ,
493 3514 562 3575 in
611 3512 779 3577 hunc
825 3510 1127 3576 modum:

585 3616 702 3683 Ille
751 3638 903 3704 ege,
954 3638 1104 3682 cum
1149 3618 1321 3681 tristi
1367 3616 1588 3681 morbo
1637 3616 1879 3682 defessa
1924 3620 2157 3684 iaceres
2179 3667 2195 3696 ,

677 3724 765 3789 Te
812 3724 988 3787 dico
1034 3726 1204 3789 votis
1250 3725 1556 3809 eripuisse
1604 3726 1793 3789 meis.

255 3826 464 3907 Quodsi
509 3836 698 3917 poeta
741 3833 1094 3917 scripsisset
1142 3830 1329 3907 dicor,
1378 3850 1490 3915 pro
1537 3831 1904 3895 indicativis
1943 3830 2219 3907 bec-stravi,
2255 3831 2605 3913 procuravi,

255 3936 374 3999 dedi
398 3936 746 4003 infinitivos
771 3944 1184 4022 exspectares.
1225 3934 1445 4000 Mendi
1470 3938 1788 4022 originem
1810 3943 2028 4022 repeto
2054 3957 2091 4001 a
2114 3934 2605 4023 ludimagistris,

256 4042 458 4125 quibus
499 4042 666 4109 illud
711 4042 823 4107 ille
869 4066 969 4125 eqo
1017 4050 1074 4106 te
1120 4042 1252 4107 dico
1302 4041 1594 4124 ‹trajani-see
1642 4041 1967 4108 soloecum
2012 4042 2218 4108 videri
2267 4043 2508 4109 debuit.

1141 4169 1166 4245 (
1177 4164 1659 4245 Gontiana-bitur)
1666 4212 1679 4228 .

381 4282 644 4351 Grouiaqac
677 4300 838 4335 mense
869 4284 1012 4335 Iulio.

1220 4412 1407 4420 ——--.-
1456 4412 1499 4417 —-
1546 4411 1625 4417 ..—
