3192 5009
643 994 798 1085 DE
871 993 1413 1083 HORATII
1487 989 2321 1084 CARMINIBUS

829 1159 1414 1252 AMATORIIS
1471 1160 2145 1250 PRAESERTIM

400 1328 1515 1421 INTERPRETANDIS
1575 1328 1715 1418 ΕΤ
1769 1327 2571 1437 ORDlNANDIS

1327 1534 1659 1576 ntsPu'rAvn·

1157 1702 1243 1768 Η.
1291 1701 1363 1767 Τ.
1411 1702 1823 1769 KARSTEN.

408 2162 685 2252 Suscipit
724 2186 1038 2253 magnum
1075 2164 1284 2231 hercle
1323 2184 1482 2250 opus
1523 2171 1586 2231 et
1622 2164 2011 2230 laboriosum
2053 2168 2167 2252 qui
2202 2167 2555 2251 scripturus
2580 2168 2676 2230 est

314 2271 390 2337 de
447 2271 713 2337 Horatio
775 2278 981 2358 poeta.
1049 2268 1214 2338 Cum
1261 2274 1434 2337 enim
1476 2273 1543 2335 in
1589 2269 1764 2335 nullo
1812 2274 1923 2355 qui
1972 2272 2357 2337 carminibus
2402 2291 2677 2359 pangen-

312 2377 408 2443 dis
449 2377 781 2456 inclaruit,
829 2382 1018 2464 poeta
1067 2378 1144 2443 ab
1184 2378 1440 2442 homine
1483 2378 1758 2462 separari
1795 2379 2031 2463 possit,
2072 2398 2186 2443 nec
2225 2384 2449 2462 poetae
2488 2376 2679 2441 facul-

313 2488 472 2549 tates
540 2489 604 2549 et
669 2486 901 2549 merita
967 2480 1256 2549 describi
1299 2502 1444 2548 vere
1508 2488 1743 2568 queant
1806 2485 1928 2547 nisi
1988 2482 2185 2548 simul
2241 2486 2445 2568 ipsius
2506 2485 2677 2548 vitae

314 2590 692 2655 condicionis
757 2595 946 2675 atque
1003 2589 1236 2655 indolis
1290 2591 1452 2654 ratio
1501 2589 1829 2667 habeatur,
1875 2589 2029 2655 haec
2076 2592 2366 2655 omnium
2412 2592 2679 2654 minime

312 2696 695 2783 negligenda
743 2701 892 2761 sunt
935 2698 1003 2760 in
1049 2695 1315 2761 Horatio
1343 2693 1413 2775 1).
1483 2695 1581 2760 Ad
1623 2695 1816 2760 huius
1855 2698 2029 2760 enim
2067 2699 2403 2782 ingenium
2441 2696 2681 2761 confor-

311 2803 617 2869 mandum
701 2809 855 2887 quot
937 2808 1000 2867 et
1080 2807 1316 2887 quanta
1382 2804 1743 2867 maximum
1812 2802 2171 2867 habuerunt
2236 2800 2677 2868 momentum!

311 2908 372 2973 N
375 2907 660 2985 atalicia,
736 2910 914 2993 origo
984 2929 1063 2973 ex
1122 2912 1300 2992 patre
1347 2904 1647 2972 libertino
1694 2914 1758 2972 et
1807 2906 1983 2973 locus
2031 2907 2259 2974 natalis
2307 2911 2373 2972 in
2418 2911 2678 2995 regione

309 3013 630 3081 Venusina
648 3063 662 3089 ,
710 3014 1032 3078 institutio
1077 3016 1146 3078 in
1193 3011 1364 3077 Urbe
1381 3062 1397 3090 ‚
1445 3013 1736 3079 educatio
1782 3020 2043 3100 paterna
2060 3062 2077 3092 ‚
2117 3013 2529 3080 callidissima
2565 3014 2681 3079 illa

311 3142 412 3187 res
471 3121 883 3205 hominesque
929 3119 1301 3185 observandi
1348 3126 1413 3184 et
1458 3120 1848 3204 ponderandi
1892 3122 2053 3185 ratio
2102 3142 2138 3185 a
2181 3128 2409 3186 natura
2452 3124 2677 3200 insita,

313 3248 352 3293 a
409 3230 588 3311 patre
648 3232 833 3291 aucta
890 3232 955 3291 et
1001 3224 1252 3291 exculta
1269 3274 1286 3302 ,
1337 3224 1733 3290 familiaritas
1783 3247 1934 3291 cum
1980 3224 2178 3291 nobili
2224 3230 2327 3291 sui
2377 3230 2681 3313 temporis

311 3335 650 3397 iuventute
665 3381 682 3410 ‚
754 3335 960 3397 otium
1029 3331 1408 3396 Atheniense
1427 3381 1443 3409 ‚
1515 3331 1673 3396 dura
1741 3330 2124 3417 reipublicae
2186 3337 2474 3418 tempora
2532 3333 2680 3398 inde

315 3443 529 3505 secuta
546 3485 562 3515 ,
626 3458 786 3522 quae
847 3439 1388 3523 spectatissimum
1433 3459 1635 3522 nuper
1682 3439 2018 3503 tribunum
2064 3436 2355 3503 militum
2401 3445 2466 3504 et·
2512 3441 2684 3505 nobi-

317 3543 482 3609 lium
540 3547 841 3610 comitem
900 3564 1052 3608 mox
1111 3545 1254 3609 urbi
1318 3543 1726 3609 reddiderunt
1789 3544 2011 3610 decisis
2058 3544 2375 3610 humilem
2422 3549 2645 3631 pennis
2664 3595 2681 3625 ‚

399 3819 446 3881 1)
478 3820 676 3886 Scripsit
710 3820 901 3884 quidem
943 3820 1080 3869 Luc.
1128 3817 1478 3867 Muellerus
1525 3818 1577 3867 in
1612 3817 1735 3867 libro
1770 3818 2045 3883 Quintus
2081 3817 2392 3867 Horatius
2428 3817 2686 3867 Flaccus

324 3898 459 3949 cine
493 3901 990 3951 littcrnrhiutor.
1020 3899 1406 3965 biographie.
1454 3900 1613 3965 Leipz.
1649 3900 1779 3949 1880
1811 3915 1855 3964 p.
1895 3901 1951 3949 3:
1996 3898 2102 3949 ‚dic
2139 3903 2263 3948 erate
2300 3900 2687 3949 PniohtdesLit-

333 3982 773 4032 -tmthistorikers
823 3982 1006 4033 bottcht
1049 3982 1187 4031 dorin
1223 4020 1237 4033 .
1257 4018 1300 4031 ..
1335 3980 1483 4030 novici
1529 3981 1616 4029 wie
1664 3980 1869 4045 moglich
1908 3982 2091 4030 Person
2128 3982 2222 4031 und
2258 3982 2527 4032 Charaktcr
2560 3982 2687 4032 eines

324 4066 531 4115 nAutors
581 4078 678 4115 von
729 4065 888 4115 minen
933 4064 1145 4113 Werken
1189 4078 1247 4112 zu
1290 4060 1560 4121 scheidcn”,
1606 4064 1685 4113 scd
1731 4063 1857 4113 idem
1890 4078 1995 4127 pag.
2034 4064 2063 4111 9
2096 4064 2165 4112 uic
2197 4064 2385 4113 docuit:
2426 4064 2687 4114 -Untcrsw

325 4144 568 4211 uehungcn
613 4145 731 4195 fiber
775 4147 850 4195 dic
897 4145 1077 4195 Detailu
1113 4146 1264 4195 mines
1295 4142 1473 4193 Iaebcnu
1507 4144 1750 4209 (Horatii)
1789 4183 1799 4193 .
1823 4183 1834 4195 .
1855 4182 1866 4194 .
1903 4160 2060 4195 waren
2095 4146 2513 4196 wissenschafflich
2548 4148 2601 4197 in
2635 4163 2687 4197 so

323 4228 464 4279 aweit
495 4228 881 4293 gerochtfcrtigt,
916 4228 986 4279 ⁸1⁸
1021 4228 1096 4277 die
1131 4227 1330 4277 meistcn
1363 4226 1594 4275 Gedichte
1627 4228 1707 4275 des
1742 4226 1903 4275 Hom
1932 4228 2031 4276 sich
2064 4228 2153 4276 mit
2178 4229 2339 4278 ceinen
2360 4230 2687 4295 personlichen

323 4310 642 4360 -Gcschicken
691 4312 806 4360 oder
852 4310 1002 4360 denen
1049 4311 1204 4359 teiner
1235 4310 1451 4360 Frcundc
1490 4309 1586 4358 und
1621 4308 1796 4358 Feindc
1832 4308 2095 4369 hermen&
2130 4326 2170 4359 c.
2189 4327 2234 4375 q.
2254 4327 2292 4360 ι.
2330 4327 2475 4376 usquc
2507 4313 2565 4362 ad
2603 4312 2689 4362 illa

319 4391 487 4443 verbe:
531 4392 630 4442 nal·
664 4393 824 4442 semer
858 4394 936 4442 dic
969 4391 1300 4456 subjectiviffit
1337 4430 1349 4441 .
1370 4428 1382 4439 .
1403 4430 1414 4441 .
1447 4392 1548 4441 sich
1583 4391 1660 4441 bei
1694 4391 1866 4441 keincn
1899 4392 2035 4442 mehr
2069 4392 2261 4457 geltend
2293 4394 2477 4453 macht,
2512 4394 2582 4443 als
2614 4394 2690 4444 bei

329 4472 570 4526 ,ΗΜ-ιθ.
608 4475 872 4541 Omnisque
905 4474 1018 4525 libri
1049 4478 1189 4525 tenor
1220 4474 1373 4541 priori
1407 4474 1482 4523 ini
1515 4473 1694 4540 placito
1729 4474 2072 4539 quodammodo
2108 4479 2359 4541 repugnat.
