3192 5009
998 284 1082 333 1111
1126 287 1277 337 runs
1327 284 1781 336 osnunmmm.
2452 264 2582 333 257
2655 262 2664 271 ’

238 454 431 519 eodem
473 473 595 538 quo
639 451 1005 517 Mommsen
1050 454 1152 515 vir
1198 451 1277 515 cl.
1330 451 1624 537 probavit
1647 500 1663 529 ,
1709 449 1984 517 tribunis
2031 453 2417 517 intercedere
2456 474 2586 518 non

236 559 461 623 licuisse
509 558 930 623 creationibus
977 556 1235 644 plebeis.
1287 557 1587 622 Primum
1636 560 1810 621 enim
1827 606 1844 636 ,
1897 561 1952 623 si
1988 558 2274 624 licuisset
2313 560 2586 623 tribunis

236 664 314 750 pl.
346 685 581 729 moram
620 664 838 729 afferre
876 665 977 728 his
1016 664 1441 729 creationibus
1458 713 1475 741 ,
1519 667 1856 749 quotannis
1893 668 1961 729 in
1999 671 2314 751 potestate
2353 686 2587 731 novem

237 771 609 835 tribunorum
654 770 741 854 pl.
791 771 1050 849 fuisset,
1097 774 1523 857 magistratus
1574 771 1859 857 plebeios
1901 793 1934 835 e
1976 771 2299 856 republica
2335 772 2584 848 tollere,

237 897 394 952 cum,
432 879 485 940 si
520 880 867 942 creationes
904 877 1108 941 factae
1149 899 1277 942 non
1318 883 1526 943 essent
1566 883 1912 962 antequam
1935 880 2179 943 tribuni
2200 882 2586 965 magistratu

237 983 539 1061 abiissent,
590 981 751 1047 nihil
796 986 1196 1049 inveniretur
1236 984 1407 1068 quod
1445 983 1657 1048 simile
1699 992 1862 1049 esset
1897 988 2259 1071 interregno
2299 988 2588 1071 patricio-

234 1110 389 1166 rum,
436 1109 559 1174 quo
608 1095 871 1174 possent
918 1092 1209 1155 renovari
1255 1092 1678 1175 magistratus
1729 1090 1940 1175 plebei
1990 1094 2275 1156 extincti.
2347 1090 2590 1156 Deinde

234 1216 317 1259 res
378 1194 764 1279 disceptatur
835 1194 1088 1260 silentio
1152 1204 1488 1260 auct-orum
1507 1245 1523 1274 ,
1589 1196 1759 1281 quod
1822 1197 2049 1281 probat
2109 1218 2464 1283 numquam
2512 1197 2588 1262 de

236 1300 379 1365 caelo
445 1321 728 1365 servasse
794 1301 1081 1365 tribunos
1147 1322 1297 1365 cum
1359 1304 1706 1367 creationes
1767 1302 2050 1388 plebeiae
2109 1304 2491 1369 haberentur
2520 1302 2589 1384 ¹).

234 1404 423 1469 Etiam
482 1428 688 1470 unum
751 1405 1125 1491 exemplum
1173 1406 1360 1472 affero
1383 1456 1399 1485 ,
1452 1408 1624 1493 quod
1671 1430 1808 1473 rem
1849 1408 2111 1474 dubiam
2157 1422 2414 1474 manere
2462 1429 2588 1473 non

234 1514 464 1595 patitur.
526 1511 819 1576 Tiberius
882 1510 1207 1577 Gracchus
1269 1515 1475 1591 enim,
1541 1535 1693 1577 cum
1759 1535 1815 1578 a.
1873 1512 1998 1579 133
2046 1514 2242 1580 vellet
2290 1516 2584 1580 tribunus

234 1616 308 1701 pl.
361 1617 559 1697 refici,
632 1618 871 1682 frustra
934 1624 1200 1683 conatus
1262 1625 1359 1683 est
1422 1618 1501 1683 ad
1562 1620 1902 1685 concilium
1968 1621 2272 1687 advocare
2332 1621 2587 1708 plebem

234 1727 506 1789 rusticam
527 1773 543 1803 ,
608 1727 715 1789 cui
778 1727 1061 1789 maxime
1098 1725 1378 1803 fidebat,
1428 1747 1576 1790 nam
1625 1747 1697 1791 eo
1745 1732 2029 1813 tempore
2075 1750 2225 1793 cum
2269 1719 2589 1793 indictum

236 1836 369 1895 esset
432 1830 781 1897 concilium
843 1835 1069 1898 messis
1114 1835 1183 1897 in
1229 1836 1401 1920 agris
1451 1834 1768 1899 retinebat
1813 1837 2083 1901 rusticos
2123 1837 2314 1922 (App.
2362 1836 2421 1900 1.
2453 1836 2587 1916 14).

235 1934 413 2000 Facile
459 1945 755 2024 apparet,
802 1938 1163 2023 plurimum
1200 1938 1568 2004 interfuisse
1611 1936 1881 2005 Gracchi
1920 1947 1994 2005 ut
2031 1945 2251 2026 paucis
2288 1942 2590 2007 nundinis

236 2048 357 2125 post
412 2043 753 2108 haberetur
813 2044 1192 2121 concilium,
1260 2048 1413 2130 quin
1478 2046 1675 2109 etiam
1721 2066 1800 2110 ex
1848 2067 1921 2111 ea
1965 2062 2032 2111 re
2080 2068 2405 2112 summam
2453 2051 2590 2112 eius

238 2148 574 2232 pependisse
618 2148 931 2228 salutem;
983 2151 1092 2215 sed
1138 2149 1308 2235 quod
1356 2151 1786 2216 obnuntiando
1826 2150 2012 2217 facile
2049 2154 2490 2239 impetrasset,
2535 2156 2592 2217 si

236 2251 519 2333 licuisset,
561 2259 928 2340 pervincere
970 2277 1095 2320 non
1136 2258 1389 2341 potuit,
1432 2262 1508 2320 ut
1551 2256 1907 2322 differretur
1946 2258 2326 2337 concilium,
2371 2262 2590 2343 itaque

240 2368 455 2426 constat
498 2370 643 2427 tum
688 2384 815 2427 non
859 2362 1115 2427 licuisse
1166 2362 1242 2427 de
1289 2362 1461 2427 caelo
1510 2366 1772 2428 servari.
1821 2364 2043 2449 Neque
2089 2367 2408 2429 incertum
2456 2372 2586 2441 est,

240 2488 340 2551 quo
394 2473 675 2554 tempore
737 2468 871 2533 lata
930 2470 1017 2532 sit
1076 2466 1181 2533 lex
1228 2488 1389 2553 quae
1436 2471 1557 2534 hoc
1605 2473 2029 2535 constituerit.
2079 2471 2504 2536 Plebiscitnm
2551 2490 2589 2533 a

243 2570 313 2635 M.
370 2571 605 2639 Duillio
666 2580 748 2637 tr.
796 2573 885 2659 pl.
934 2580 1237 2660 rogatum
1284 2596 1337 2638 a.
1392 2573 1561 2639 449:
1628 2578 1783 2660 „qui
1829 2574 2080 2661 plebem
2127 2578 2262 2641 sine
2313 2577 2588 2641 tribunis

240 2676 598 2763 reliquisset,
650 2685 832 2766 tergo
880 2701 951 2745 ac
999 2682 1207 2765 capite
1253 2680 1634 2766 puniretur’'
1679 2681 1846 2761 (Liv.
1893 2681 1954 2746 3.
1986 2680 2091 2747 55.
2125 2683 2236 2764 14)
2275 2682 2589 2749 eiusmodi

242 2790 347 2861 est,
402 2791 475 2850 ut
519 2807 593 2851 eo
644 2789 905 2873 vigente
942 2807 1147 2871 neque
1194 2790 1563 2853 intercessio
1610 2809 1813 2873 neque
1861 2788 2261 2854 obnuntiatio
2307 2792 2376 2853 in
2424 2810 2588 2855 crea-

242 2891 486 2955 tionibus
553 2892 794 2977 plebeis
856 2882 1115 2957 tolerari
1174 2895 1475 2978 potuerit.
1539 2894 1810 2959 Necesse
1874 2901 1970 2959 est
2013 2894 2229 2982 legem
2273 2918 2434 2982 quae
2479 2918 2586 2962 eas

242 2996 567 3077 prohiberet
612 2998 848 3063 factam
892 3020 1027 3063 esse
1072 2999 1194 3063 hoc
1236 3001 1379 3085 ipso
1428 3020 1590 3063 anno
1608 3048 1625 3076 ,
1677 3000 1902 3065 eodem
1948 3022 2072 3086 quo
2123 3006 2458 3087 spectionis
2508 3003 2584 3067 de

244 3102 386 3166 caelo
442 3112 504 3168 et
564 3104 985 3171 obnuntiandi
1026 3106 1186 3169 iuris
1231 3108 1519 3190 primum
1563 3108 1905 3191 participes
1951 3108 2102 3172 facti
2149 3114 2300 3172 sunt
2348 3109 2590 3173 tribuni

246 3207 415 3289 plebis
429 3231 445 3287 ;
507 3232 711 3296 neque
770 3210 1137 3276 incredibile
1185 3211 1461 3289 videtur,
1514 3232 1656 3277 eam
1700 3211 1916 3299 legem
1961 3214 2155 3280 fuisse
2202 3222 2449 3300 partem
2495 3219 2590 3301 ip-

246 3316 355 3378 sius
391 3316 560 3382 illius
608 3317 928 3402 plebisciti
974 3318 1137 3403 quod
1188 3321 1442 3405 rogavit
1488 3318 1583 3383 M.
1633 3318 1936 3383 Duillius.

316 3422 455 3489 Inde
512 3445 890 3511 progressus
936 3423 1016 3488 ad
1060 3428 1405 3489 creationes
1448 3432 1504 3489 el
1559 3426 2038 3512 subrogationes
2085 3430 2589 3515 magistratuum

246 3533 622 3610 patriciorum
638 3581 654 3610 ,
717 3536 929 3596 statuo
990 3531 1542 3599 obnuntiationem
1603 3532 2010 3597 tribunorum
2071 3533 2272 3620 plebis
2337 3542 2401 3600 et
2448 3536 2590 3605 reli-

250 3656 483 3718 quorum
540 3641 1047 3724 magistratuum
1107 3641 1177 3702 in
1222 3641 1313 3704 eis
1358 3638 1630 3704 liberam
1676 3638 1870 3704 fuisse
1916 3645 2254 3725 (quatenus
2298 3662 2424 3706 non
2472 3664 2585 3727 pro

308 3915 351 3979 l)
392 3916 651 3966 Mommsen
694 3918 894 3965 Staatsr.
943 3915 1003 3963 2⁸
1050 3932 1097 3980 p.
1134 3914 1261 3976 279·‚
1307 3916 1393 3965 cfr.
1428 3914 1542 3965 ibid.
1582 3916 1640 3964 1·
1680 3931 1724 3979 p.
1762 3915 1860 3964 286
1895 3915 2004 3964 61111.
2049 3914 2098 3965 l:
2140 3917 2346 3964 nAusser
2379 3916 2486 3967 dem
2521 3917 2583 3969 in

252 3994 447 4047 diesem
480 3998 609 4048 Fau
643 3997 1182 4047 entsehoidendon
1219 3998 1599 4061 Stillschweigen
1637 3997 1722 4045 (161·
1753 3997 1986 4061 Qucum,
2022 3997 2250 4061 sprechen
2286 3998 2428 4047 daftir
2461 4002 2584 4050 noch

255 4075 471 4143 Vorginge
510 4082 595 4130 wie
636 4082 721 4129 der
762 4096 854 4129 von
890 4081 975 4129 Liv
1028 4082 1171 4129 6.35.
1196 4082 1258 4129 10
1292 4080 1628 4145 geschilderte:
1663 4079 1855 4129 comitia
1884 4083 2077 4142 praeter
2109 4079 2336 4128 aedilium
2375 4082 2585 4133 tribuno-

254 4172 415 4222 fmqtoe
450 4162 587 4224 plebis
626 4164 765 4211 nulla
806 4167 921 4211 mat
966 4162 1157 4219 habita,
1205 4162 1361 4211 zumal
1396 4162 1455 4211 (16
1490 4162 1611 4211 auch
1648 4161 1724 4209 die
1759 4160 2077 4224 Gegenpartei
2115 4160 2229 4209 iiber
2263 4161 2473 4212 Tribnne
2505 4180 2587 4228 ge·

253 4238 370 4292 bietet
396 4245 483 4292 und
511 4262 655 4309 gegen
688 4246 767 4294 die
802 4245 944 4294 thl
979 4246 1063 4294 der
1098 4244 1393 4309 plebeischen
1430 4245 1717 4309 Magistrate
1751 4243 1828 4291 die
1867 4242 2182 4291 Intercession
2216 4242 2412 4308 [addere
2445 4246 2583 4297 licet:

256 4324 331 4371 und
359 4326 433 4374 die
462 4326 827 4391 obnuntiatiou]
860 4328 995 4377 hatte
1027 4328 1322 4391 gebrauchen
1355 4328 1571 4385 konnen,
1610 4323 1745 4374 'wenn
1781 4324 1906 4373 dicae
1937 4322 2206 4390 uberhaupt
2229 4326 2338 4375 hier
2364 4329 2587 4379 statthal't

254 4420 431 4468 genuen
459 4408 625 4459 11111ἐῖ
