3192 5009
1068 295 1363 344 osseum
1408 296 1765 344 smnnms.
2480 275 2608 343 351

270 466 473 529 marica
514 464 821 542 ὑποδεξίης
870 463 1139 549 aliisque
1186 461 1506 527 similibus
1552 466 1776 527 tutum
1823 467 1955 541 est,
2001 463 2109 528 sed
2145 465 2424 548 pessima
2461 467 2614 527 sunt

268 571 561 642 ἐθανασίης
606 570 671 634 Π
725 569 833 635 40.
870 568 996 634 150
1043 575 1108 634 et
1155 569 1358 642 θυσίης
1407 567 1471 632 II
1516 566 1605 633 82
1653 569 1963 653 producta
2008 568 2439 654 paenultima,
2495 589 2609 634 nec

269 695 395 740 sane
434 674 659 740 melius
704 675 941 741 ultima
986 677 1329 759 corripitur
1374 677 1442 738 in
1491 673 1990 755 ἐλευθοπρα(ξ)ία
2038 673 2101 738 Π
2151 673 2255 752 13,
2303 674 2642 755 ἱεροσυλία·

266 781 319 845 Π
362 781 451 846 14.
485 782 585 861 aL,
638 784 871 860 ἡμέραν
911 780 974 845 Π
1019 780 1167 858 193,
1211 780 1760 854 πλάναππλάνη
1801 779 1897 844 ΠΙ
1935 778 2088 857 228,
2132 783 2238 844 νέα
2277 780 2430 844 XIV
2457 781 2607 858 100,

264 890 370 952 nisi
404 889 551 954 forts
589 889 681 952 ibi
718 887 1068 974 legendum
1114 892 1212 952 est
1258 887 1357 960 νέη
1406 907 1555 950 cum
1605 888 1877 972 synizesi
1895 935 1912 961 ,
1961 891 2027 951 et
2072 884 2241 951 Εὕαν
2287 907 2401 972 pro
2446 885 2614 960 Εὕην

262 991 424 1057 Ι29.
482 990 809 1059 contrario
878 1013 1085 1057 errore
1148 991 1323 1070 μοίρη
1386 997 1485 1055 est
1543 1013 1657 1076 pro
1720 999 1903 1066 μοῖρα
1969 989 2064 1054 ΠΙ
2112 991 2262 1055 414.
2311 991 2408 1055 XI
2455 990 2609 1057 229.

262 1097 371 1163 ΧΠ
410 1095 547 1163 175.
595 1097 746 1162 XIV
796 1097 881 1163 69
928 1103 993 1162 et
1038 1097 1194 1174 γαίη
1244 1117 1358 1181 pro
1406 1105 1571 1172 γαῖα
1618 1096 1650 1160 Ι
1690 1095 1797 1161 82.
1827 1094 1982 1162 257.
2010 1096 2090 1160 al.
2135 1117 2340 1182 saepe.
2388 1098 2618 1162 Prima

260 1203 477 1289 syllaba
532 1207 761 1269 vitiose
821 1204 1194 1289 producitur
1248 1205 1314 1265 in
1381 1202 1727 1272 λινόστολος
1777 1201 1834 1265 V
1883 1201 2036 1279 492,
2094 1205 2348 1277 Σικελίῃ
2396 1202 2453 1266 V
2504 1203 2608 1280 16,

260 1307 505 1373 Λατίνων
568 1307 719 1372 XIV
770 1308 926 1386 280,
993 1306 1313 1385 Γιγάντων
1378 1306 1441 1370 Π
1503 1307 1657 1383 282,
1721 1309 2099 1388 ῥαπίσματα
2117 1307 2196 1388 (2²)
2257 1307 2409 1372 VIII
2455 1306 2610 1387 288,

258 1412 485 1492 &Iseum
532 1413 628 1478 III
680 1413 805 1479 591
868 1415 973 1494 (cf.
1025 1415 1421 1492 ἒπῖείραντες
1472 1412 1560 1477 IV
1614 1413 1788 1494 165),
1847 1417 2190 1499 corripitur
2232 1417 2298 1478 in
2349 1413 2609 1491 κιβωτός

257 1519 282 1582 1
320 1518 457 1596 266,
504 1527 581 1583 ut
630 1519 801 1606 apud
850 1517 1242 1605 Gregorium
1289 1520 1351 1585 Ν
1352 1523 1780 1584 azianzenum.

332 1625 383 1688 A
420 1628 805 1710 gravissimo
852 1627 1118 1690 crimine
1158 1629 1483 1709 correptae
1518 1623 1756 1688 vocalis
1797 1634 1848 1688 ‘r
1889 1629 1956 1688 ih
1998 1632 2411 1704 συκοφαντεῖν
2451 1624 2617 1690 liber
2648 1616 2656 1623 ’

256 1729 484 1814 quidem
548 1736 646 1794 est
694 1729 1029 1816 Sibinsta
1077 1729 1141 1793 Π
1190 1727 1299 1808 73,
1348 1732 1702 1814 pessimum
1751 1731 1925 1794 enim
1971 1751 2230 1794 versum
2279 1729 2618 1816 interpola-

256 1844 379 1901 tum
420 1857 554 1902 esse
601 1841 771 1901 recte
818 1839 1087 1923 agnovit
1132 1835 1355 1911 editor,
1407 1835 1517 1900 sed
1556 1840 1775 1900 contra
1808 1834 2024 1922 legem
2067 1835 2289 1901 eadem
2329 1841 2621 1919 correpta

258 1949 339 2008 est
376 1945 439 2008 in
486 1945 747 2007 ὑετοῖσιν
794 1942 826 2006 Ι
871 1940 1023 2007 230.
1076 1940 1454 2027 Suspectam
1501 1962 1654 2006 vero
1697 1941 1899 2006 habeo
1939 1941 2281 2006 lectionem
2322 1942 2614 2019 θλίβεται

260 2053 519 2133 correpto
565 2051 698 2113 iota
744 2045 800 2108 V
839 2045 947 2124 86,
999 2067 1192 2131 quem
1237 2045 1456 2110 locum
1503 2046 1833 2133 temptabo
1877 2050 1948 2111 in
1991 2054 2172 2132 parte
2212 2051 2434 2112 critica
2450 2097 2466 2124 ,
2508 2047 2619 2113 sed

256 2159 579 2239 utcumque
628 2153 705 2217 de
753 2173 827 2218 eo
873 2153 1283 2229 iudicabitur,
1330 2173 1445 2237 pro
1492 2173 1566 2217 eo
1613 2152 1783 2238 quod
1831 2155 2070 2237 passim
2117 2153 2362 2238 leg-itur
2409 2154 2618 2232 θλίψις

256 2259 449 2342 procul
488 2259 679 2324 dubio
718 2257 1167 2344 corrigendum
1208 2259 1413 2337 δλῒψις
1455 2265 1528 2322 et
1559 2257 1730 2334 μῖξις
1768 2280 1883 2343 pro
1909 2259 2098 2335 μίξις.
2150 2255 2388 2324 Contra
2414 2259 2618 2346 κλίμα

256 2362 301 2424 V
344 2363 421 2428 39
486 2365 591 2444 (cf.
642 2366 1085 2442 προσκλίματα
1131 2361 1283 2426 VIII
1329 2362 1491 2442 298)
1550 2362 1828 2428 aliorum
1887 2367 2259 2449 sequiorum
2305 2364 2619 2449 exemplis

258 2475 448 2534 tutum
510 2475 607 2535 est
664 2472 1081 2554 sequiturque
1130 2468 1493 2554 analogiam
1542 2467 1859 2533 similium
1906 2469 2264 2534 formarum
2311 2470 2482 2556 apud
2529 2491 2622 2535 se-

256 2579 454 2652 riores,
504 2582 579 2639 ut
626 2576 823 2652 θέμα,
868 2572 1163 2654 ἔκχυμα,
1208 2574 1425 2651 πόμα,
1466 2574 1816 2650 ἀνάσταμα
1859 2573 2038 2653 (VIII
2060 2574 2214 2652 268,
2258 2577 2370 2640 ubi
2409 2575 2619 2641 lenius

256 2681 575 2758 ἀνάσταμα
639 2683 835 2756 δῶμεν
896 2682 1170 2745 correxit
1229 2678 1587 2744 Alexandro
1651 2700 1846 2764 quam
1891 2681 2100 2745 Rzach
2145 2683 2620 2762 ἀναστήσωμεν)

256 2787 309 2847 in
346 2785 438 2850 his
485 2789 644 2870 ipsis
694 2806 946 2870 quoque
994 2785 1300 2860 oraculis,
1344 2791 1672 2869 praeterea
1711 2785 2251 2864 παρασύμβαμα,
2295 2787 2614 2863 ἀνάθεμα,

258 2889 359 2954 elia
374 2912 389 2968 ;
458 2895 680 2976 itaque
741 2912 998 2976 prorsus
1059 2890 1312 2954 inutilis
1374 2897 1473 2955 est
1532 2890 1790 2955 Rzachii
1853 2893 2215 2956 coniectura
2278 2899 2482 2969 κλῖμα
2532 2892 2616 2956 δὲ.

259 2993 443 3060 Semel
502 2995 599 3060 III
664 2994 797 3060 396
868 2995 1136 3072 κεράτων
1206 3001 1336 3073 est,
1408 3001 1695 3080 correpto
1759 3019 1801 3058 α
1820 3045 1836 3072 ,
1903 2995 2074 3080 quod
2136 2996 2326 3062 breve
2395 3002 2490 3060 est
2550 2999 2619 3060 in

260 3101 476 3179 κεράων,
540 3101 617 3167 de
664 3123 791 3186 quo
834 3101 1228 3167 restituendo
1276 3103 1548 3185 cogitari
1595 3106 1829 3184 potest.
1879 3100 2169 3166 Pessima
2213 3101 2474 3166 tandem
2521 3108 2620 3166 est

259 3207 520 3288 prosodia
564 3206 718 3271 VIII
771 3205 895 3272 191
939 3233 1019 3258 =
1060 3205 1211 3270 XIV
1259 3203 1393 3271 2¹70
1444 3205 1658 3270 πάντα
1704 3205 1870 3283 μαλ’
1921 3205 2116 3283 ἑξείης
2165 3208 2328 3285 ἀτὰρ
2393 3201 2618 3272 ἀκτῖ-

263 3310 363 3376 νόε
378 3337 405 3375 ν
423 3339 458 3378 τ
472 3337 519 3378 α
569 3316 865 3391 κομήτην.

1359 3645 1476 3709 ΠΙ.

339 3825 651 3905 Quatenus
713 3828 867 3892 haec
928 3825 1181 3892 oracula
1228 3833 1378 3891 sunt
1418 3831 1715 3891 centones
1765 3845 1841 3890 ex
1893 3827 2174 3909 antiquis
2222 3825 2352 3890 fere
2399 3828 2622 3890 carmi-

269 3933 425 3998 nibus
482 3937 677 4019 epicis
738 3936 1021 4011 consuti,
1085 3954 1309 3998 eorum
1372 3953 1581 3998 sermo
1600 3982 1617 4009 ,
1683 3935 1807 3996 nisi
1866 3931 2034 4016 quod
2082 3935 2262 4018 epica
2308 3931 2622 3997 vocabula

269 4042 495 4123 tragicis
549 4041 919 4125 formaeque
974 4042 1187 4123 epicae
1233 4040 1475 4102 mixtae
1523 4043 1675 4101 sunt
1721 4039 1956 4102 Atticis
2006 4038 2582 4122 communibusque
2601 4087 2618 4116 ,

270 4140 421 4207 velut
462 4143 649 4222 λεώς,
700 4153 825 4226 γῆ,
871 4145 1116 4221 κρίσεως
1164 4149 1228 4208 et
1275 4142 1630 4218 similibus,
1681 4140 1852 4206 haud
1899 4145 1994 4204 ita
2039 4162 2277 4226 pravus
2325 4147 2454 4218 est;
2508 4142 2620 4208 sed

274 4247 445 4312 sicubi
501 4253 889 4335 antiquiores
952 4249 1155 4314 fontes
1202 4248 1503 4314 deficiunt
1525 4297 1541 4324 ‚
1593 4246 1968 4332 Sibyllistae
2015 4246 2093 4310 ad
2143 4250 2455 4332 sequioris
2499 4247 2620 4312 lin-

277 4369 411 4434 guae
466 4355 677 4420 sordes
738 4353 1139 4430 delabuntur,
1204 4361 1268 4418 et
1333 4375 1457 4440 quo
1506 4356 1776 4438 quisque
1825 4357 1922 4416 est
1967 4357 2173 4416 aetate
2220 4352 2497 4430 inferior,
2547 4373 2619 4420 eo
