3192 5009
1298 280 1607 329 Lucanus.
2550 256 2637 322 35

1462 592 1671 640 RVRVS

1391 860 1536 908 ASIA

903 1010 984 1059 ΒΟ
1878 1008 2148 1057 Nornvs.

1249 1132 1476 1181 'rmus
1626 1140 1746 1187 m
1878 1100 2069 1149 ffivs

1257 1224 1510 1273 BVROPA
1626 1230 1773 1278 RIGA

1324 1486 1636 1535 zm’mRVS

259 1758 472 1825 quam
525 1738 646 1801 hoc
689 1735 826 1801 loco
872 1735 1034 1802 addo
1081 1736 1250 1821 quod
1297 1734 1528 1800 similis
1576 1734 1703 1799 alia
1721 1784 1737 1812 ,
1797 1755 1835 1799 a
1880 1734 2147 1801 Webero
2194 1756 2228 1800 e
2280 1734 2672 1800 Berolinensi

259 1846 468 1909 tertio
519 1842 692 1907 edita
735 1842 838 1923 (de
885 1864 1010 1928 quo
1054 1842 1190 1907 cod.
1233 1841 1312 1907 cf.
1355 1844 1492 1907 eius
1533 1840 1662 1906 vol.
1703 1839 1818 1904 III.
1851 1862 1913 1925 p.
1940 1848 2057 1920 11),
2098 1844 2313 1906 minus
2339 1845 2673 1927 perspicua

265 1956 374 2015 est
430 1956 500 2014 et
547 1948 848 2014 Vossiana
895 1952 1219 2034 proximos
1266 1968 1516 2034 quoque
1563 1968 1787 2012 versus
1834 1950 2075 2032 optime
2122 1947 2425 2025 illustrat,
2466 1946 2674 2013 veluti

267 2054 434 2119 416.
489 2053 700 2119 Maior
747 2054 916 2119 orbis
963 2075 1109 2139 pars
1152 2057 1222 2118 in
1269 2074 1467 2118 unam
1514 2054 1647 2119 abit
1692 2054 1948 2131 Asiam,
1992 2053 2194 2131 cedit,
2240 2074 2531 2120 concessa
2579 2060 2675 2118 est

270 2164 340 2225 ei
360 2210 376 2236 ,
425 2180 658 2245 nempe
705 2160 1039 2225 dimidiam
1087 2168 1337 2245 partem
1383 2159 1607 2225 circuli
1653 2161 1878 2237 habet;
1932 2180 2081 2225 nam
2129 2182 2278 2225 cum
2326 2163 2677 2226 communi-

273 2276 382 2332 ter
445 2266 708 2352 Europa
770 2272 836 2332 et
898 2267 1112 2333 Africa
1174 2265 1631 2331 occidentalem
1692 2265 2081 2345 (dimidiam)
2143 2274 2393 2350 partem
2454 2264 2677 2331 cirqui

275 2372 598 2449 efficiant,
669 2372 823 2436 Asia
893 2372 1028 2437 sola
1089 2371 1392 2450 alteram,
1460 2371 1837 2437 orientalem
1899 2371 2004 2451 (ab
2070 2371 2289 2451 Euro),
2353 2378 2561 2450 tenet,
2612 2377 2677 2436 et

281 2480 612 2563 contingit
655 2479 878 2543 boreae
923 2477 1091 2542 latus
1138 2481 1507 2555 sinistrum,
1558 2485 1623 2542 et
1670 2476 1970 2542 dextrum
2016 2480 2151 2541 noti
2191 2475 2399 2557 (419),
2450 2484 2523 2542 ut
2580 2483 2678 2543 est

281 2588 358 2649 in
405 2582 827 2649 delineatione
846 2632 862 2661 ,
912 2583 1102 2648 modo
1149 2604 1186 2647 a
1231 2584 1590 2671 peripheria
1635 2582 1713 2647 ad
1759 2590 2050 2648 centrum
2088 2582 2309 2648 circuli
2336 2590 2398 2649 te
2421 2604 2677 2649 conver·

285 2697 412 2753 tas.
483 2688 854 2753 Lectionem
921 2690 1226 2753 descendit
1240 2737 1257 2766 ,
1331 2710 1368 2754 a
1438 2687 1657 2757 Gortio
1721 2692 2090 2753 restitutam
2152 2710 2187 2753 e
2254 2689 2674 2756 deterioribus

283 2795 476 2860 libris
495 2844 510 2872 ‚
551 2816 678 2860 non
722 2794 1054 2860 confirmat
1098 2796 1331 2873 Ashb.;
1383 2796 1639 2859 discedit
1682 2796 1917 2859 habent
1964 2796 2021 2859 A
2047 2794 2123 2859 M
2147 2793 2202 2857 V
2226 2794 2285 2857 U
2308 2795 2398 2874 R;
2449 2816 2677 2859 manus

291 2901 572 2967 secunda
614 2904 684 2965 in
729 2900 861 2965 M.:
911 2902 1213 2965 descendit
1228 2950 1244 2979 ,
1295 2908 1372 2965 ut
1418 2906 1562 2965 ante
1612 2898 1913 2967 Grotium
1956 2898 2311 2984 legebat-ur.
2382 2901 2677 2978 „Descen-

292 3008 392 3071 dit
447 3008 602 3071 Asia
644 3008 713 3070 in
761 3006 1019 3071 ortum”
1068 3012 1174 3087 (=
1195 3007 1275 3071 ad
1321 3014 1686 3073 extremum
1737 3008 2048 3071 orientem
2094 3008 2429 3093 pertingit)
2477 3006 2681 3071 dicere

293 3120 510 3199 potest
555 3115 610 3177 is
628 3162 646 3191 ‚
693 3115 806 3198 qui
852 3120 1091 3177 terram
1135 3113 1325 3199 fingit
1372 3116 1583 3178 animo
1627 3120 1933 3198 tanquam
1973 3113 2223 3177 discum
2261 3133 2412 3177 cum
2450 3111 2681 3177 declivi

295 3222 594 3305 margine
613 3268 630 3295 ‚
701 3218 870 3304 quod
931 3239 1056 3283 non
1118 3228 1214 3284 est
1273 3222 1412 3285 eius
1474 3222 1782 3305 temporis
1845 3218 1955 3283 sed
2015 3217 2223 3283 multo
2285 3221 2677 3284 vetustioris.

297 3324 360 3389 N
361 3346 448 3390 on
505 3325 631 3390 huc
691 3327 1000 3411 pertinet:
1070 3324 1443 3411 „multaque
1490 3325 1729 3391 devexo
1776 3332 2091 3389 terrarum
2135 3327 2426 3411 margine
2474 3324 2678 3390 celat’'

301 3432 470 3496 infra
531 3429 684 3509 498,
756 3432 868 3496 ubi
938 3430 1014 3496 de
1077 3430 1327 3496 finitore
1389 3433 1759 3513 (horizonte)
1822 3452 2029 3495 sermo
2049 3478 2065 3507 ‚
2132 3450 2292 3515 quae
2355 3438 2453 3496 est
2513 3430 2683 3495 linea

301 3539 608 3623 cogitata,
649 3557 772 3601 non
819 3536 1124 3601 deciduus
1171 3557 1414 3624 margo.
1463 3536 1741 3600 Discedit
1788 3544 2004 3601 contra
2052 3542 2186 3600 tam
2234 3542 2403 3601 recte
2451 3537 2685 3600 dicitur

303 3662 502 3729 quam
557 3641 748 3728 paulo
807 3648 952 3707 ante
1011 3643 1138 3705 abit
1182 3646 1525 3727 (praesenti
1572 3649 1858 3727 tempore
1904 3644 2173 3726 accipias
2218 3642 2296 3705 cf.
2346 3642 2513 3706 unde
2558 3641 2685 3706 Eu-

303 3768 460 3835 ropa
519 3748 697 3835 fugit
757 3746 938 3828 415).
990 3748 1090 3812 Ad
1138 3750 1497 3833 „effundant
1540 3748 1911 3836 Zephyrum
1958 3747 2241 3832 (Europa
2289 3753 2353 3814 et
2404 3746 2679 3834 Libye)”

303 3874 532 3941 operae
589 3857 874 3939 pretium
943 3860 1040 3919 est
1109 3855 1388 3921 conferre
1457 3854 1729 3921 Senecae
1795 3856 2147 3919 doctrinam
2208 3853 2283 3918 de
2348 3857 2556 3919 ventis
2615 3856 2686 3918 in

307 3959 390 4025 N.
433 3958 552 4040 Qu.
594 3963 951 4045 expositam
967 4008 984 4037 ,
1024 3980 1102 4025 ex
1139 3980 1265 4045 qua
1301 3964 1480 4025 venti
1527 3982 1564 4026 a
1612 3966 1781 4026 terra
1828 3962 2145 4025 eiciuntur
2190 3963 2304 4024 aut
2350 3980 2688 4045 evaporan-

307 4074 420 4130 tm·
485 4068 726 4151 partim
788 4071 870 4145 (c.
920 4063 1009 4143 4),
1058 4064 1226 4150 quod
1271 4068 1520 4151 copiose
1567 4066 1852 4130 illustrat
1900 4086 1953 4129 c.
2011 4063 2091 4128 14
2144 4073 2471 4149 „repetam
2517 4088 2685 4131 nunc

309 4171 482 4257 quod
543 4174 754 4257 primo
819 4170 1107 4235 dixeram
1122 4219 1138 4248 ,
1204 4171 1304 4236 edi
1367 4194 1400 4238 e
1447 4194 1641 4258 specu
1687 4178 1915 4237 ventos
1964 4191 2337 4257 recessuque
2384 4174 2685 4239 interiore

313 4277 696 4343 terrarum?
759 4276 911 4342 Inde
975 4276 1179 4341 obiter
1236 4278 1681 4363 explicandum
1732 4277 1897 4363 quod
1946 4276 2203 4342 Tacitus
2250 4278 2417 4342 Ann.
2466 4278 2547 4343 Π.
2598 4278 2683 4343 23

313 4390 606 4449 austrum
665 4381 826 4449 dicit
883 4381 1150 4447 tumidis
1197 4380 1576 4451 Germaniae
1622 4387 1808 4449 terris
1860 4381 2167 4449 validum.
2240 4382 2575 4449 Discedere
2622 4394 2687 4449 et
