3192 5009
368 341 377 350 ι
480 241 608 309 108
748 326 756 335 ·
1330 260 1975 311 ossnnurmncm

473 452 802 496 summum
820 480 834 509 ,
900 431 1025 497 dici
1069 434 1281 517 potuit
1328 431 1656 497 succedere
1703 453 1886 518 posse
1933 432 2396 499 condictionem
2441 452 2556 518 pro
2605 433 2860 498 actione

475 557 637 623 quae
696 558 773 602 ex
834 558 996 604 novo
1060 540 1318 624 negotio
1378 540 1678 615 nascitur,
1741 539 1808 604 id
1853 544 1950 603 est
1995 542 2065 603 in
2111 540 2355 605 factum
2401 538 2598 604 civili.
2671 536 2862 604 Haec

472 646 725 731 propria
788 646 908 709 erit
967 645 1160 709 huius
1220 648 1578 709 contractus
1597 694 1613 722 ,
1680 644 1952 710 secundo
1997 644 2204 731 gradu
2251 645 2564 711 condictio
2613 646 2856 709 veniet.

470 748 591 815 ma
649 752 889 835 primas
945 754 1154 835 partes
1201 752 1550 814 necessario
1602 750 1934 836 occupabit
1951 800 1967 827 ‚
2016 753 2254 816 vicaria
2298 756 2467 815 sorte
2514 750 2667 816 haec
2713 750 2862 814 fun-

467 862 679 942 getur.
712 854 840 921 ‘Sin
888 858 1030 941 quis
1071 856 1301 921 dixerit
1322 904 1335 927 ,
1381 856 1547 941 quod
1588 856 1816 921 multis
1855 855 2098 942 placuit
2128 860 2196 938 ¹),
2236 863 2450 923 nostro
2487 857 2856 944 fragmento

469 962 878 1029 condictionis
942 965 1199 1028 nomine
1262 965 1490 1028 incerti
1549 966 1868 1029 actionem
1930 963 2272 1050 appellari,
2336 963 2589 1042 videat,
2653 985 2854 1049 quam

468 1090 698 1155 parum
740 1068 1081 1155 probabilis
1129 1090 1228 1134 res
1278 1072 1383 1134 sit.
1435 1068 1861 1156 Opponuntur
1905 1072 2073 1137 inter
2117 1092 2183 1136 se
2221 1071 2532 1136 condictio
2573 1076 2637 1135 et
2673 1090 2858 1157 prae—

468 1178 719 1261 scriptis
765 1175 975 1240 verbis
1021 1177 1183 1240 actio
1229 1173 1411 1240 1.17
1462 1175 1563 1261 §5
1612 1174 1689 1240 D.
1746 1173 1847 1242 19.
1877 1174 1950 1239 5:

738 1280 795 1344 si
840 1279 973 1366 quis
1017 1280 1356 1363 sponsionis
1396 1304 1577 1344 causa
1614 1282 1826 1345 anulos
1863 1282 2188 1364 acceperit,
2231 1304 2336 1345 nec
2374 1280 2577 1345 reddit
2613 1280 2854 1357 victori,

730 1386 1130 1469 praescriptis
1191 1388 1382 1450 verbis
1428 1387 1583 1451 actio
1630 1388 1700 1451 in
1745 1411 1871 1451 eum
1918 1388 2210 1470 competit.
2261 1388 2390 1451 Nec
2435 1386 2591 1451 enim
2636 1386 2861 1468 rec‘ffli-

743 1494 897 1556 enda
960 1499 1045 1556 est
1106 1492 1314 1557 Sabini
1375 1492 1580 1575 opinio
1599 1542 1615 1570 ‚
1680 1494 1785 1579 qui
1846 1494 2078 1557 condic-i
2143 1500 2200 1557 et
2244 1494 2428 1579 furti
2475 1493 2578 1573 aqi
2622 1516 2694 1556 ex
2739 1493 2860 1555 hac

743 1620 923 1661 cauea
956 1605 1144 1681 putat
1193 1648 1207 1664 .
1239 1646 1253 1662 .
1285 1647 1300 1663 .
1332 1648 1345 1662 .

562 1704 784 1790 Neque
846 1704 1161 1769 auxilium
1216 1703 1428 1769 ullum
1473 1705 1732 1790 praebet
1777 1704 2010 1770 Iuliani
2056 1705 2494 1792 fragmentum
2542 1705 2709 1791 quod
2755 1712 2860 1770 est

470 1810 659 1876 hodie
722 1809 766 1875 1.
822 1810 902 1875 19
952 1812 1053 1895 §2
1103 1808 1180 1874 D.
1234 1809 1340 1875 43.
1372 1810 1479 1889 26,
1545 1811 1862 1895 siquidem
1923 1816 2063 1876 veri
2123 1817 2221 1877 est
2287 1810 2697 1877 simillimum
2758 1813 2858 1876 ita

470 1916 820 2003 legendum
866 1937 1001 1981 esse
1050 1916 1155 1995 (cf.
1206 1938 1399 2002 supra
1446 1939 1579 2003 cap.
1631 1916 1839 1997 xm:

741 2046 867 2085 cum
930 2022 1079 2107 quid
1125 2023 1406 2104 precario
1466 2031 1737 2103 roqatum
1797 2031 1883 2087 eet
1900 2072 1916 2101 ,
1979 2047 2096 2087 non
2157 2024 2344 2087 solam
2389 2024 2708 2088 interdicto
2755 2024 2858 2087 uti

728 2150 1041 2211 possumus
1061 2177 1077 2205 ‚
1142 2130 1249 2191 sed
1306 2136 1364 2191 et
1418 2130 1648 2191 incerta
1693 2130 1978 2214 formula
2039 2128 2359 2209 (Tribon.:
2423 2131 2650 2194 incerti
2710 2150 2860 2194 con-

746 2234 1045 2314 dictione)
1092 2234 1162 2295 id
1206 2241 1293 2297 est
1326 2234 1731 2317 praescriptis
1775 2236 1987 2298 verbis.

560 2339 772 2404 Habet
819 2346 1032 2403 autem
1084 2344 1376 2403 nostrum
1423 2339 1862 2426 fragmentum
1909 2340 2034 2405 alia
2080 2362 2239 2426 quae
2286 2340 2631 2406 offendunt.
2705 2340 2858 2405 Pee—

470 2449 633 2511 sima
680 2450 776 2510 est
823 2445 1157 2509 Latinitas
1207 2445 1272 2506 Si
1317 2444 1481 2508 nihil
1524 2446 1636 2508 tibi
1682 2446 1842 2523 dedi,
1881 2446 2202 2527 placuerat
2249 2454 2461 2524 tamen,
2511 2454 2578 2510 ut
2625 2448 2852 2509 darem.

470 2552 795 2632 Quomodo
832 2552 986 2616 haec
1027 2550 1288 2616 dicenda
1325 2551 1596 2627 fuerint,
1635 2553 1771 2637 ipse
1809 2552 1989 2617 docet
2028 2552 2338 2639 Ulpianus
2379 2552 2423 2616 1.
2458 2552 2538 2617 15
2565 2552 2644 2617 D.
2677 2551 2779 2616 19.
2803 2550 2849 2615 5

470 2658 727 2739 (Quodsi
760 2658 1014 2721 solutum
1052 2657 1284 2742 quidem-
1324 2657 1489 2721 nihil
1524 2664 1610 2720 est
1627 2708 1643 2735 ‚
1682 2660 1788 2721 sed
1811 2658 2022 2740 pactio
2061 2659 2396 2723 intercessit
2435 2661 2502 2722 ob
2537 2658 2853 2735 indicium,

466 2767 573 2829 hoc
632 2770 718 2827 est
733 2813 748 2840 ,
812 2770 879 2825 ut
937 2763 992 2827 si
1054 2763 1411 2840 indicasset,
1481 2766 1996 2849 appreheneucque
2043 2772 2189 2828 esset
2219 2766 2542 2851 suffitivm
2559 2814 2574 2841 ‚
2628 2771 2854 2829 certum

468 2869 708 2955 aliquid
752 2872 1043 2949 daretur).
1094 2870 1371 2934 Adnotat
1419 2869 1648 2935 Lenel:
1703 2872 1896 2935 verba
1931 2871 2256 2952 placuerat
2305 2878 2496 2935 tamen
2542 2879 2611 2933 ut
2651 2873 2856 2934 darem

466 2980 580 3042 vix
619 2981 769 3041 sunt
806 2974 1088 3062 Ulpiani.
1140 2977 1339 3060 Atqui
1380 2983 1727 3041 resecantes
1765 2980 1888 3041 ista
1925 2982 2131 3041 totam
2169 2980 2550 3042 sententiam
2590 2998 2854 3064 pessum

469 3084 779 3150 dabimus.
830 3082 1000 3145 Mira
1046 3081 1315 3166 denique
1363 3086 1459 3145 est
1504 3082 2021 3167 iurisprudentia.
2094 3082 2528 3148 Praecesserat
2575 3104 2652 3147 ex
2699 3083 2849 3147 Pro-

467 3190 609 3256 culo
670 3191 872 3275 petita
934 3188 1291 3253 observatio
1314 3237 1329 3264 ,
1396 3191 1732 3274 pecuniam
1780 3189 1858 3253 ob
1909 3191 2482 3253 manumissionem
2529 3187 2806 3254 solutam
2827 3237 2848 3264 ,

468 3317 657 3363 causa
716 3316 841 3360 non
902 3300 1153 3369 secuta,
1212 3298 1427 3357 tamen
1474 3295 1676 3378 repeti
1722 3314 1846 3357 non
1891 3314 2073 3378 posse
2095 3342 2111 3370 ‚
2164 3297 2218 3358 si
2265 3314 2486 3358 servus
2535 3294 2677 3359 ideo
2723 3314 2852 3357 non

468 3405 659 3469 fuerit
707 3401 1158 3479 ,manumissus
1230 3398 1399 3483 quod
1472 3399 1642 3463 diem
1713 3398 2005 3476 obiisset,
2070 3406 2412 3484 antequam
2477 3400 2854 3464 manumitti

469 3509 799 3596 potuisset.
848 3504 1014 3569 Huic
1053 3505 1214 3569 forte
1253 3524 1642 3589 congruum,
1686 3507 1976 3590 pactione
2017 3505 2316 3569 standum
2357 3526 2511 3581 esse,
2555 3504 2850 3569 defuncto

469 3634 717 3701 quoque
778 3633 993 3688 servo,
1059 3610 1246 3675 modo
1312 3610 1649 3675 decesserit
1709 3616 2048 3695 antequam
2114 3614 2493 3676 manumitti
2541 3612 2846 3696 potuerit.

470 3719 539 3786 Si
598 3726 811 3783 nostro
873 3718 1233 3803 fragmento
1296 3716 1485 3792 fides,
1534 3715 1800 3781 meliore
1847 3720 1986 3781 iure
2034 3720 2191 3793 erit,
2241 3721 2352 3802 qui
2403 3715 2848 3781 tantummodo

466 3831 689 3913 pactus
758 3829 889 3898 est,
954 3842 1147 3907 quam
1204 3821 1315 3885 ille
1380 3824 1488 3907 qui
1552 3824 1889 3907 pecuniam
1951 3824 2210 3908 accepit.
2287 3822 2599 3887 Defuncto
2663 3843 2846 3888 servo

466 3930 628 3996 alter
689 3931 1022 4014 pecuniam
1087 3928 1209 3992 sibi
1275 3927 1409 3991 dari
1472 3934 1760 4012 oportere
1823 3928 2147 3992 intendere
2197 3930 2466 4013 poterit,
2518 3928 2678 3993 alter
2724 3926 2854 4014 ple-

464 4056 735 4120 rumque
808 4040 1129 4118 acceptam
1194 4033 1449 4099 reddere
1520 4039 1804 4119 cogetur,
1869 4036 1990 4097 nisi
2054 4034 2217 4098 forte
2283 4039 2529 4099 constet
2593 4054 2854 4099 servum

464 4148 615 4208 tunc
661 4162 865 4227 quum
910 4142 1045 4205 vita
1091 4140 1485 4225 fungeretur,
1536 4141 1920 4204 manumitti
1967 4139 2252 4204 nondum
2298 4142 2602 4225 potuisse.

531 4382 586 4444 l)
621 4382 845 4446 Savigny,
889 4383 1074 4445 ὄψεαι
1112 4381 1151 4427 V
1188 4398 1233 4447 p.
1271 4383 1383 4431 595.
