3192 5009
1375 293 1717 343 samson,
2594 270 2727 340 303

365 469 471 534 τῆς
520 461 809 538 γλώσσης
857 459 1210 540 ἁμάρτημά
1257 461 1424 540 ἐστι,
1469 460 1540 524 τὸ
1587 462 1649 525 δὲ
1697 457 1869 540 ἔργον
1914 466 2021 532 τῆς
2072 461 2341 538 γνώμης.
2394 459 2729 525 Postrema

362 568 554 634 verba
591 572 992 632 monstruosa
1030 573 1199 632 sunt.
1241 567 1375 632 Alfi
1421 566 1548 632 alia
1595 565 1967 632 deleverunt
2013 572 2077 632 et
2122 571 2557 644 mutaverunt,
2606 588 2725 654 ego

360 677 450 740 sic
514 673 729 739 locum
795 675 1097 740 restituo:
1159 675 1229 738 τὸ
1292 675 1405 750 μὲν
1463 673 1590 753 γὰρ
1652 673 1883 752 ῥήματι
1929 677 2039 744 τῆς
2088 671 2373 751 γλώσσης
2422 673 2727 752 ἁμαρτεῖν

359 783 526 858 ἐστι,
595 781 666 844 τὸ
737 779 802 844 δὲ
861 777 1014 858 ἔργῳ
1075 788 1184 854 τῆς
1252 778 1521 858 γνώμης.
1581 779 1669 844 Η.
1696 800 1753 844 e.
1796 781 1865 843 in
1910 779 2123 845 verbis
2167 798 2422 864 peccare
2466 777 2727 866 linguae

355 887 570 974 lapsus
617 892 713 951 est
731 934 746 963 ,
792 888 860 950 in
907 885 1094 950 rebus
1143 890 1362 951 autem
1409 887 1609 951 animi
1656 883 1763 949 vel
1809 883 2057 949 consilii
2103 882 2429 949 delictum.

445 992 521 1071 V,
573 993 632 1058 6.
681 989 939 1057 ἅπαντα
986 991 1114 1068 γὰρ
1158 991 1246 1057 τὰ
1296 993 1354 1055 έν
1394 991 1601 1072 ἀδήλῳ
1640 988 1727 1055 ἔτ’
1766 988 1914 1055 ὄντα
1956 990 2116 1074 [ἐπὶ]
2155 999 2233 1070 τῦ
2272 989 2440 1071 τύχη
2478 994 2726 1067 μᾶλλον

355 1099 679 1163 ἀνάκειται
725 1099 760 1174 ἢ
809 1106 886 1176 τῇ
933 1097 1193 1182 προνοίᾳ.
1243 1097 1603 1183 Propositio
1651 1097 1749 1160 ἐπὶ
1771 1145 1788 1174 ,
1838 1117 1999 1181 quae
2045 1118 2078 1162 θ
2118 1095 2553 1182 dittographia
2588 1102 2726 1162 orta

353 1225 489 1270 esse
533 1204 788 1270 videtur
832 1224 970 1270 voc.
1019 1206 1108 1268 ἔτι
1131 1253 1146 1282 ,
1180 1202 1458 1270 Δ(ἰοΙιπιᾶε,
1503 1209 1599 1268 est
1617 1252 1634 1282 ,
1682 1205 1913 1269 vitiose
1960 1204 2132 1268 enim
2178 1201 2474 1268 abundat.

443 1309 519 1389 V,
573 1310 675 1376 14.
748 1309 944 1375 καίτοι
1009 1309 1174 1382 ‘rode'
1213 1333 1291 1388 γε
1351 1316 1599 1387 νόμους,
1663 1304 1715 1374 οἳ
1777 1317 2011 1374 κεῖνται
2076 1309 2210 1388 περὶ
2263 1316 2377 1374 τῶν
2422 1312 2723 1388 τοιούτων,

351 1417 598 1486 πάντας
663 1414 739 1481 ἂν
799 1411 972 1491 οἶμαι
1036 1417 1419 1494 ὁμολογῆσαι
1482 1413 1803 1481 κάλλιστα
1853 1413 2043 1492 νόμων
2088 1414 2439 1499 [ἁπάντων]
2485 1419 2721 1481 κεῖσθαι

352 1523 458 1587 καὶ
521 1522 847 1587 ὁσιώτατα.
923 1521 1283 1587 Delendum
1345 1527 1442 1586 est
1506 1520 1890 1587 vocabulum
1950 1520 2261 1599 ἁπάντων,
2325 1527 2401 1587 ut
2448 1520 2725 1587 ostendit

353 1627 586 1695 similis
651 1626 828 1694 locus
897 1625 1003 1705 VI,
1053 1626 1094 1693 2
1157 1627 1263 1692 καὶ
1327 1627 1464 1697 τοὺς
1529 1626 1645 1703 μὲν
1706 1623 1959 1705 νόμους,
2023 1619 2077 1692 οἳ
2140 1634 2375 1691 κεῖνται
2424 1627 2557 1707 περὶ
2605 1633 2723 1692 τῶν

350 1735 649 1811 τοιούτων,
700 1732 931 1804 πάντες
982 1731 1058 1797 ἂν
1105 1732 1492 1798 ἐπαινέσειαν
1541 1731 1858 1796 κάλλιστα
1906 1729 2101 1809 νόμων
2139 1735 2375 1797 κεῖσθαι
2416 1732 2520 1796 καὶ
2562 1731 2725 1797 ὄσιώ-

350 1863 542 1906 τατα.
601 1838 917 1905 Similiter
960 1860 1170 1906 reseca
1212 1839 1386 1905 idem
1430 1859 1568 1905 voc.
1617 1837 1693 1917 V,
1746 1837 1827 1905 1¹7
1878 1835 1966 1903 ἔτι
2016 1839 2080 1904 δὲ
2106 1876 2190 1887 -
2216 1837 2415 1914 ἐδέθην
2463 1862 2724 1917 παρανο-

349 1948 618 2022 μώτατα
682 1944 1032 2030 [ἁπάντων]
1093 1945 1429 2025 ἀνθρώπων.
1490 1945 1631 2010 Hoc
1682 1947 1856 2010 enim
1902 1944 2253 2012 observavi.
2300 1943 2527 2012 Graeci
2572 1965 2723 2010 cum

349 2051 662 2118 adiectivo
734 2050 1126 2138 superlativo
1195 2053 1590 2138 coniungunt
1656 2052 2016 2136 promiscue
2088 2056 2201 2115 aut
2245 2052 2561 2129 ἀνθρώπων
2606 2055 2722 2116 aut

352 2159 645 2224 ἁπάντων
712 2158 1114 2239 (homimum
1201 2157 1500 2224 adverbio
1568 2162 1787 2222 autem
1853 2155 2196 2243 (pluralem
2265 2156 2405 2222 dico
2482 2160 2720 2238 neutri)

349 2263 591 2329 addunt
651 2269 764 2329 aut
825 2264 1190 2345 (ὥπώντων,
1254 2269 1333 2327 ut
1393 2264 1746 2327 οἰκειότατα
1792 2264 2040 2328 πάντων
2084 2261 2243 2327 Isae.
2291 2262 2342 2340 I,
2392 2262 2454 2327 4.
2495 2261 2602 2341 VI,
2657 2263 2715 2328 1.

345 2369 583 2434 Andoc.
653 2368 760 2447 IV,
830 2369 933 2434 11.
1003 2375 1116 2435 aut
1186 2368 1399 2434 solum
1467 2370 1853 2434 substantivi
1930 2371 2313 2455 genitivum.
2386 2368 2715 2434 Demosth.

347 2475 526 2554 XIX,
569 2474 676 2540 50.
725 2474 1118 2554 εὐφημότατ’
1155 2476 1495 2552 ἀνθρώπων.
1535 2473 1805 2553 XXVII,
1848 2474 1932 2540 18
1956 2472 2483 2555 ὥναισχυντότατ*
2508 2476 2718 2554 ἀνθρώ-

346 2606 494 2648 πων.
543 2581 651 2648 26.
701 2579 947 2661 XXIX,
995 2580 1103 2648 28.
1151 2580 1483 2659 XXXVII,
1532 2580 1641 2646 49.
1685 2580 1809 2645 Is0.
1858 2579 2063 2657 XVII,
2112 2578 2218 2645 55.
2266 2580 2434 2646 Plat.
2474 2580 2714 2646 Euthd.

347 2686 481 2755 2¹73
498 2689 576 2754 D.
640 2687 898 2754 Theaet.
951 2687 1148 2753 14813
1194 2693 1314 2753 etc.
1377 2687 1526 2752 Alia
1584 2690 1748 2753 ratio
1795 2693 1891 2753 est
1934 2686 2220 2753 locorum
2240 2737 2256 2770 ,
2304 2686 2521 2772 quales
2566 2692 2718 2751 sunt

345 2795 636 2882 Xenoph.
701 2794 928 2860 Mem.
991 2793 1043 2877 1,
1093 2792 1155 2871 2,
1185 2793 1291 2859 62.
1357 2793 1683 2878 Aristoph.
1740 2792 1960 2857 Plut.
2007 2791 2136 2859 507
2184 2793 2333 2857 ἀλλ’
2380 2789 2422 2856 ὦ
2469 2791 2715 2858 πάντων

345 2901 526 2986 ῥᾷστ’
577 2901 891 2978 ἀνθρώπων
936 2898 1364 2965 &vammum-⁹
1411 2899 1530 2978 οὐχ
1578 2898 1891 2975 ὑγιαίνειν.
1941 2898 2096 2986 Lyc.
2145 2920 2197 2964 c.
2246 2897 2463 2964 Leocr.
2518 2897 2665 2963 134.

434 3005 655 3072 Obiter
697 3005 1041 3072 refellenda
1085 3004 1344 3072 videtur
1386 3007 1610 3090 magni
1657 3001 1879 3071 Cobeti
1928 3007 2240 3070 sententia
2254 3053 2271 3082 ,
2321 3025 2398 3070 ne
2445 3008 2550 3070 cui
2595 3008 2715 3070 im-

340 3118 632 3199 ponatur.
702 3110 900 3177 Video
969 3113 1143 3176 enim
1211 3117 1308 3195 et¹
1343 3131 1639 3196 sagacem
1705 3113 1920 3174 virum
1966 3110 2207 3176 Albert.
2266 3111 2576 3176 Poutema
2622 3115 2713 3192 (in

342 3218 702 3298 Quaestion.
771 3217 1065 3283 Aeschin.
1136 3215 1605 3282 Amstelodami
1667 3237 1813 3303 pag.
1884 3216 2041 3298 120)
2125 3238 2265 3282 eam
2342 3217 2713 3303 amplexum

339 3346 495 3390 esse.
545 3321 822 3391 Oobetus
867 3323 1222 3403 ἀνθρώπειόν
1270 3347 1330 3388 τι
1379 3323 1585 3386 παθὼν
1632 3322 2037 3388 inserendum
2082 3326 2338 3409 putavit
2380 3327 2448 3388 in
2486 3325 2710 3389 Aesch.

339 3428 389 3508 I,
435 3428 560 3496 1'7'7
609 3430 819 3495 verbis
857 3429 996 3500 τοὺς
1035 3429 1146 3505 μὲν
1189 3427 1403 3505 νόμους
1445 3429 1651 3500 καλῶς
1693 3431 1927 3492 κεῖσθαι
1970 3430 2383 3514 participium
2424 3426 2709 3510 ἔχοντας,

337 3542 414 3600 ut
471 3535 652 3602 fieret
715 3542 918 3606 καλῶς
979 3533 1240 3616 ἔχοντας
1304 3537 1560 3599 κεῖσθαι.
1628 3533 1753 3599 Sed
1799 3533 1964 3598 nihil
2008 3535 2274 3600 fortasse
2319 3535 2711 3620 frequentius

338 3662 535 3727 quam
596 3640 758 3716 νόμοι
815 3647 1018 3711 καλῶς
1068 3641 1330 3716 κείμενοι
1380 3641 1645 3725 Antiph.
1694 3638 1770 3718 V,
1823 3638 1928 3717 14,
1960 3638 2063 3704 15.
2112 3638 2217 3718 VI,
2266 3639 2329 3705 2.
2376 3639 2707 3708 Demosth.

339 3745 577 3825 XXIV,
627 3745 733 3824 34,
761 3745 867 3825 38,
896 3745 1002 3810 96.
1052 3745 1172 3839 Isc.
1221 3745 1306 3824 II,
1359 3745 1464 3811 18.
1512 3745 1692 3823 XIX,
1744 3746 1829 3810 50
1876 3751 1994 3811 etc.

429 3851 504 3930 V,
556 3851 662 3916 91.
711 3853 910 3918 καίτοι
954 3849 1105 3917 ὅπου
1151 3853 1292 3928 ὑμῖν
1339 3861 1460 3922 τοῖς
1513 3849 1953 3928 ἐξαπατηθεῒσι
2011 3852 2456 3932 μετεμέλησεν,
2512 3853 2547 3929 »3
2598 3855 2704 3920 καὶ

338 3957 503 4024 πάνυ
566 3981 656 4023 τοι
719 3959 903 4038 ἐχρῆν
967 3959 1106 4030 τούς
1169 3982 1247 4036 γε
1310 3957 1763 4035 ἐξαπατῶντας
1827 3958 2236 4023 ἀπολωλέναι.
2285 3957 2546 4026 Codices
2592 3983 2705 4048 pro

339 4059 489 4130 ὅπου
532 4066 834 4152 praebent
879 4065 1042 4130 οὔπω
1089 4071 1154 4130 et
1197 4065 1248 4130 εἲ
1288 4065 1394 4129 καὶ
1433 4087 1546 4152 pro
1590 4062 1625 4137 ἦ
1667 4065 1794 4129 καί.
1834 4065 2217 4130 Emendavit
2253 4065 2323 4131 F.
2367 4065 2495 4134 Leo
2536 4069 2707 4153 apud

339 4170 691 4248 Blassium,
755 4171 865 4237 sed
926 4171 1150 4236 addere
1211 4171 1477 4237 debebat
1537 4175 1601 4236 et
1660 4171 2042 4256 particulam
2101 4195 2216 4237 που
2234 4220 2251 4250 ,
2296 4179 2373 4236 ut
2418 4178 2616 4239 esset:
2668 4170 2704 4248 »3

336 4301 454 4342 που
501 4277 604 4341 καὶ
655 4277 837 4341 πάνυ.
888 4274 983 4344 cf.
1030 4277 1265 4342 Andoc.
1313 4277 1364 4355 I,
1413 4276 1499 4342 86
1542 4275 1689 4342 ὅπου
1727 4274 1821 4343 οὖν
1858 4275 2131 4358 ἀγράφῳ
2169 4279 2329 4358 νόμῳ
2367 4280 2475 4343 οὐκ
2500 4277 2702 4358 ἔξεστι

337 4383 682 4462 χρήσασθαι
703 4431 721 4460 ,
763 4379 798 4458 »3
837 4407 953 4448 που
999 4384 1272 4463 ἀγράφῳ
1321 4407 1396 4461 γε
1445 4384 1819 4462 ψηφίσματι
1864 4385 2268 4449 παντάπασιν
2315 4387 2380 4450 οὐ
2428 4384 2523 4452 δεῖ
2564 4389 2699 4472 [γε]
