3192 5009
554 334 685 400 100
1274 344 1664 400 ΗΡΩΙΔΟΤ
1713 342 2196 400 ΜΙΜΙΛΜΒΟΙ

634 518 775 583 Hoc
806 520 1015 603 igitur
1052 516 1491 602 qualecunque
1526 526 1978 583 ornamentum
2011 516 2302 582 Eubulae
2339 518 2570 582 obnixe
2607 516 2934 603 flagitanti

542 624 976 691 commodarit
1016 621 1301 699 Coritto,
1342 628 1724 700 λιτιρεῦσαν
1763 624 2137 687 αἰδεσθεῖσι.
2175 623 2311 688 Nae
2349 622 2530 692 aits),-
2567 624 2676 687 οὐκ
2719 624 2932 697 2'73023

544 732 699 795 haec
744 731 868 794 fuit
886 780 903 805 ‚
948 732 1007 793 si
1050 730 1118 793 id
1164 728 1483 815 significat
1526 729 1792 805 βιυβῶν
1839 730 2008 814 quod
2055 738 2241 815 putat
2281 733 2542 795 criticus
2577 739 2812 793 noster.
2837 766 2930 775 -—

540 837 815 903 Posthac
860 856 1009 900 veno
1050 857 1129 900 ne
1174 857 1379 899 unum
1416 836 1680 920 quidem
1715 834 2022 911 βιυβῶνι
2065 840 2308 921 petenti
2347 839 2590 900 amicae
2613 843 2928 899 mutuum

540 941 837 1005 daturam
884 962 949 1005 se
994 942 1181 1017 dicit,
1226 944 1481 1006 etiamsi
1532 941 1716 1006 mille
1763 942 1888 1005 sibi
1935 950 2185 1027 praesto
2227 944 2374 1005 sint.
2415 940 2604 1005 Mille
2643 936 2932 1015 ὅλισβοιῗ

544 1048 739 1132 pudet
802 1068 1085 1135 pergere.
1150 1085 1235 1096 -
1294 1050 1381 1111 At
1444 1047 1657 1112 Metro
1701 1068 1846 1112 eam
1889 1048 1970 1111 ab
2013 1051 2112 1111 ira
2157 1047 2562 1112 dehortatur:
2615 1047 2932 1131 „probam

542 1154 883 1219 mulierem
948 1176 1077 1217 non
1134 1154 1315 1219 decet
1374 1158 1469 1219 ita
1524 1157 1750 1218 statim
1811 1154 2324 1219 excandescere’'.
2397 1154 2638 1218 Probae
2683 1152 2934 1217 scilicet

540 1260 843 1325 mulieres
898 1260 1157 1337 ambae,
1220 1262 1277 1323 si
1324 1258 1524 1325 altera
1574 1259 1862 1324 libidinis
1907 1260 2376 1325 adminiculum
2419 1269 2720 1345 exposcat
2765 1259 2888 1323 sibi
2909 1308 2930 1335 ,

538 1366 743 1431 altera
786 1382 1081 1450 ereptum
1128 1364 1359 1431 doleat.
1388 1403 1473 1414 —
1500 1364 1678 1430 Iurat
1723 1366 1950 1430 deinde
1991 1364 2240 1432 Coritto
2281 1388 2396 1452 per
2430 1365 2642 1431 dulcia
2675 1365 2934 1429 lumina

542 1494 809 1537 suorum
854 1472 1169 1549 filiorum,
1214 1485 1280 1536 et
1326 1492 1479 1537 mox
1524 1471 1720 1536 aliam
1769 1472 2134 1549 mulierem,
2177 1494 2338 1559 quae
2377 1476 2518 1537 vita
2555 1473 2772 1537 functa
2807 1483 2930 1547 est,

540 1594 616 1643 ut
682 1582 789 1663 pia
856 1582 1167 1643 memoria
1234 1581 1569 1643 necessarii
1629 1588 2096 1663 prosequantur
2155 1587 2354 1665 optat.
2431 1578 2606 1643 Haec
2673 1598 2930 1662 quoque

540 1685 761 1749 eadere
798 1686 1099 1749 videntur
1132 1687 1203 1747 in
1239 1683 1489 1749 vetulas
1530 1684 1712 1747 foedo
1755 1684 1965 1748 furore
1995 1706 2162 1749 nunc
2183 1688 2400 1769 ipsum
2427 1681 2812 1771 flagrantes?
2835 1720 2928 1731 —

544 1790 809 1876 Iamque
864 1812 940 1855 eo
1002 1793 1309 1875 processit
1362 1790 1756 1875 colloquium
1809 1803 1882 1854 ut
1935 1790 2330 1855 describatur
2380 1791 2664 1869 βαυβών,
2729 1810 2930 1874 quem

542 1895 793 1963 Coritto
859 1917 898 1960 a
960 1894 1245 1962 Cerdone
1288 1900 1469 1960 emit.
1530 1896 1656 1974 Qui
1699 1900 1802 1960 vir
1845 1899 1936 1960 ita
1981 1896 2312 1961 extollitur
2354 1904 2427 1960 ut
2473 1896 2730 1961 divinus
2775 1898 2930 1959 arti-

544 2004 649 2067 fex
704 2024 839 2067 esse
900 2002 1181 2079 dicatur;
1248 2022 1409 2087 quae
1468 2000 1579 2066 ille
1641 2003 1788 2066 fecit
1808 2051 1824 2078 ,
1875 2023 1952 2066 ex
1998 2006 2202 2087 ipsius
2249 2002 2582 2067 Minervae
2625 2001 2928 2066 manibus

544 2108 853 2194 prodiisse
896 2108 1253 2173 credideris,
1316 2107 1482 2186 Quid
1530 2111 1632 2171 sui
1677 2130 1826 2172 cum
1875 2107 2148 2185 Venere,
2197 2108 2354 2193 quid
2397 2108 2728 2173 Minervae
2771 2128 2926 2171 cnm

542 2214 813 2289 ἐλίσβως
839 2211 861 2275 ?
888 2252 971 2262 --
998 2211 1245 2279 Coritto
1288 2217 1497 2300 igitur
1532 2213 1834 2298 pulcrum
1873 2213 2036 2277 illud
2077 2236 2238 2299 opus
2277 2224 2349 2278 ut
2391 2216 2560 2279 vidit
2593 2225 2669 2278 ut
2693 2216 2924 2299 periit:

544 2321 877 2399 „homines
936 2331 1073 2385 tam
1134 2319 1353 2405 pulcra
1412 2320 1666 2395 βάλλει
1729 2320 1930 2385 facere
1991 2320 2380 2405 nequeunt'’.
2441 2320 2614 2386 Haec
2673 2326 2926 2385 vertere

542 2449 667 2490 non
736 2448 1031 2510 possum,
1096 2430 1395 2511 quoniam
1462 2429 1688 2511 ignoro
1757 2426 1912 2511 quid
1975 2430 2100 2490 sint
2144 2426 2454 2503 βάλλει,
2525 2426 2634 2491 sed
2702 2425 2780 2490 de
2854 2446 2925 2489 re

542 2552 809 2597 venerea
876 2554 1001 2595 non
1070 2536 1213 2619 agi,
1280 2532 1349 2595 id
1410 2534 1517 2594 xz}
1580 2536 1800 2613 τυφλῷ
1851 2533 2026 2603 δῆλον
2073 2555 2210 2598 esse
2257 2534 2551 2597 dixerim.
2613 2530 2922 2617 Sequitur

542 2639 929 2703 adjectivum
976 2638 1111 2713 ὀρθά
1135 2687 1152 2714 ,
1198 2642 1563 2703 ominosum
1611 2640 1908 2716 fortasse,
1973 2660 2364 2725 quamquam
2421 2644 2690 2704 minime
2747 2644 2924 2703 certa

542 2745 737 2809 huius
778 2744 903 2809 loci
948 2759 1042 2810 oet
1080 2744 1293 2810 lectio.
1340 2743 1465 2809 Sed
1502 2748 1614 2831 qui
1653 2746 1878 2810 deinde
1917 2748 2332 2833 subiungitur
2371 2768 2592 2811 versus
2613 2744 2720 2810 vel
2741 2742 2924 2808 solus

542 2852 807 2927 sufficit,
872 2854 995 2914 nisi
1058 2851 1263 2927 fallor,
1326 2851 1407 2915 ad
1466 2851 1533 2914 id
1580 2851 1750 2936 quod
1799 2851 1946 2915 volo
1993 2852 2450 2917 evincendum:
2504 2852 2704 2929 „adde
2751 2848 2924 2935 quod

542 2978 765 3021 somno
810 2956 1065 3020 mollior
1108 2971 1209 3021 est
1256 2966 1323 3021 et
1360 2960 1672 3043 corrigiae
1711 2980 1834 3021 non
1873 2966 2008 3022 lora
2045 2958 2154 3023 sed
2195 2958 2338 3023 lana
2375 2980 2512 3024 esse
2553 2954 2923 3023 videntur’'.

540 3062 855 3127 Mofflties
918 3062 1073 3147 qm'd
1134 3063 1258 3127 sibi
1322 3061 1466 3127 vult
1526 3066 1597 3127 in
1641 3068 1890 3144 σκυτίνη
1935 3062 2054 3127 illa
2101 3064 2447 3147 ἐπικουρίᾳ,
2493 3074 2560 3129 et
2609 3080 2922 3149 quorsum

544 3176 699 3234 tunc
747 3166 1141 3242 ἱμαντίσκσιῗ

632 3277 822 3362 Piget
870 3276 1115 3339 diutius
1160 3278 1489 3338 immorari
1536 3280 1606 3339 in
1653 3298 1720 3342 re
1761 3298 2021 3362 spurca,
2069 3298 2196 3361 qua
2253 3276 2330 3341 de
2391 3278 2648 3341 omnino
2713 3282 2924 3338 tacere

540 3382 951 3457 maluissem,
1000 3381 1109 3445 sed
1158 3402 1271 3465 pro
1316 3380 1487 3443 virili
1530 3393 1710 3465 parte
1751 3384 2166 3447 obnitendum
2205 3383 2362 3447 duxi
2405 3404 2482 3448 ne
2525 3380 2772 3468 placeat
2817 3400 2924 3444 ex·

540 3488 801 3575 plicatio
838 3490 1225 3572 ingeniosior
1264 3508 1453 3571 quam
1496 3491 1724 3551 verior.
1771 3486 1984 3553 Donec
2011 3492 2214 3575 igitur
2235 3502 2404 3553 certa
2427 3488 2703 3563 edocear,
2731 3506 2920 3551 sumo

540 3594 847 3672 βκυβῶνι
894 3594 1089 3658 fuisse
1136 3598 1595 3658 vestimentum
1641 3594 1898 3680 aliquod
1937 3609 2048 3659 aut
2093 3602 2538 3660 ornamentum
2577 3592 2914 3658 muliebre.

540 3701 829 3765 Fortasse
878 3698 1181 3764 mih-ulus
1220 3699 1626 3765 librariorum
1663 3722 1837 3765 error
1875 3724 1984 3765 nos
2023 3700 2340 3770 ludificat:
2383 3701 2492 3765 sed
2531 3708 2716 3785 turpe
2755 3697 2916 3763 nihil

538 3811 745 3871 inesse
790 3805 939 3868 huic
988 3810 1223 3883 mim0,
1272 3806 1335 3871 id
1382 3821 1632 3871 certum
1677 3807 1858 3871 duco.
1907 3805 2376 3871 Insulsissimus
2419 3808 2613 3872 homo
2653 3812 2917 3870 vocetur

542 3911 829 3975 Herodes
868 3910 1069 3989 Cous,
1110 3934 1223 3997 per
1258 3934 1363 3976 me
1402 3911 1552 3977 licet
1570 3933 1587 3989 ;
1635 3913 1744 3977 sed
1783 3934 1896 3977 cur
1931 3916 2408 3998 impurissimus
2447 3932 2697 3997 quoque
2721 3911 2916 3976 fuisse

542 4018 855 4095 credatur,
904 4040 1093 4084 causa
1132 4020 1307 4085 adest
1354 4018 1553 4085 nulla.

2005 4124 2064 4192 J.
2115 4144 2244 4191 ux
2289 4126 2606 4191 Lunum
2656 4123 2777 4191 JJ.

1522 4344 1942 4357 ——
