3192 5009
577 264 710 332 258
1383 281 1467 332 ns
1512 284 1666 332 mna
1711 284 2164 333 onummmm

573 454 713 515 iure
774 454 1033 515 maioris
1094 453 1353 537 imperii
1398 452 1720 535 prohiberi
1768 456 2008 537 posset)
2056 453 2134 517 ab
2179 454 2366 517 initio
2415 450 2494 516 ad
2539 474 2784 516 annum
2841 450 2959 516 154

575 578 700 642 quo
748 557 874 621 fere
920 555 1052 621 lata
1097 561 1193 621 est
1238 556 1343 622 lex
1393 556 1577 622 Aelia
1624 556 1806 621 Fufia
1822 578 1838 636 3
1891 557 2115 622 deinde
2157 578 2301 622 eam
2340 559 2730 644 prohibitam
2771 557 2962 621 fuisse

575 663 887 748 quamdiu
946 666 1199 749 vigeret
1243 662 1346 727 lex
1398 662 1581 727 Aelia
1628 662 1845 740 Fufia,
1909 665 1952 727 i.
1981 685 2035 727 e.
2085 663 2164 727 ad
2214 685 2455 728 annum
2506 662 2592 726 58
2611 684 2627 741 ;
2695 663 2961 747 denique

574 790 717 835 eam
784 791 1005 833 rursus
1074 769 1344 835 liberam
1414 774 1800 855 (cogentem)
1868 770 2105 833 factam
2167 790 2304 834 esse
2368 790 2519 834 cum
2576 768 2682 833 lex
2745 766 2964 835 Clodia

573 874 939 939 sustulisset
986 875 1238 940 Aeliam
1284 874 1554 940 Fufiam.
1607 875 1748 939 Hoc
1795 878 2004 961 igitur
2049 876 2316 960 probare
2363 875 2652 940 conabor.

663 980 962 1046 Primum
1027 984 1249 1066 paucis
1316 982 1529 1046 verbis
1594 984 1910 1046 rationem
1973 981 2234 1046 reddam
2254 1031 2270 1059 ‚
2340 980 2656 1067 quomodo
2721 980 2960 1045 factum

574 1108 709 1152 esse
755 1088 1041 1164 credam,
1092 1108 1242 1152 cum
1280 1088 1684 1153 obnuntiatio
1725 1110 1761 1152 a
1801 1089 2228 1153 creationibus
2269 1090 2556 1173 patriciis
2581 1087 2958 1153 removenda

574 1214 707 1258 esse
768 1193 1096 1258 videretur
1156 1192 1299 1280 lege
1362 1194 1659 1279 speciali,
1725 1200 1801 1258 ut
1867 1201 2082 1259 tamen
2147 1193 2225 1258 ab
2277 1196 2370 1258 eis
2417 1200 2664 1258 remota
2709 1213 2838 1257 non
2883 1193 2961 1254 sit

570 1302 940 1365 intercessio
960 1349 975 1376 ,
1026 1299 1251 1363 deinde
1298 1307 1373 1363 ut
1415 1306 1551 1364 tam
1599 1300 1712 1363 diu
1760 1299 1865 1379 (ad
1913 1321 1972 1366 a.
2026 1296 2180 1379 154)
2219 1292 2422 1364 libera
2465 1298 2743 1384 relinqui
2786 1302 2960 1383 potu-

572 1407 695 1469 erit
742 1406 1161 1469 obnuntiatio.
1213 1442 1298 1451 —
1343 1404 1830 1470 Intercessiones
1877 1407 2067 1469 initio
2118 1425 2374 1489 prorsus
2417 1403 2651 1469 liberae
2687 1404 2956 1477 fuerunt,

573 1516 637 1575 et
682 1510 760 1574 ad
806 1513 1151 1575 creationes
1196 1514 1705 1597 magistratuum
1728 1510 2178 1595 impediendas
2217 1532 2330 1595 pro
2371 1510 2635 1574 arbitrio
2679 1509 2960 1573 adhiberi

571 1622 917 1702 potuerunt
936 1666 951 1693 ‚
1000 1622 1077 1679 ut
1121 1616 1496 1681 confirmant
1544 1615 1838 1702 exempla
1885 1616 2192 1681 nonnulla
2238 1619 2584 1682 memoriae
2630 1616 2866 1681 tradita
2893 1612 2957 1693 ¹).

572 1722 750 1787 Haec
797 1724 1005 1808 igitur
1049 1742 1237 1787 causa
1282 1723 1476 1787 fuisse
1524 1723 1782 1787 videtur
1828 1744 1942 1786 cur
1986 1722 2217 1809 religio
2266 1724 2700 1807 auspiciorum
2743 1724 2811 1785 in
2849 1720 2957 1784 hac

574 1834 753 1914 parte
797 1830 987 1891 initio
1034 1849 1158 1893 non
1206 1828 1617 1893 adhiberetur
1662 1830 1741 1893 ad
1787 1829 2218 1914 persequenda
2260 1830 2610 1893 certamina
2647 1826 2864 1891 civilia
2899 1831 2958 1889 et

576 1934 790 1997 studia
852 1936 1135 2018 partium
1151 1953 1167 2010 ;
1235 1955 1386 1998 cum
1442 1936 1809 2000 intercessio
1855 1942 2105 2019 praesto
2153 1941 2353 2011 esset,
2403 1954 2590 1998 nemo
2637 1930 2956 2017 indigebat

574 2042 1093 2104 obnuntiationis.
1171 2038 1296 2104 Sed
1363 2040 1704 2125 paullatim
1773 2047 2032 2105 senatus
2102 2042 2483 2105 constrinxit
2544 2044 2609 2105 et
2673 2038 2953 2104 definivit

573 2151 957 2232 potestatem
993 2146 1423 2211 intercedendi
1462 2148 1885 2211 creationibus
1904 2196 1920 2224 ‚
1961 2153 2024 2212 et
2055 2146 2122 2210 id
2147 2146 2408 2231 quidem
2433 2146 2680 2211 duobus
2706 2144 2939 2218 modis;

572 2256 861 2336 primum
908 2258 1163 2317 senatus
1208 2255 1616 2337 impetravit.
1666 2259 1742 2318 ut
1787 2258 1846 2319 ei
1897 2260 2153 2318 tantum
2199 2253 2660 2319 intercederent
2699 2254 2952 2317 creatio-

574 2361 761 2424 nibus
780 2409 793 2435 ,
856 2362 967 2445 qui
1030 2366 1247 2422 certam
1308 2382 1545 2422 causam
1607 2361 2017 2423 intercedendi
2067 2359 2286 2425 afferre
2334 2366 2630 2445 possent,
2685 2359 2950 2443 petitam

574 2487 651 2531 ex
704 2461 844 2550 ip'sa
890 2468 1131 2529 ratione
1178 2447 1589 2531 comitiorum
1636 2472 1700 2531 et
1746 2489 1822 2531 ex
1869 2466 2058 2531 modo
2108 2488 2233 2552 quo
2281 2468 2540 2531 comitia
2587 2464 2821 2529 habere
2867 2464 2950 2525 in-

571 2574 888 2636 stituisset
948 2574 1369 2657 magistratus
1417 2576 1529 2657 qui
1575 2579 1892 2658 praeesset
1909 2594 1925 2649 ;
1977 2572 2201 2637 deinde
2248 2593 2399 2638 vero
2449 2578 2704 2637 senatus
2755 2568 2942 2636 effecit

572 2686 647 2743 ut
708 2681 835 2762 ipsi
894 2676 1116 2743 liceret
1174 2701 1455 2741 summum
1514 2678 1806 2741 iudicium
1851 2681 2038 2765 ferre
2100 2680 2178 2743 de
2228 2682 2436 2743 causis
2482 2674 2938 2751 intercedendi,

570 2791 769 2869 utque
816 2806 942 2849 non
988 2787 1043 2847 is
1090 2783 1302 2848 solum
1350 2786 1460 2869 qui
1506 2788 1782 2849 comitiis
1828 2791 2116 2869 praeerat
2164 2806 2230 2870 se
2269 2786 2584 2850 subiceret
2625 2786 2764 2848 eius
2800 2780 2946 2847 iudi-

568 2893 663 2955 cio
686 2939 701 2967 ‚
768 2892 823 2954 si
886 2894 1140 2956 senatus
1204 2890 1530 2974 probasset
1592 2911 1852 2955 causam
1913 2891 2364 2955 intercedentis
2384 2940 2398 2969 ‚
2464 2890 2574 2955 sed
2639 2892 2838 2954 etiam
2878 2890 2944 2948 ut

570 2997 673 3061 hic
735 2998 1093 3060 remitteret
1163 2998 1680 3061 intercessionem
1754 2999 1808 3061 si
1872 3002 2128 3062 senatus
2178 3018 2319 3062 eam
2361 3000 2603 3061 iustam
2649 3016 2778 3060 non
2821 3010 2940 3057 esse

568 3104 937 3167 censuisset.
1010 3100 1148 3165 Hos
1218 3101 1373 3166 fines
1434 3105 1503 3166 in
1564 3104 1990 3168 creationibus
2051 3124 2088 3167 a
2147 3109 2372 3167 senatu
2436 3105 2773 3187 impositos
2818 3115 2938 3163 esse

570 3207 857 3273 libertati
906 3207 1369 3285 intercedendi,
1435 3215 1698 3294 apparet
1758 3231 1836 3274 ex
1900 3208 2212 3295 exemplis
2274 3211 2620 3274 memoriae
2666 3206 2910 3272 traditis
2925 3221 2940 3277 ;

576 3314 654 3377 ab
690 3316 952 3378 ineunte
992 3314 1241 3378 saeculo
1283 3317 1472 3379 tertio
1511 3315 1640 3380 fere
1678 3318 2156 3381 intercessiones
2193 3316 2405 3381 nullae
2443 3319 2510 3382 in
2537 3312 2940 3381 creationibus

572 3421 775 3485 factae
846 3425 1031 3497 sunt,
1103 3440 1263 3503 quae
1324 3441 1449 3485 non
1510 3424 1867 3487 niterentur
1929 3442 2116 3488 causa
2180 3422 2452 3508 quadam
2516 3421 2596 3487 ad
2640 3424 2940 3487 rationem

573 3528 983 3590 comitiorum
1046 3525 1482 3590 habendorum
1541 3530 1935 3611 pertinente;
1999 3527 2146 3591 inde
2194 3528 2435 3592 factum
2485 3534 2584 3591 est
2631 3533 2707 3591 ut
2751 3530 2938 3591 certae

576 3652 799 3697 causae
845 3631 1275 3695 intercedendi
1320 3652 1571 3716 semper
1616 3633 1694 3697 ab
1743 3634 2108 3698 auctoribus
2154 3635 2388 3698 nostris
2431 3636 2758 3719 potuerint
2797 3626 2942 3694 indi-

574 3739 701 3803 cari
773 3745 836 3803 et
904 3758 941 3801 a
1002 3737 1184 3801 nobis
1248 3741 1495 3823 possint
1558 3741 1856 3824 cognosci
1883 3738 1968 3818 ²);
2035 3744 2362 3824 praeterea
2425 3737 2502 3801 ab
2551 3758 2624 3801 eo
2671 3743 2937 3819 tempore

573 3843 785 3908 nullae
847 3846 1327 3908 intercessiones
1388 3844 1588 3908 factae
1650 3850 1800 3909 sunt
1843 3847 1912 3909 in
1961 3845 2192 3930 quibus
2241 3849 2493 3928 postea,
2541 3865 2693 3908 cum
2741 3842 2812 3906 de
2856 3840 2936 3902 eis

573 3950 1053 4035 disceptavisset
1120 3956 1375 4014 senatus
1394 3998 1410 4028 ,
1477 3956 1698 4015 contra
1758 3953 2208 4015 auctoritatem
2254 3955 2512 4014 senatus
2562 3946 2934 4034 perstiterint

644 4238 697 4300 ι)
733 4237 835 4288 niv.
870 4239 916 4287 4.
940 4238 1069 4290 aaa
1101 4243 1164 4297 (ι
1196 4239 1342 4299 414);
1379 4239 1423 4288 s.
1445 4240 1520 4290 35.
1545 4239 1608 4287 ιο
1638 4240 1699 4301 (a.
1734 4236 2039 4305 svs-371).
2077 4266 2142 4277 —
2176 4238 2232 4303 2)
2264 4233 2928 4301 ofr.1.iv.25.s.⁶<a.212>;

574 4316 707 4371 27.ss
752 4322 817 4384 (a.
856 4320 999 4383 210);
1054 4321 1182 4372 327
1234 4322 1303 4385 (a.
1345 4322 1491 4387 199);
1540 4323 1722 4382 Basa,
1769 4322 1828 4371 de
1871 4338 1966 4387 quo
2011 4323 2114 4372 loco
2147 4322 2234 4372 cfr.
2272 4322 2542 4373 Mommsen
2575 4320 2857 4373 Gustare-obt
2889 4316 2927 4363 l-

573 4418 619 4473 p.
661 4403 757 4452 513
792 4419 837 4453 u.
875 4404 905 4450 Β
940 4402 1005 4467 (a.
1044 4402 1182 4467 184).
2563 4404 2566 4407 ’
