3192 5009
629 203 758 269 192
1484 216 2130 267 ossnnvsrmnoum

714 385 1020 453 Excludit
1079 390 1402 471 praeterea
1464 382 1757 471 Savigny
1813 404 2033 450 omnes
2081 384 2359 449 actiones
2376 430 2393 459 ,
2443 400 2602 469 quae
2651 401 2731 445 61
2781 378 3030 444 delicto

574 520 579 524 ’
622 495 883 559 1661661
901 542 915 565 ,
967 494 1260 579 quamvis
1308 494 1372 556 et
1416 491 1691 555 habeant
1738 489 1997 555 civilem
2031 492 2460 555 intentionem
2497 506 2702 573 neque
2745 486 3034 551 addatur
3165 558 3167 565 Ι

626 622 704 667 61
768 600 889 666 fide
948 600 1128 665 bona.
1195 596 1623 685 Opponuntur
1669 618 1817 663 sane
1863 597 2248 663 condictioni
2295 595 2340 661 1.
2392 593 2434 660 2
2482 596 2518 679 ᾗ
2561 593 2647 659 26
2698 592 2781 658 D.
2836 590 2958 659 47.
2988 591 3028 656 8
3165 580 3172 649 l

626 709 690 771 et
735 707 893 771 furti
936 708 1097 771 actio
1146 706 1211 769 et
1254 704 1419 791 legis
1465 702 1782 789 Aquiliae.
1835 702 2044 784 Quum
2096 703 2254 767 furti
2301 704 2392 767 sic
2437 722 2563 766 non
2607 699 3030 765 intendatur:
3171 723 3173 731 ²

625 814 1028 900 quidquid
1087 813 1270 876 dari
1318 812 1552 898 fieri
1614 818 1964 895 oportet,
2029 809 2142 876 sed
2185 812 2308 874 ita:
2365 831 2515 891 pro
2561 808 2776 893 fure
2821 808 3032 870 dam»

625 941 795 982 num
855 918 1128 982 decidi
1188 924 1591 1000 oportere,
1659 917 1815 1003 quid
1876 920 2122 982 mirum
2169 916 2326 980 furti
2374 917 2691 981 actionem
2739 935 2869 979 non
2923 911 3033 977 ad-

626 1027 951 1090 numerari
1020 1020 1562 1089 condictionibus?
1633 1018 1726 1087 At
1796 1044 1875 1087 61
1945 1021 2092 1109 lege
2161 1020 2424 1107 Aquilia
2500 1041 2754 1106 semper
2833 1020 2880 1083 d
2895 1042 2939 1081 a
2957 1017 3032 1079 ri

627 1137 896 1216 oportet.
960 1129 1200 1195 Tamen
1261 1133 1325 1194 et
1385 1130 1540 1194 11666
1604 1148 1642 1193 6
1687 1128 2080 1209 condictione
2131 1134 2476 1214 separatur.
2543 1125 2661 1192 Est
2709 1126 3032 1192 eiusdem-

628 1235 806 1301 modi
823 1284 841 1313 ,
907 1234 1076 1321 quod
1120 1256 1199 1301 ex
1246 1234 1563 1320 stipulatu
1609 1237 1773 1300 actio
1820 1234 1928 1300 vel
1972 1255 2053 1300 61
2097 1240 2482 1300 testamento
2529 1233 2842 1298 condictio
2895 1252 3028 1295 non

628 1342 865 1409 audiat.
914 1342 1163 1427 Quippe
1209 1340 1375 1407 fallit
1419 1344 1487 1405 in
1533 1341 1916 1427 quibusdam
1962 1340 2266 1407 definitio.

720 1447 817 1514 De
876 1447 1105 1514 latiore
1166 1468 1356 1513 6611611
1417 1447 1810 1513 condictione
1873 1447 2191 1527 vidimus;
2242 1452 2640 1513 transeamus
2685 1448 2899 1533 igitur
2949 1443 3028 1509 ad

628 1556 1014 1619 strictiorem
1078 1560 1473 1639 conceptum.
1539 1551 1716 1619 Haec
1779 1560 1876 1619 est
1936 1555 2103 1619 actio
2121 1601 2138 1631 ,
2204 1572 2330 1638 6116
2389 1551 2782 1617 intendimus
2829 1552 2878 1615 d
2891 1575 2936 1613 a
2951 1548 3027 1611 ri

630 1660 859 1725 nobie
921 1667 1311 1743 oportere.
1382 1657 1590 1746 Supra
1652 1662 1786 1725 iam
1849 1660 2166 1737 (11111666,
2228 1660 2390 1724 11666
2453 1659 2890 1724 definitionem
2957 1658 3024 1719 in

631 1765 968 1831 Pandectis
1013 1787 1142 1830 non
1180 1768 1449 1852 proponi
1464 1815 1481 1844 ,
1524 1764 1637 1832 sed
1675 1767 1950 1833 subesse.
1998 1764 2260 1831 Etenim
2301 1786 2380 1829 61
2400 1764 2627 1831 latiore
2653 1764 3022 1830 definitione

634 1893 832 1958 66666
901 1871 1145 1937 condici
1213 1876 1481 1957 possunt
1540 1892 1641 1937 166
1707 1878 1774 1937 et
1835 1873 2002 1938 facta
2019 1921 2035 1950 ,
2102 1894 2181 1938 61
2242 1874 2558 1937 strictiore
2605 1870 2851 1937 condici
2895 1889 3022 1934 non

634 1983 901 2063 possunt
942 1980 1066 2043 nisi
1110 1997 1231 2042 res.
1280 1977 1355 2042 16
1399 1977 1738 2044 Pandectis
1784 1978 1948 2044 facta
1993 1998 2350 2063 numquam
2397 1977 2838 2055 condicuntur,
2875 1975 3022 2040 sub·

636 2091 735 2149 est
778 2085 983 2170 igitur
1026 2085 1305 2148 strictior
1350 2086 1695 2169 conceptio.
1761 2081 2033 2150 Obiiciat
2079 2088 2222 2171 quis
2269 2084 2513 2150 condici
2559 2104 2780 2170 operas
2799 2131 2816 2161 ,
2867 2080 3022 2147 obli-

636 2190 927 2276 gationes
943 2236 960 2266 ,
1025 2190 1369 2254 servitutes
1387 2238 1403 2267 ,
1467 2191 1947 2274 possessionem.
2014 2191 2102 2255 At
2165 2210 2390 2276 operae
2431 2192 2571 2255 1166
2618 2210 2838 2255 1611161
2883 2188 3020 2252 fun·

636 2300 883 2384 guntur
941 2299 1006 2360 et
1068 2294 1204 2359 dari
1267 2295 1600 2373 dicuntur;
1667 2295 2086 2383 obligationes
2133 2302 2198 2361 61
2248 2298 2590 2362 servitutes
2636 2298 2779 2361 iura
2829 2300 3012 2369 sunt,

635 2401 702 2465 id
760 2407 858 2466 est
920 2420 1019 2465 res
1078 2400 1522 2487 incorporales.
1586 2398 1660 2466 Si
1706 2404 1848 2488 quis
1894 2403 2101 2489 igitur
2148 2401 2636 2487 stipulationem
2681 2406 3015 2487 acceptum

637 2507 825 2572 faciat
841 2554 858 2583 ,
906 2527 1031 2571 non
1077 2504 1323 2572 factum
1366 2511 1646 2592 praestat
1690 2506 1801 2572 sed
1848 2528 1986 2572 rem
2003 2555 2020 2586 ,
2072 2506 2181 2573 dat
2223 2510 2396 2573 enim
2433 2510 2644 2593 ipsam
2681 2506 3010 2594 obligatio-

636 2634 806 2677 nem.
854 2610 1258 2677 Tantundem
1305 2611 1443 2677 dico
1490 2612 1566 2677 de
1606 2615 2033 2698 possessione3
2075 2617 2384 2699 tueorque
2427 2634 2500 2679 66
2539 2612 2711 2699 666(1
2751 2614 2846 2677 161
2880 2631 3016 2697 pos-

637 2720 982 2784 sessionem
1028 2720 1221 2783 sicuti
1266 2724 1434 2784 recte
1484 2721 1762 2785 emimus
1779 2767 1796 2797 ,
1845 2722 1939 2785 ita
1983 2726 2152 2785 recte
2201 2720 2339 2785 dari
2385 2718 2777 2805 stipulamur
2820 2716 2892 2798 (1.
2933 2714 3014 2781 28

639 2824 719 2891 D.
772 2823 983 2902 41.2;
1032 2822 1079 2889 1.
1130 2822 1215 2889 34
1264 2822 1368 2910 §4
1414 2824 1490 2890 D.
1547 2824 1652 2891 18.
1683 2825 1769 2907 1).
1831 2825 1951 2891 Est
2011 2828 2220 2912 igitur
2278 2828 2586 2912 possessio
2647 2846 2871 2891 rerum
2921 2826 3014 2888 in-

637 2928 1062 3016 corporalium
1106 2933 1247 2996 iure
1294 2931 1602 2997 censenda
1647 2937 1711 2998 et
1757 2934 1993 3018 poterit
2034 2932 2299 2999 condici.
2346 2931 2598 2998 Dantur
2636 2938 2858 2996 autem
2892 2950 3016 2995 non

638 3041 895 3102 tantum
948 3040 1155 3102 certae
1202 3056 1303 3101 res
1349 3036 1456 3101 161
1502 3058 1795 3103 66161666
1844 3037 1954 3104 66(1
1998 3043 2064 3103 61
2108 3040 2387 3103 16661166
2435 3039 2826 3123 quantitates
2843 3084 2862 3113 ,
2905 3039 3018 3101 ita-

638 3164 761 3229 que
822 3142 1132 3207 condictio
1194 3162 1445 3227 quoque
1506 3145 1576 3207 in
1622 3144 1740 3208 hac
1785 3145 1994 3230 specie
2041 3150 2241 3229 patet.
2304 3142 2698 3230 Exemplum
2740 3142 3016 3208 adferam

643 3270 722 3314 61
772 3245 953 3315 Celso
1000 3246 1072 3327 (1.
1123 3246 1209 3313 26
1258 3247 1405 3332 §12
1449 3248 1529 3313 D.
1583 3248 1689 3314 12.
1719 3248 1820 3329 6):

912 3353 1197 3417 hominem
1280 3352 1608 3417 indebitum
1690 3353 1884 3435 (deda)
1957 3360 2016 3417 et
2081 3355 2237 3419 hunc
2301 3354 2434 3419 cim
2486 3356 2733 3441 fraude
2799 3354 3016 3419 modico

916 3458 1296 3524 discraoeisti:
1340 3482 1545 3541 nempe
1588 3460 1699 3523 hoc
1731 3460 1920 3525 eobwm
1957 3461 2285 3546 reflmderc
2321 3462 2490 3525 debes
2527 3463 2685 3547 quod
2721 3484 2796 3525 ex
2822 3460 3016 3546 pretio

914 3565 1111 3630 habes.

735 3672 1152 3738 strictissimo
1218 3692 1405 3736 sensu
1470 3671 1784 3737 condictio
1848 3673 2101 3751 dicitur,
2165 3694 2292 3759 qua
2347 3673 2744 3739 intendimus
2789 3678 3020 3740 certam

646 3782 984 3866 pecuniam
1032 3784 1350 3843 certamve
1400 3800 1537 3843 rem
1582 3778 1720 3844 dari
1762 3780 1944 3844 nobis
1991 3786 2298 3866 oportere.
2345 3779 2528 3846 Hanc
2565 3780 3022 3846 condictionem

648 3887 957 3972 cogitavit
1018 3882 1331 3969 Ulpianus
1396 3886 1463 3948 in
1508 3887 1964 3951 commentario
2013 3886 2088 3950 de
2136 3885 2527 3951 condictione
2544 3934 2560 3963 ,
2610 3907 2806 3971 quem
2846 3885 3020 3951 libris

648 3992 728 4057 ad
772 3990 1076 4055 Edictum
1122 3991 1395 4055 inseruit
1428 3988 1496 4070 ¹).
1545 3990 1764 4057 Aliam
1810 4013 1935 4057 666
1983 3994 2355 4080 cog-novisse
2401 3992 2658 4058 videtur
2705 3992 3018 4068 Iulianus,

664 4158 839 4166 ——--
929 4155 1049 4162 -ι

717 4248 774 4316 1)
823 4248 973 4298 Mitto
1016 4246 1067 4297 id
1114 4249 1240 4313 qnod
1286 4262 1343 4299 61
1376 4248 1514 4300 Celso
1548 4249 1604 4310 (l.
1639 4251 1705 4301 26
1739 4250 1844 4313 512
1879 4252 1939 4302 D.
1978 4251 2061 4305 12.
2077 4251 2133 4318 6)
2166 4252 2226 4302 ad
2261 4250 2597 4303 illustrandam
2631 4266 2888 4319 operarum
2918 4266 3020 4301 con·

651 4331 907 4381 dictionem
942 4331 1175 4382 adfertur.
