3192 5009
1356 308 1736 359 sorfloomrs.
2597 286 2729 352 229

346 478 749 541 enarraverit.
803 476 983 556 Quod
1030 480 1085 541 si
1133 476 1379 541 factum
1426 484 1624 552 esset,
1677 498 1804 541 vox
1845 474 1960 540 illa
2001 472 2040 537 ὦ
2082 482 2237 551 παῖ,
2278 495 2470 560 quam
2495 473 2725 537 chorus

346 582 446 645 bis
507 585 689 659 iacit,
762 604 797 648 a
858 584 1317 667 spectatoribus
1380 582 1457 647 ad
1522 580 1898 659 Creontem,
1947 584 2186 667 opinor,
2235 602 2360 646 non
2405 583 2542 645 sine
2589 581 2724 643 risu

346 687 550 753 relata
600 696 784 755 esset.

438 793 658 879 Itaque
722 795 832 859 diu
888 802 984 860 est
1032 816 1111 860 ex
1157 817 1281 881 quo
1329 795 1493 860 mihi
1541 798 1859 881 persuasi,
1907 794 2026 859 hoc
2071 796 2376 858 stasimon
2421 792 2560 858 loeo
2607 813 2723 856 suo

344 908 601 965 motum
675 921 841 977 esso;
922 902 1170 966 dudum
1248 922 1497 987 quoque
1578 920 1838 965 causam
1905 900 2050 965 inde
2121 901 2485 985 repetebam
2557 899 2725 983 quod

340 1008 667 1093 integram
730 1010 1033 1094 paginam
1096 1009 1427 1093 archetypi
1493 1008 1610 1071 hoc
1681 1010 2002 1071 canticum
2021 1055 2036 1084 ,
2111 1006 2282 1091 quod
2349 1004 2557 1069 XLIV
2629 1011 2725 1070 est

344 1132 687 1189 versuum,
757 1112 1145 1197 impleverit.
1219 1114 1314 1178 En
1386 1135 1571 1189 ver0,
1647 1113 1802 1177 dum
1872 1113 2152 1178 codicem
2219 1112 2724 1177 Laurentianum

342 1217 605 1305 perlego
624 1268 639 1295 ,
702 1240 938 1305 magno
1004 1241 1152 1284 cum
1214 1220 1452 1305 gaudio
1514 1220 1650 1285 vidi
1714 1240 1855 1284 eam
1918 1223 2127 1304 ipsam
2173 1220 2444 1284 formam
2465 1266 2480 1295 ‚
2533 1237 2726 1303 quam

341 1324 676 1409 archetypi
740 1325 937 1390 fuisse
998 1327 1264 1391 antehac
1332 1326 1760 1391 demonstrare
1809 1325 2031 1389 studui
2075 1328 2144 1389 in
2191 1327 2722 1389 commentatione

340 1430 423 1494 de
462 1429 674 1495 fabula
714 1432 905 1497 Aiace
923 1481 938 1508 ‚
980 1452 1199 1496 revera
1237 1453 1371 1497 esse
1408 1432 1604 1496 buius
1645 1434 1914 1518 paginae
1952 1434 2152 1497 nostri
2183 1431 2434 1496 codicis.
2477 1430 2722 1516 Nempe

332 1538 699 1623 Antigonae
743 1538 995 1603 fabulae
1042 1542 1110 1603 in
1156 1542 1383 1604 ceteris
1428 1539 1659 1604 codicis
1706 1542 1957 1625 paginis
2004 1541 2340 1623 perscripti
2388 1544 2540 1602 sunt
2587 1559 2722 1604 ver-

328 1666 449 1709 sus
497 1642 602 1720 43,
630 1642 738 1721 45,
769 1644 875 1721 46,
904 1643 1010 1721 47,
1041 1645 1147 1723 48,
1174 1644 1283 1709 sed
1330 1648 1397 1708 in
1443 1644 1597 1709 folio
1647 1643 1761 1708 60¹·
1799 1651 2018 1710 extant
2058 1665 2280 1709 versus
2305 1644 2723 1729 quadraginta

328 1756 629 1835 quatuor,
671 1755 736 1813 et
774 1750 928 1814 haec
967 1753 1201 1836 pagiua
1238 1753 1561 1814 canticum
1584 1758 1876 1814 nostrum
1902 1753 2232 1837 integrum
2257 1750 2723 1836 complectitur.

432 1854 657 1940 Itaque
702 1877 871 1921 nunc
920 1859 1075 1920 satis
1121 1864 1369 1921 certum
1408 1857 1567 1921 duco
1610 1859 1808 1923 etiam
1845 1855 2260 1921 Laurentiani
2297 1858 2723 1942 archetypum

330 1960 527 2025 hodie
596 1962 1000 2046 deperditum
1068 1966 1134 2026 in
1206 1984 1335 2027 una
1402 1962 1616 2047 aliqua
1684 1966 1921 2050 pagina
1984 1970 2195 2027 totum
2256 1963 2374 2027 hoc
2419 1966 2726 2027 stasimon

342 2066 645 2132 habuisse
675 2076 1041 2145 exaratum,·
1071 2069 1465 2134 haec'autem
1492 2072 1728 2154 pagina
1751 2070 1818 2132 in
1843 2067 2124 2133 alienum
2145 2068 2362 2134 locum
2386 2070 2724 2133 aberravit.

1021 2318 1121 2381 An
1170 2320 1546 2384 Ammonia
1592 2334 1692 2383 vs.
1743 2316 1874 2383 904
1916 2334 2047 2395 sco.

612 2517 809 2581 καίτοι
857 2516 917 2581 α’
969 2517 1090 2591 ἐγὼ
1138 2518 1408 2589 ἐτίμησα
1454 2526 1581 2585 τοῖς
1633 2523 1947 2595 Φρονοῦσιν
1996 2515 2083 2583 εὖ.

610 2625 675 2687 οὗ
725 2623 850 2700 γάρ
901 2626 1039 2687 ποτ’
1087 2623 1214 2687 οὔτ’
1262 2620 1358 2700 ἄν,
1409 2624 1461 2687 εἷ
1513 2625 1732 2687 τέκνων
1780 2625 1978 2702 μήτηρ
2028 2624 2204 2702 ἔφυν,
2627 2620 2724 2688 9‘05

610 2729 737 2793 οὔτ’
788 2731 838 2792 εἰ
894 2729 1065 2799 πόσις
1117 2755 1215 2805 μοι
1268 2734 1581 2794 κατθανὼν
1633 2732 1918 2805 ἐτήκετο,

610 2836 729 2917 βίᾳ
777 2840 1039 2898 πολιτῶν
1089 2835 1246 2898 τόνδ’
1294 2836 1368 2899 ἂν
1422 2835 1647 2914 ἠρόμην
1696 2837 1892 2901 πόνον.

610 2944 763 3013 τίνος
818 2943 997 3015 νόμον
1048 2941 1117 3013 δὴ
1167 2946 1375 3004 ταῦτα
1428 2942 1569 3019 πρὸς
1621 2946 1804 3021 χάριν
1855 2945 2057 3020 asyam

610 3046 785 3117 πόσις
832 3052 945 3122 μὲν
990 3046 1067 3110 ἄν
1116 3071 1215 3117 μοι
1266 3047 1666 3118 κατθανόντος
1695 3048 1888 3117 ἄλλος
1939 3044 2028 3126 ἦν,

610 3152 715 3216 καὶ
766 3161 917 3223 παῖς
966 3155 1078 3216 ἀπ’
1126 3151 1324 3216 ἄλλον
1364 3153 1606 3231 φωτός,
1655 3154 1705 3217 εἰ
1753 3154 1920 3219 τοῦδ’
1966 3155 2330 3229 ἤμπλακον·
2623 3168 2722 3216 910

607 3262 830 3338 μητρὸς
883 3259 936 3322 δ’
990 3260 1049 3321 ἐν
1093 3255 1305 3324 Ἀιὸου
1377 3262 1477 3323 καὶ
1531 3262 1758 3339 πατρὸς
1817 3260 2208 3339 κεκευθότοιν,

605 3368 711 3431 οὐκ
759 3365 889 3429 ἔστ’
941 3365 1216 3447 ἀδελφὸς
1266 3362 1430 3436 ὅστις
1486 3370 1561 3430 ἄν
1613 3367 1883 3443 βλάστοι
1933 3370 2106 3433 ποτέ.

426 3585 523 3650 De
584 3583 723 3649 loco
772 3584 1014 3650 famoso
1060 3606 1263 3671 pauca
1307 3588 1766 3653 observaturus
1813 3588 1998 3653 aliter
2045 3587 2414 3673 disputandi
2458 3592 2722 3655 initium

334 3690 565 3755 faciam
636 3710 832 3775 quam
896 3690 1035 3755 fieri
1097 3691 1276 3758 solet.
1346 3693 1644 3778 Plerique
1707 3696 1882 3758 enim
1945 3697 2184 3772 critici,
2247 3698 2316 3759 in
2375 3695 2476 3761 his
2524 3700 2721 3762 etiam

334 3800 695 3862 caut-issimi
756 3802 821 3862 et
886 3804 1101 3862 textus
1164 3800 1384 3863 traditi
1450 3802 1874 3877 tenacissimi,
1939 3802 2274 3867 concedere
2335 3802 2539 3867 solent
2585 3808 2721 3869 tam

332 3907 585 3989 ineptos
635 3925 768 3968 esse
818 3924 1038 3969 versus
1089 3926 1249 3989 quos
1296 3908 1569 3991 excripsi
1611 3914 1685 3970 ut
1726 3915 1948 3992 poetae
1989 3909 2187 3972 tribui
2227 3916 2573 3994 nequeant;
2601 3930 2721 3996 ego

332 4020 551 4075 contra
613 4010 921 4073 contendo
985 4009 1147 4075 hanc
1208 4013 1418 4094 ipsam
1478 4012 1555 4075 ob
1603 4032 1898 4088 causam,
1947 4012 2116 4098 quod
2163 4019 2291 4077 sint
2335 4016 2724 4101 ineptissimi

332 4124 399 4180 et
438 4134 587 4179 vere
629 4115 920 4191 absurdi,
962 4114 1233 4179 dubium
1275 4118 1439 4181 mihi
1478 4138 1602 4181 non
1641 4117 1847 4182 videri
1869 4122 2026 4202 quin
2049 4118 2426 4205 Sophoclem
2451 4120 2724 4186 habeant

332 4229 681 4286 auctorem.
730 4225 903 4288 Τίνος
958 4222 1139 4296 νόμον
1190 4222 1257 4293 δὴ
1308 4228 1518 4284 ταῦτα
1571 4222 1714 4299 πρὸς
1761 4227 1950 4303 χάριν
1991 4224 2192 4303 λέγω
2239 4264 2324 4275 -—
2367 4228 2725 4314 Argumen-

331 4329 493 4391 tatio
553 4347 699 4391 mea
758 4326 912 4391 haec
978 4333 1092 4391 est.
1156 4328 1531 4394 Aristoteles
1593 4328 1810 4409 (Rhet.
1861 4328 1955 4393 ΙΙΙ
2012 4329 2121 4411 16)
2168 4330 2382 4395 locum
2429 4342 2722 4398 nostrum

330 4434 513 4498 novit
538 4438 601 4499 et
627 4452 739 4517 pro
763 4436 1046 4519 genuino
1072 4432 1331 4512 habuit;
1376 4456 1570 4523 quem
1595 4438 1650 4501 si
1677 4438 1970 4520 spurium
2001 4434 2321 4514 duxisset,
2350 4438 2719 4525 exemplum
