3192 5009
928 293 1012 339 m:
1056 289 1678 339 mausumnomus
1724 289 2024 339 nomme.
2530 270 2660 338 425

289 457 457 544 quod
502 457 701 523 facere
749 480 872 523 non
911 462 1159 543 posset,
1202 436 1325 522 nisi
1368 460 1507 543 ipse
1553 477 1804 542 quoque
1849 450 2112 521 reiceret
2157 457 2432 541 priorem
2478 453 2663 520 illam

287 567 880 650 interpretationem
928 566 1276 630 sententiae
1326 563 1639 629 Labeonis
1687 584 1724 628 a
1787 560 1996 628 Gellio
2057 566 2364 628 servatae.
2423 559 2664 647 Utique

290 676 554 757 apparet
569 721 587 749 ,
638 675 931 737 omnium
968 691 1275 737 consensu
1315 691 1536 736 veram
1575 691 1710 736 esse
1749 670 2016 736 alteram
2050 671 2662 755 interpretationem.

290 777 499 843 Labeo
562 780 722 858 (sive
784 780 921 843 eius
981 778 1175 843 verba
1234 777 1314 843 ad
1375 776 1664 842 litteram
1725 797 1762 841 a
1819 772 2028 843 Gellio
2075 774 2272 842 relata
2317 775 2626 840 habemus
2644 822 2661 852 ,

290 886 426 949 sive
483 903 559 948 ea
616 886 685 948 in
746 905 981 949 novam
1046 882 1547 969 deterioremque
1611 883 1884 948 formam
1949 882 2196 969 redegit
2258 878 2534 962 Gellius)
2597 885 2664 946 in

290 974 418 1055 hac⁸
478 992 788 1055 sententia
849 990 1054 1056 dicere
1115 989 1352 1068 voluit,
1417 988 1623 1056 calata
1683 991 1944 1055 comitia
1999 989 2194 1054 fuisse
2254 1009 2287 1052 c
2305 1009 2350 1052 u
2366 1009 2436 1053 m
2495 987 2572 1052 al
2587 991 2612 1052 i
2627 1007 2666 1052 a

291 1103 593 1183 (quorum
654 1102 720 1163 et
778 1099 914 1183 ipse
976 1097 1237 1162 fortasse
1298 1095 1606 1162 nonnulla
1664 1099 1733 1160 in
1794 1097 2107 1182 proximis
2155 1097 2484 1160 sententiis
2531 1097 2664 1160 suis

242 1229 245 1234 ·
290 1201 603 1268 allaturus
664 1209 831 1280 erat,
897 1208 963 1268 et
1020 1223 1134 1268 nos
1196 1205 1580 1268 nominatim
1645 1201 1860 1268 afferre
1907 1222 2246 1288 possumus
2293 1203 2552 1266 comitia
2597 1203 2664 1264 in

287 1309 519 1394 quibus
559 1314 941 1374 testamenta
987 1310 1219 1376 fiebant
1238 1359 1253 1388 ,
1302 1316 1367 1374 et
1415 1311 1678 1375 comitia
1721 1312 1791 1374 in
1837 1309 2069 1395 quibus
2117 1307 2350 1373 fiebant
2398 1307 2665 1373 detesta-

284 1417 489 1480 tiones
537 1435 859 1480 sacrorum
878 1464 894 1492 ,
944 1436 1217 1500 quorum
1261 1437 1411 1481 vero
1452 1417 1649 1482 etiam
1689 1413 1898 1480 multa
1938 1413 2062 1480 alia
2102 1414 2364 1480 fortasse
2405 1414 2663 1479 fuerunt

284 1541 445 1607 quae
506 1521 665 1586 forte
727 1521 982 1586 fortuna
1044 1542 1081 1585 a
1140 1520 1320 1586 nullo
1386 1523 1693 1607 scriptore
1739 1521 1920 1586 nobis
1967 1525 2217 1586 servato
2266 1519 2343 1584 ad
2391 1540 2465 1585 ea
2510 1519 2664 1585 refe-

150 1673 163 1684 ·
282 1632 561 1708 runtur),
624 1634 793 1692 tum
859 1649 1052 1693 vero
1115 1635 1292 1709 (nam
1352 1628 1506 1694 haec
1553 1626 1692 1693 sola
1739 1626 2018 1713 exempli
2061 1629 2273 1714 gratia
2318 1627 2396 1692 ab
2439 1646 2512 1691 eo
2560 1647 2666 1692 no-

280 1737 613 1799 minantur
656 1737 724 1798 in
770 1734 889 1800 hac
936 1737 1147 1820 priore
1188 1737 1527 1814 sententia)
1566 1737 1828 1800 comitia
1867 1735 2097 1821 quibus
2137 1755 2250 1820 pro
2285 1733 2661 1819 pontificum

283 1840 556 1928 collegio
614 1844 1155 1927 inaugurarentur
1214 1863 1326 1906 rex
1390 1847 1453 1906 et
1500 1840 1818 1918 flamines;
1869 1843 2086 1926 itaque
2134 1861 2283 1906 cum
2329 1845 2658 1926 pergeret:

289 1958 531 2025 „eorum
574 1955 767 2010 autem
816 1947 947 2009 abia
984 1969 1105 2011 esse
1144 1948 1379 2011 curiata
1398 1997 1414 2025 ,
1454 1947 1586 2010 abia
1624 1945 2026 2023 centuriaba'’,
2053 1944 2442 2010 vocabulum
2467 1967 2662 2008 eorum

282 2075 411 2136 non
472 2054 691 2118 referri
748 2052 957 2118 voluit
1003 2052 1081 2118 ad
1129 2055 1391 2118 comitia
1435 2051 1866 2140 inaugurandi
1915 2071 2103 2118 causa
2145 2051 2364 2117 habita
2409 2051 2624 2117 solum
2642 2099 2658 2129 ,

285 2159 396 2224 sed
460 2162 717 2225 omnino
775 2160 854 2225 ad
915 2161 1175 2224 comitia
1221 2158 1440 2224 calata.
1492 2160 1694 2243 Atqui
1740 2158 1893 2223 haec
1938 2160 2380 2242 interpretatio
2401 2206 2416 2235 ,
2467 2177 2661 2243 quam

282 2267 565 2350 accipere
635 2265 936 2330 debemus
1006 2267 1131 2330 nisi
1195 2265 1445 2330 credere
1506 2263 1810 2329 volumus
1871 2263 2239 2328 Labeonem.
2290 2265 2660 2349 turpissime

284 2373 591 2436 erravisse
610 2420 626 2448 ,
673 2371 957 2456 postulat
1003 2379 1077 2436 ut
1124 2391 1545 2458 agnoscamus
1592 2368 1760 2435 nihil
1808 2391 2032 2435 eorum
2081 2389 2242 2455 quae
2289 2369 2479 2435 modo
2525 2369 2661 2434 dixi

280 2498 397 2562 pro
468 2482 637 2542 certo
700 2471 778 2542 ex
839 2479 957 2542 hac
1017 2479 1225 2562 prima
1270 2478 1583 2542 sententia
1629 2475 1938 2542 Labeonis
1981 2497 2165 2562 posse
2211 2475 2390 2541 effici.
2462 2474 2658 2541 Haud

282 2581 570 2647 multum
629 2584 697 2646 in
758 2602 833 2647 ea
892 2604 1005 2648 nos
1052 2583 1235 2648 docet
1282 2583 1490 2648 Labeo
1539 2582 1616 2647 de
1664 2582 1943 2646 comitiis
1976 2580 2232 2659 calatis.
2283 2580 2521 2661 Quodsi
2567 2603 2658 2646 ar-

281 2690 611 2776 gumentis
680 2687 933 2753 aliunde
995 2691 1217 2773 petitis
1280 2710 1353 2754 eo
1416 2688 1820 2766 deducemur,
1886 2686 2106 2753 licebit
2165 2689 2346 2753 nobis
2408 2688 2657 2754 credere

282 2795 462 2860 salva
525 2797 901 2872 auctoritate
963 2795 1273 2860 Labeonis
1339 2796 1405 2860 1⁰
1451 2793 1578 2860 alia
1624 2794 1935 2881 quaedam
1981 2797 2273 2872 comitia,
2323 2815 2485 2880 quae
2531 2816 2656 2860 non

280 2924 397 2988 pro
457 2899 726 2988 collegio
789 2901 1165 2986 pontificum
1224 2901 1333 2967 sed
1378 2923 1416 2966 a
1462 2900 1949 2988 magistratibus
1995 2901 2394 2979 haberentur,
2442 2906 2655 2968 tamen

280 3008 477 3072 fuisse
524 3005 727 3072 calata
741 3028 757 3084 ;
811 3006 883 3071 2⁰
930 3029 1008 3072 ex
1055 3010 1332 3073 comitiis
1380 3028 1539 3093 quae
1586 3027 1702 3094 pro
1752 3005 2022 3094 collegio
2062 3007 2434 3092 pontificum
2472 3009 2658 3073 habe-

279 3121 502 3179 rentur
569 3112 695 3178 alia
763 3114 958 3179 fuisse
1031 3113 1268 3191 calata,
1342 3113 1468 3178 alia
1526 3136 1653 3178 non
1717 3113 1950 3191 fuisse;
2017 3112 2088 3177 3⁰
2132 3116 2392 3179 comitia
2452 3113 2658 3180 calata

279 3221 615 3286 centuriata
661 3223 1041 3306 pertinuisse
1088 3220 1167 3284 ad
1215 3242 1311 3286 res
1362 3221 1439 3286 ab
1485 3222 2088 3306 inaugurationibus
2122 3219 2314 3307 longe
2353 3221 2653 3300 diversas,

279 3331 433 3413 quin
494 3330 692 3392 etiam
754 3348 791 3392 a
850 3326 1255 3413 pontificibus
1319 3327 1574 3394 alienas,
1638 3364 1722 3374 —-
1785 3327 2142 3413 Repudiato
2207 3329 2412 3413 igitur
2472 3350 2658 3416 argu-

280 3441 497 3498 mento
547 3433 716 3518 quod
764 3455 799 3498 e
847 3434 1055 3499 verbis
1105 3434 1413 3499 Labeonis
1464 3435 1764 3510 sumitur,
1812 3454 1937 3498 non
1983 3432 2127 3518 plus
2172 3433 2449 3499 tribuere
2487 3441 2657 3519 pote-

277 3543 481 3604 rimus
542 3538 727 3604 alteri
789 3545 1169 3626 argumento
1189 3589 1205 3617 ,
1270 3540 1504 3603 calatus
1564 3539 1920 3626 significare
1971 3539 2354 3621 pontificalis
2371 3587 2388 3616 ,
2452 3545 2517 3604 et
2577 3541 2655 3605 ob

280 3667 422 3711 eam
482 3665 741 3710 causam
786 3648 1000 3710 omnia
1044 3648 1306 3710 comitia
1352 3644 1558 3711 calata
1604 3646 1894 3710 habenda
1943 3667 2077 3710 esse
2125 3667 2236 3730 pro
2284 3645 2656 3731 pontificali-

279 3753 398 3818 bus
447 3757 645 3836 (supr.
694 3771 841 3838 pag.
881 3750 1010 3815 424
1052 3751 1192 3815 adn.
1228 3750 1285 3828 1,
1327 3752 1436 3816 cfr.
1476 3772 1625 3838 pag.
1655 3752 1782 3817 421
1826 3752 1966 3816 adn.
2002 3751 2132 3833 11).
2182 3753 2351 3817 Nam
2399 3755 2654 3818 etiamsi

279 3861 421 3943 quis
482 3856 846 3922 concederet
864 3906 879 3932 ,
938 3855 1215 3922 radicem
1259 3857 1437 3922 verbi
1482 3858 1686 3921 calare
1732 3863 2059 3923 servatum
2105 3879 2238 3922 esse
2286 3860 2357 3921 in
2405 3858 2653 3924 duobus

279 3962 605 4030 vocabulis
643 3963 917 4042 (calator,
960 3970 1023 4027 et
1062 3963 1235 4026 curia
1274 3963 1543 4044 calabra)
1583 3985 1744 4048 quae
1783 3964 1865 4029 ad
1889 3963 2240 4029 sacerdotes
2263 3967 2654 4048 pertinerent

282 4077 699 4155 (quamquam
756 4067 1058 4133 vocabuli
1119 4069 1350 4132 calator
1411 4071 1608 4134 etiam
1657 4076 1753 4134 est
1798 4090 1954 4134 usus
2001 4072 2291 4155 privatus
2338 4072 2491 4134 satis
2539 4070 2655 4136 fre-

281 4197 478 4261 quens
539 4175 707 4260 apud
761 4177 1149 4260 antiquiores
1196 4181 1481 4240 auctores
1501 4225 1517 4252 ,
1568 4180 1633 4240 et
1680 4174 1756 4240 de
1803 4177 1980 4240 curia
2024 4174 2271 4240 calabra
2318 4175 2445 4239 fere
2491 4157 2656 4239 nihil

282 4282 459 4347 nobis
520 4287 749 4345 notum
813 4287 955 4358 est),
1022 4287 1239 4346 tamen
1301 4281 1650 4346 tenendum
1713 4284 1773 4346 ei
1819 4287 2019 4358 esset,
2068 4280 2137 4344 id
2181 4301 2329 4346 casu
2381 4280 2655 4366 quodam

282 4387 523 4452 factum
566 4407 701 4452 esse
720 4435 736 4464 ,
785 4392 849 4450 et
894 4392 1215 4472 praeterea
1259 4389 1456 4451 etiam
1502 4387 1672 4453 hunc
1717 4387 1995 4452 radicem
2042 4393 2367 4452 servatum
2412 4407 2546 4454 esse
2585 4390 2654 4455 in
