<?xml version="1.0" encoding="UTF-8"?>
<!DOCTYPE html PUBLIC "-//W3C//DTD XHTML 1.0 Transitional//EN"
    "http://www.w3.org/TR/xhtml1/DTD/xhtml1-transitional.dtd">
<html xmlns="http://www.w3.org/1999/xhtml" xml:lang="en" lang="en">
 <head>
  <title>
</title>
<meta http-equiv="Content-Type" content="text/html;charset=utf-8" />
  <meta name='ocr-system' content='tesseract 3.04.00' />
  <meta name='ocr-capabilities' content='ocr_page ocr_carea ocr_par ocr_line ocrx_word'/>
</head>
<body>
  <div class='ocr_page' id='page_1' title='image "./mnemosyne07servgoog_0442.png"; bbox 0 0 3192 5009; ppageno 0'>
   <div class='ocr_carea' id='block_1_1' title="bbox 457 251 2198 322">
    <p class='ocr_par' dir='ltr' id='par_1_1' title="bbox 457 251 2198 322">
     <span class='ocr_line' id='line_1_1' title="bbox 457 251 2198 322; baseline 0.001 -5"><span class='ocrx_word' id='word_1_1' title='bbox 457 251 589 318; x_wconf 86' lang='lat'>434</span> <span class='ocrx_word' id='word_1_2' title='bbox 1101 271 1188 318; x_wconf 78' lang='grc'><strong>1111</strong></span> <span class='ocrx_word' id='word_1_3' title='bbox 1230 269 1852 320; x_wconf 61' lang='grc'><strong>8110888111081808</strong></span> <span class='ocrx_word' id='word_1_4' title='bbox 1895 271 2198 322; x_wconf 69' lang='lat' dir='ltr'>nonme.</span> 
     </span>
    </p>
   </div>
   <div class='ocr_carea' id='block_1_2' title="bbox 447 435 2846 2648">
    <p class='ocr_par' dir='ltr' id='par_1_2' title="bbox 447 435 2846 2648">
     <span class='ocr_line' id='line_1_2' title="bbox 454 435 2845 525; baseline 0.003 -24"><span class='ocrx_word' id='word_1_5' title='bbox 454 439 707 502; x_wconf 90' lang='lat' dir='ltr'>moenia</span> <span class='ocrx_word' id='word_1_6' title='bbox 749 439 945 502; x_wconf 90' lang='lat' dir='ltr'>etiam</span> <span class='ocrx_word' id='word_1_7' title='bbox 992 435 1427 503; x_wconf 85' lang='lat' dir='ltr'>dimitteretur</span> <span class='ocrx_word' id='word_1_8' title='bbox 1442 485 1459 514; x_wconf 91' lang='lat'><strong><em>,</em></strong></span> <span class='ocrx_word' id='word_1_9' title='bbox 1508 443 1585 502; x_wconf 92' lang='lat' dir='ltr'>ut</span> <span class='ocrx_word' id='word_1_10' title='bbox 1627 436 1910 524; x_wconf 82' lang='lat' dir='ltr'>reliquae</span> <span class='ocrx_word' id='word_1_11' title='bbox 1957 437 2270 504; x_wconf 87' lang='lat' dir='ltr'>formulae</span> <span class='ocrx_word' id='word_1_12' title='bbox 2287 487 2302 517; x_wconf 85' lang='lat'><strong><em>,</em></strong></span> <span class='ocrx_word' id='word_1_13' title='bbox 2357 439 2589 525; x_wconf 88' lang='lat' dir='ltr'>quibus</span> <span class='ocrx_word' id='word_1_14' title='bbox 2630 461 2845 507; x_wconf 81' lang='lat' dir='ltr'>accen·</span> 
     </span>
     <span class='ocr_line' id='line_1_3' title="bbox 456 542 2844 633; baseline 0.001 -25"><span class='ocrx_word' id='word_1_15' title='bbox 456 564 563 608; x_wconf 88' lang='lat' dir='ltr'>sus</span> <span class='ocrx_word' id='word_1_16' title='bbox 612 545 899 629; x_wconf 87' lang='lat' dir='ltr'>primum</span> <span class='ocrx_word' id='word_1_17' title='bbox 945 545 1013 607; x_wconf 91' lang='lat' dir='ltr'>in</span> <span class='ocrx_word' id='word_1_18' title='bbox 1062 545 1315 608; x_wconf 88' lang='lat' dir='ltr'>moenia</span> <span class='ocrx_word' id='word_1_19' title='bbox 1358 542 1640 621; x_wconf 85' lang='lat' dir='ltr'>dimitti,</span> <span class='ocrx_word' id='word_1_20' title='bbox 1690 543 1917 610; x_wconf 89' lang='lat' dir='ltr'>deinde</span> <span class='ocrx_word' id='word_1_21' title='bbox 1961 543 2134 609; x_wconf 89' lang='lat' dir='ltr'>idem</span> <span class='ocrx_word' id='word_1_22' title='bbox 2179 543 2398 631; x_wconf 89' lang='lat' dir='ltr'>paullo</span> <span class='ocrx_word' id='word_1_23' title='bbox 2445 549 2595 633; x_wconf 89' lang='lat' dir='ltr'>post</span> <span class='ocrx_word' id='word_1_24' title='bbox 2637 567 2844 612; x_wconf 77' lang='lat' dir='ltr'>rever·</span> 
     </span>
     <span class='ocr_line' id='line_1_4' title="bbox 455 631 2844 728; baseline 0 -14"><span class='ocrx_word' id='word_1_25' title='bbox 455 671 565 714; x_wconf 89' lang='lat' dir='ltr'>sus</span> <span class='ocrx_word' id='word_1_26' title='bbox 624 651 985 715; x_wconf 86' lang='lat' dir='ltr'>contionem</span> <span class='ocrx_word' id='word_1_27' title='bbox 1048 649 1351 716; x_wconf 80' lang='lat' dir='ltr'>advocare</span> <span class='ocrx_word' id='word_1_28' title='bbox 1412 649 1622 715; x_wconf 89' lang='lat' dir='ltr'>iuberi</span> <span class='ocrx_word' id='word_1_29' title='bbox 1681 657 1864 716; x_wconf 87' lang='lat' dir='ltr'>antea</span> <span class='ocrx_word' id='word_1_30' title='bbox 1922 649 2201 728; x_wconf 87' lang='lat' dir='ltr'>solebat,</span> <span class='ocrx_word' id='word_1_31' title='bbox 2248 631 2403 716; x_wconf 40' lang='lat' dir='ltr'>sine·</span> <span class='ocrx_word' id='word_1_32' title='bbox 2432 650 2568 716; x_wconf 91' lang='lat' dir='ltr'>ullo</span> <span class='ocrx_word' id='word_1_33' title='bbox 2617 651 2844 718; x_wconf 82' lang='lat' dir='ltr'>effectu</span> 
     </span>
     <span class='ocr_line' id='line_1_5' title="bbox 454 755 2846 845; baseline 0 -24"><span class='ocrx_word' id='word_1_34' title='bbox 454 777 492 821; x_wconf 86' lang='lat' dir='ltr'>a</span> <span class='ocrx_word' id='word_1_35' title='bbox 538 755 795 822; x_wconf 88' lang='lat' dir='ltr'>consule</span> <span class='ocrx_word' id='word_1_36' title='bbox 842 755 1201 822; x_wconf 76' lang='lat' dir='ltr'>dicerentur</span> <span class='ocrx_word' id='word_1_37' title='bbox 1247 777 1371 820; x_wconf 90' lang='lat' dir='ltr'>non</span> <span class='ocrx_word' id='word_1_38' title='bbox 1418 776 1678 821; x_wconf 87' lang='lat' dir='ltr'>accenso</span> <span class='ocrx_word' id='word_1_39' title='bbox 1725 755 1835 821; x_wconf 88' lang='lat' dir='ltr'>sed</span> <span class='ocrx_word' id='word_1_40' title='bbox 1882 759 2115 842; x_wconf 83' lang='lat' dir='ltr'>auguri</span> <span class='ocrx_word' id='word_1_41' title='bbox 2161 759 2273 843; x_wconf 88' lang='lat' dir='ltr'>qui</span> <span class='ocrx_word' id='word_1_42' title='bbox 2317 759 2454 844; x_wconf 89' lang='lat' dir='ltr'>ipse</span> <span class='ocrx_word' id='word_1_43' title='bbox 2499 779 2606 824; x_wconf 85' lang='lat' dir='ltr'>eas</span> <span class='ocrx_word' id='word_1_44' title='bbox 2643 760 2846 845; x_wconf 89' lang='lat' dir='ltr'>praei-</span> 
     </span>
     <span class='ocr_line' id='line_1_6' title="bbox 454 861 2846 948; baseline 0 -21"><span class='ocrx_word' id='word_1_45' title='bbox 454 864 601 942; x_wconf 87' lang='lat' dir='ltr'>bat,</span> <span class='ocrx_word' id='word_1_46' title='bbox 642 883 793 928; x_wconf 89' lang='lat' dir='ltr'>eum</span> <span class='ocrx_word' id='word_1_47' title='bbox 831 883 1129 929; x_wconf 88' lang='lat' dir='ltr'>accensus</span> <span class='ocrx_word' id='word_1_48' title='bbox 1165 883 1295 927; x_wconf 89' lang='lat' dir='ltr'>non</span> <span class='ocrx_word' id='word_1_49' title='bbox 1332 861 1581 928; x_wconf 88' lang='lat' dir='ltr'>adesset</span> <span class='ocrx_word' id='word_1_50' title='bbox 1597 910 1615 941; x_wconf 89' lang='lat'><strong><em>,</em></strong></span> <span class='ocrx_word' id='word_1_51' title='bbox 1658 867 1859 948; x_wconf 90' lang='lat' dir='ltr'>utque</span> <span class='ocrx_word' id='word_1_52' title='bbox 1897 862 2212 928; x_wconf 85' lang='lat' dir='ltr'>formulae</span> <span class='ocrx_word' id='word_1_53' title='bbox 2245 884 2407 948; x_wconf 87' lang='lat' dir='ltr'>quae</span> <span class='ocrx_word' id='word_1_54' title='bbox 2436 865 2602 930; x_wconf 89' lang='lat' dir='ltr'>circa</span> <span class='ocrx_word' id='word_1_55' title='bbox 2623 885 2846 929; x_wconf 84' lang='lat' dir='ltr'>muros</span> 
     </span>
     <span class='ocr_line' id='line_1_7' title="bbox 454 968 2844 1060; baseline 0.001 -26"><span class='ocrx_word' id='word_1_56' title='bbox 454 976 519 1035; x_wconf 91' lang='lat' dir='ltr'>et</span> <span class='ocrx_word' id='word_1_57' title='bbox 554 972 625 1034; x_wconf 92' lang='lat' dir='ltr'>in</span> <span class='ocrx_word' id='word_1_58' title='bbox 663 968 904 1055; x_wconf 86' lang='lat' dir='ltr'>templo</span> <span class='ocrx_word' id='word_1_59' title='bbox 944 969 1445 1055; x_wconf 75' lang='lat' dir='ltr'><strong>pronuntiandae</strong></span> <span class='ocrx_word' id='word_1_60' title='bbox 1482 968 1735 1034; x_wconf 86' lang='lat' dir='ltr'>fuerant</span> <span class='ocrx_word' id='word_1_61' title='bbox 1771 989 2030 1035; x_wconf 88' lang='lat' dir='ltr'>accenso</span> <span class='ocrx_word' id='word_1_62' title='bbox 2051 1018 2070 1047; x_wconf 85' lang='lat'>,</span> <span class='ocrx_word' id='word_1_63' title='bbox 2113 969 2270 1060; x_wconf 87' lang='lat' dir='ltr'>dicis</span> <span class='ocrx_word' id='word_1_64' title='bbox 2301 990 2490 1036; x_wconf 86' lang='lat' dir='ltr'>causa</span> <span class='ocrx_word' id='word_1_65' title='bbox 2512 972 2590 1036; x_wconf 93' lang='lat' dir='ltr'>ab</span> <span class='ocrx_word' id='word_1_66' title='bbox 2615 970 2844 1037; x_wconf 90' lang='lat' dir='ltr'>eodem</span> 
     </span>
     <span class='ocr_line' id='line_1_8' title="bbox 452 1074 2844 1162; baseline 0.001 -22"><span class='ocrx_word' id='word_1_67' title='bbox 452 1095 699 1161; x_wconf 81' lang='lat' dir='ltr'>augure</span> <span class='ocrx_word' id='word_1_68' title='bbox 744 1077 925 1140; x_wconf 75' lang='lat' dir='ltr'>viam</span> <span class='ocrx_word' id='word_1_69' title='bbox 974 1095 1100 1140; x_wconf 93' lang='lat' dir='ltr'>non</span> <span class='ocrx_word' id='word_1_70' title='bbox 1145 1077 1407 1140; x_wconf 90' lang='lat' dir='ltr'>ineunte</span> <span class='ocrx_word' id='word_1_71' title='bbox 1454 1077 1581 1140; x_wconf 84' lang='lat' dir='ltr'>cito</span> <span class='ocrx_word' id='word_1_72' title='bbox 1630 1074 2114 1140; x_wconf 77' lang='lat' dir='ltr'>decantarentur</span> <span class='ocrx_word' id='word_1_73' title='bbox 2138 1076 2214 1155; x_wconf 86' lang='lat'>1).</span> <span class='ocrx_word' id='word_1_74' title='bbox 2274 1075 2350 1141; x_wconf 90' lang='lat' dir='ltr'>Id</span> <span class='ocrx_word' id='word_1_75' title='bbox 2387 1083 2606 1142; x_wconf 86' lang='lat' dir='ltr'>autem</span> <span class='ocrx_word' id='word_1_76' title='bbox 2643 1097 2844 1162; x_wconf 90' lang='lat' dir='ltr'>aeque</span> 
     </span>
     <span class='ocr_line' id='line_1_9' title="bbox 451 1180 2845 1268; baseline 0.001 -22"><span class='ocrx_word' id='word_1_77' title='bbox 451 1183 763 1268; x_wconf 82' lang='lat' dir='ltr'>pertinuit</span> <span class='ocrx_word' id='word_1_78' title='bbox 809 1181 891 1246; x_wconf 89' lang='lat' dir='ltr'>ad</span> <span class='ocrx_word' id='word_1_79' title='bbox 933 1181 1183 1266; x_wconf 88' lang='lat' dir='ltr'>reliqua</span> <span class='ocrx_word' id='word_1_80' title='bbox 1227 1183 1583 1247; x_wconf 82' lang='lat' dir='ltr'>centuriata</span> <span class='ocrx_word' id='word_1_81' title='bbox 1599 1229 1618 1259; x_wconf 87' lang='lat'><strong><em>,</em></strong></span> <span class='ocrx_word' id='word_1_82' title='bbox 1660 1201 1858 1267; x_wconf 85' lang='lat' dir='ltr'>aeque</span> <span class='ocrx_word' id='word_1_83' title='bbox 1896 1182 1976 1247; x_wconf 91' lang='lat' dir='ltr'>ad</span> <span class='ocrx_word' id='word_1_84' title='bbox 2015 1185 2368 1247; x_wconf 86' lang='lat' dir='ltr'>centuriata</span> <span class='ocrx_word' id='word_1_85' title='bbox 2405 1181 2626 1248; x_wconf 87' lang='lat' dir='ltr'>calata.</span> <span class='ocrx_word' id='word_1_86' title='bbox 2652 1180 2845 1248; x_wconf 90' lang='lat' dir='ltr'>Voca-</span> 
     </span>
     <span class='ocr_line' id='line_1_10' title="bbox 451 1287 2843 1374; baseline 0 -21"><span class='ocrx_word' id='word_1_87' title='bbox 451 1291 541 1354; x_wconf 92' lang='lat' dir='ltr'>tio</span> <span class='ocrx_word' id='word_1_88' title='bbox 590 1288 986 1352; x_wconf 81' lang='lat' dir='ltr'>curiatorum</span> <span class='ocrx_word' id='word_1_89' title='bbox 1031 1289 1258 1374; x_wconf 86' lang='lat' dir='ltr'>ignota</span> <span class='ocrx_word' id='word_1_90' title='bbox 1302 1287 1483 1352; x_wconf 88' lang='lat' dir='ltr'>nobis</span> <span class='ocrx_word' id='word_1_91' title='bbox 1522 1293 1618 1352; x_wconf 89' lang='lat' dir='ltr'>est</span> <span class='ocrx_word' id='word_1_92' title='bbox 1637 1305 1666 1364; x_wconf 91' lang='lat'>,·</span> <span class='ocrx_word' id='word_1_93' title='bbox 1692 1289 1854 1352; x_wconf 86' lang='lat' dir='ltr'>item</span> <span class='ocrx_word' id='word_1_94' title='bbox 1896 1287 2309 1352; x_wconf 86' lang='lat' dir='ltr'>tributorum.</span> <span class='ocrx_word' id='word_1_95' title='bbox 2357 1287 2650 1354; x_wconf 78' lang='lat' dir='ltr'>Fortasse</span> <span class='ocrx_word' id='word_1_96' title='bbox 2672 1297 2843 1354; x_wconf 84' lang='lat' dir='ltr'>recte</span> 
     </span>
     <span class='ocr_line' id='line_1_11' title="bbox 450 1391 2842 1471; baseline 0 -11"><span class='ocrx_word' id='word_1_97' title='bbox 450 1396 719 1460; x_wconf 90' lang='lat' dir='ltr'>coniecit</span> <span class='ocrx_word' id='word_1_98' title='bbox 776 1391 1145 1460; x_wconf 87' lang='lat' dir='ltr'>Mommsen</span> <span class='ocrx_word' id='word_1_99' title='bbox 1204 1415 1268 1458; x_wconf 78' lang='lat' dir='ltr'>v,</span> <span class='ocrx_word' id='word_1_100' title='bbox 1332 1392 1409 1458; x_wconf 83' lang='lat' dir='ltr'>cl.</span> <span class='ocrx_word' id='word_1_101' title='bbox 1429 1442 1448 1471; x_wconf 89' lang='lat'><em>,</em></span> <span class='ocrx_word' id='word_1_102' title='bbox 1506 1393 1824 1458; x_wconf 88' lang='lat' dir='ltr'>liticinem</span> <span class='ocrx_word' id='word_1_103' title='bbox 1865 1396 2031 1458; x_wconf 79' lang='lat' dir='ltr'>circa</span> <span class='ocrx_word' id='word_1_104' title='bbox 2075 1414 2298 1460; x_wconf 88' lang='lat' dir='ltr'>muros</span> <span class='ocrx_word' id='word_1_105' title='bbox 2343 1397 2644 1462; x_wconf 77' lang='lat' dir='ltr'>cecinisse</span> <span class='ocrx_word' id='word_1_106' title='bbox 2688 1417 2842 1460; x_wconf 88' lang='lat' dir='ltr'>cum</span> 
     </span>
     <span class='ocr_line' id='line_1_12' title="bbox 447 1500 2840 1586; baseline 0 -21"><span class='ocrx_word' id='word_1_107' title='bbox 447 1501 734 1566; x_wconf 87' lang='lat' dir='ltr'>habenda</span> <span class='ocrx_word' id='word_1_108' title='bbox 780 1506 989 1566; x_wconf 78' lang='lat' dir='ltr'>essent</span> <span class='ocrx_word' id='word_1_109' title='bbox 1033 1503 1293 1566; x_wconf 90' lang='lat' dir='ltr'>comitia</span> <span class='ocrx_word' id='word_1_110' title='bbox 1341 1502 1620 1578; x_wconf 86' lang='lat' dir='ltr'>curiata;</span> <span class='ocrx_word' id='word_1_111' title='bbox 1663 1500 1774 1565; x_wconf 86' lang='lat' dir='ltr'>sed</span> <span class='ocrx_word' id='word_1_112' title='bbox 1811 1521 1937 1566; x_wconf 92' lang='lat' dir='ltr'>non</span> <span class='ocrx_word' id='word_1_113' title='bbox 1977 1501 2308 1586; x_wconf 85' lang='lat' dir='ltr'>oportebat</span> <span class='ocrx_word' id='word_1_114' title='bbox 2347 1523 2498 1568; x_wconf 91' lang='lat' dir='ltr'>eum</span> <span class='ocrx_word' id='word_1_115' title='bbox 2524 1525 2645 1585; x_wconf 84' lang='lat' dir='ltr'>pro</span> <span class='ocrx_word' id='word_1_116' title='bbox 2684 1509 2840 1566; x_wconf 75' lang='lat' dir='ltr'>certo</span> 
     </span>
     <span class='ocr_line' id='line_1_13' title="bbox 449 1608 2840 1694; baseline 0 -21"><span class='ocrx_word' id='word_1_117' title='bbox 449 1608 763 1673; x_wconf 87' lang='lat' dir='ltr'>affirmare</span> <span class='ocrx_word' id='word_1_118' title='bbox 781 1654 797 1684; x_wconf 92' lang='lat'><strong><em>,</em></strong></span> <span class='ocrx_word' id='word_1_119' title='bbox 862 1610 1123 1673; x_wconf 76' lang='lat' dir='ltr'>comitia</span> <span class='ocrx_word' id='word_1_120' title='bbox 1186 1609 1430 1672; x_wconf 88' lang='lat' dir='ltr'>curiata</span> <span class='ocrx_word' id='word_1_121' title='bbox 1490 1627 1626 1672; x_wconf 87' lang='lat' dir='ltr'>esse</span> <span class='ocrx_word' id='word_1_122' title='bbox 1674 1612 2015 1672; x_wconf 83' lang='lat' dir='ltr'>convocata</span> <span class='ocrx_word' id='word_1_123' title='bbox 2060 1627 2174 1692; x_wconf 89' lang='lat' dir='ltr'>per</span> <span class='ocrx_word' id='word_1_124' title='bbox 2207 1631 2562 1690; x_wconf 75' lang='lat' dir='ltr'>praeconem</span> <span class='ocrx_word' id='word_1_125' title='bbox 2577 1657 2594 1688; x_wconf 89' lang='lat'><em>‚</em></span> <span class='ocrx_word' id='word_1_126' title='bbox 2643 1628 2840 1694; x_wconf 89' lang='lat' dir='ltr'>eaque</span> 
     </span>
     <span class='ocr_line' id='line_1_14' title="bbox 448 1713 2838 1802; baseline 0 -23"><span class='ocrx_word' id='word_1_127' title='bbox 448 1715 569 1779; x_wconf 88' lang='lat' dir='ltr'>hac</span> <span class='ocrx_word' id='word_1_128' title='bbox 614 1735 683 1779; x_wconf 89' lang='lat' dir='ltr'>re</span> <span class='ocrx_word' id='word_1_129' title='bbox 730 1714 979 1778; x_wconf 86' lang='lat' dir='ltr'>diversa</span> <span class='ocrx_word' id='word_1_130' title='bbox 1024 1735 1161 1779; x_wconf 86' lang='lat' dir='ltr'>esse</span> <span class='ocrx_word' id='word_1_131' title='bbox 1200 1733 1239 1779; x_wconf 86' lang='lat' dir='ltr'>a</span> <span class='ocrx_word' id='word_1_132' title='bbox 1276 1714 1557 1778; x_wconf 90' lang='lat' dir='ltr'>comitiis</span> <span class='ocrx_word' id='word_1_133' title='bbox 1599 1716 1860 1778; x_wconf 86' lang='lat' dir='ltr'>curiatis</span> <span class='ocrx_word' id='word_1_134' title='bbox 1899 1713 2120 1778; x_wconf 81' lang='lat' dir='ltr'>calatis</span> <span class='ocrx_word' id='word_1_135' title='bbox 2138 1762 2155 1791; x_wconf 90' lang='lat'><strong><em>,</em></strong></span> <span class='ocrx_word' id='word_1_136' title='bbox 2197 1735 2358 1799; x_wconf 88' lang='lat' dir='ltr'>quae</span> <span class='ocrx_word' id='word_1_137' title='bbox 2395 1736 2509 1802; x_wconf 91' lang='lat' dir='ltr'>per</span> <span class='ocrx_word' id='word_1_138' title='bbox 2545 1715 2838 1782; x_wconf 86' lang='lat' dir='ltr'>lictorem</span> 
     </span>
     <span class='ocr_line' id='line_1_15' title="bbox 451 1819 2840 1906; baseline 0.001 -21"><span class='ocrx_word' id='word_1_139' title='bbox 451 1820 798 1906; x_wconf 84' lang='lat' dir='ltr'>curiatium</span> <span class='ocrx_word' id='word_1_140' title='bbox 859 1825 1203 1884; x_wconf 84' lang='lat' dir='ltr'>convocata</span> <span class='ocrx_word' id='word_1_141' title='bbox 1246 1839 1381 1884; x_wconf 89' lang='lat' dir='ltr'>esse</span> <span class='ocrx_word' id='word_1_142' title='bbox 1426 1821 1764 1897; x_wconf 78' lang='lat' dir='ltr'>novimus3</span> <span class='ocrx_word' id='word_1_143' title='bbox 1815 1839 1966 1883; x_wconf 91' lang='lat' dir='ltr'>nam</span> <span class='ocrx_word' id='word_1_144' title='bbox 2013 1819 2182 1904; x_wconf 90' lang='lat' dir='ltr'>quod</span> <span class='ocrx_word' id='word_1_145' title='bbox 2229 1819 2384 1885; x_wconf 88' lang='lat' dir='ltr'>dicit</span> <span class='ocrx_word' id='word_1_146' title='bbox 2399 1868 2416 1898; x_wconf 84' lang='lat'><strong><em>,</em></strong></span> <span class='ocrx_word' id='word_1_147' title='bbox 2462 1841 2840 1905; x_wconf 88' lang='lat' dir='ltr'>praeconem</span> 
     </span>
     <span class='ocr_line' id='line_1_16' title="bbox 450 1924 2838 2011; baseline 0 -22"><span class='ocrx_word' id='word_1_148' title='bbox 450 1925 814 1990; x_wconf 86' lang='lat' dir='ltr'>adhibitum</span> <span class='ocrx_word' id='word_1_149' title='bbox 859 1946 993 1990; x_wconf 92' lang='lat' dir='ltr'>esse</span> <span class='ocrx_word' id='word_1_150' title='bbox 1041 1924 1119 1990; x_wconf 89' lang='lat' dir='ltr'>ad</span> <span class='ocrx_word' id='word_1_151' title='bbox 1168 1927 1431 1989; x_wconf 87' lang='lat' dir='ltr'>comitia</span> <span class='ocrx_word' id='word_1_152' title='bbox 1476 1926 1724 1989; x_wconf 88' lang='lat' dir='ltr'>curiata</span> <span class='ocrx_word' id='word_1_153' title='bbox 1742 1973 1760 2002; x_wconf 89' lang='lat'>‚</span> <span class='ocrx_word' id='word_1_154' title='bbox 1809 1945 1888 1989; x_wconf 90' lang='lat' dir='ltr'>ex</span> <span class='ocrx_word' id='word_1_155' title='bbox 1935 1927 2072 1990; x_wconf 87' lang='lat' dir='ltr'>eius</span> <span class='ocrx_word' id='word_1_156' title='bbox 2111 1927 2472 1991; x_wconf 89' lang='lat' dir='ltr'>coniectura</span> <span class='ocrx_word' id='word_1_157' title='bbox 2509 1925 2740 2011; x_wconf 85' lang='lat' dir='ltr'>pendet</span> <span class='ocrx_word' id='word_1_158' title='bbox 2767 1925 2838 2007; x_wconf 84' lang='lat'>²).</span> 
     </span>
     <span class='ocr_line' id='line_1_17' title="bbox 449 2025 2840 2117; baseline -0.001 -20"><span class='ocrx_word' id='word_1_159' title='bbox 449 2031 509 2097; x_wconf 93' lang='lat' dir='ltr'>N</span> <span class='ocrx_word' id='word_1_160' title='bbox 512 2052 546 2097; x_wconf 91' lang='lat' dir='ltr'>e</span> <span class='ocrx_word' id='word_1_161' title='bbox 590 2031 659 2097; x_wconf 90' lang='lat' dir='ltr'>id</span> <span class='ocrx_word' id='word_1_162' title='bbox 705 2030 964 2117; x_wconf 88' lang='lat' dir='ltr'>quidem</span> <span class='ocrx_word' id='word_1_163' title='bbox 1012 2031 1180 2117; x_wconf 88' lang='lat' dir='ltr'>quod</span> <span class='ocrx_word' id='word_1_164' title='bbox 1228 2031 1573 2096; x_wconf 83' lang='lat' dir='ltr'>affirmavit</span> <span class='ocrx_word' id='word_1_165' title='bbox 1617 2029 1828 2096; x_wconf 86' lang='lat' dir='ltr'>Labeo</span> <span class='ocrx_word' id='word_1_166' title='bbox 1846 2079 1864 2108; x_wconf 89' lang='lat'>‚</span> <span class='ocrx_word' id='word_1_167' title='bbox 1905 2033 2168 2096; x_wconf 87' lang='lat' dir='ltr'>comitia</span> <span class='ocrx_word' id='word_1_168' title='bbox 2205 2034 2448 2096; x_wconf 87' lang='lat' dir='ltr'>curiata</span> <span class='ocrx_word' id='word_1_169' title='bbox 2483 2031 2686 2096; x_wconf 77' lang='lat' dir='ltr'>calata</span> <span class='ocrx_word' id='word_1_170' title='bbox 2721 2025 2840 2116; x_wconf 87' lang='lat' dir='ltr'>per</span> 
     </span>
     <span class='ocr_line' id='line_1_18' title="bbox 448 2135 2838 2223; baseline -0 -21"><span class='ocrx_word' id='word_1_171' title='bbox 448 2137 739 2203; x_wconf 90' lang='lat' dir='ltr'>lictorem</span> <span class='ocrx_word' id='word_1_172' title='bbox 788 2141 1135 2204; x_wconf 89' lang='lat' dir='ltr'>curiatium</span> <span class='ocrx_word' id='word_1_173' title='bbox 1182 2158 1316 2203; x_wconf 88' lang='lat' dir='ltr'>esse</span> <span class='ocrx_word' id='word_1_174' title='bbox 1362 2136 1671 2202; x_wconf 85' lang='lat' dir='ltr'>advocata</span> <span class='ocrx_word' id='word_1_175' title='bbox 1697 2135 1746 2218; x_wconf 75' lang='lat'>³)</span> <span class='ocrx_word' id='word_1_176' title='bbox 1763 2186 1781 2215; x_wconf 88' lang='lat'><em>,</em></span> <span class='ocrx_word' id='word_1_177' title='bbox 1830 2140 1924 2200; x_wconf 90' lang='lat' dir='ltr'>ita</span> <span class='ocrx_word' id='word_1_178' title='bbox 1968 2140 2168 2223; x_wconf 84' lang='lat' dir='ltr'>accipi</span> <span class='ocrx_word' id='word_1_179' title='bbox 2205 2143 2414 2223; x_wconf 87' lang='lat' dir='ltr'>potest</span> <span class='ocrx_word' id='word_1_180' title='bbox 2451 2146 2526 2202; x_wconf 89' lang='lat' dir='ltr'>ut</span> <span class='ocrx_word' id='word_1_181' title='bbox 2563 2138 2662 2202; x_wconf 89' lang='lat' dir='ltr'>his</span> <span class='ocrx_word' id='word_1_182' title='bbox 2701 2158 2838 2202; x_wconf 84' lang='lat' dir='ltr'>ver—</span> 
     </span>
     <span class='ocr_line' id='line_1_19' title="bbox 448 2242 2836 2327; baseline -0.001 -18"><span class='ocrx_word' id='word_1_183' title='bbox 448 2244 547 2309; x_wconf 86' lang='lat' dir='ltr'>bis</span> <span class='ocrx_word' id='word_1_184' title='bbox 601 2244 895 2309; x_wconf 89' lang='lat' dir='ltr'>lictorem</span> <span class='ocrx_word' id='word_1_185' title='bbox 953 2247 1300 2310; x_wconf 88' lang='lat' dir='ltr'>curiatium</span> <span class='ocrx_word' id='word_1_186' title='bbox 1360 2265 1397 2308; x_wconf 88' lang='lat' dir='ltr'>a</span> <span class='ocrx_word' id='word_1_187' title='bbox 1459 2246 1684 2309; x_wconf 88' lang='lat' dir='ltr'>ceteris</span> <span class='ocrx_word' id='word_1_188' title='bbox 1730 2245 2008 2309; x_wconf 86' lang='lat' dir='ltr'>comitiis</span> <span class='ocrx_word' id='word_1_189' title='bbox 2056 2246 2314 2310; x_wconf 87' lang='lat' dir='ltr'>curiatis</span> <span class='ocrx_word' id='word_1_190' title='bbox 2360 2242 2611 2308; x_wconf 82' lang='lat' dir='ltr'>excludi</span> <span class='ocrx_word' id='word_1_191' title='bbox 2655 2249 2836 2327; x_wconf 88' lang='lat' dir='ltr'>pute-</span> 
     </span>
     <span class='ocr_line' id='line_1_20' title="bbox 449 2348 2836 2429; baseline -0.002 -12"><span class='ocrx_word' id='word_1_192' title='bbox 449 2372 622 2429; x_wconf 86' lang='lat' dir='ltr'>mus,</span> <span class='ocrx_word' id='word_1_193' title='bbox 670 2371 821 2417; x_wconf 83' lang='lat' dir='ltr'>nam</span> <span class='ocrx_word' id='word_1_194' title='bbox 868 2357 1014 2416; x_wconf 91' lang='lat' dir='ltr'>tum</span> <span class='ocrx_word' id='word_1_195' title='bbox 1062 2353 1259 2416; x_wconf 84' lang='lat' dir='ltr'>etiam</span> <span class='ocrx_word' id='word_1_196' title='bbox 1305 2355 1585 2417; x_wconf 85' lang='lat' dir='ltr'>statuere</span> <span class='ocrx_word' id='word_1_197' title='bbox 1635 2350 2006 2416; x_wconf 84' lang='lat' dir='ltr'>deberemus</span> <span class='ocrx_word' id='word_1_198' title='bbox 2024 2400 2039 2427; x_wconf 93' lang='lat'><em>,</em></span> <span class='ocrx_word' id='word_1_199' title='bbox 2086 2349 2445 2416; x_wconf 87' lang='lat' dir='ltr'>Labeonem</span> <span class='ocrx_word' id='word_1_200' title='bbox 2491 2348 2836 2414; x_wconf 85' lang='lat' dir='ltr'>exclusisse</span> 
     </span>
     <span class='ocr_line' id='line_1_21' title="bbox 448 2455 2830 2543; baseline -0.002 -19"><span class='ocrx_word' id='word_1_201' title='bbox 448 2460 831 2524; x_wconf 88' lang='lat' dir='ltr'>cornicinem</span> <span class='ocrx_word' id='word_1_202' title='bbox 869 2478 907 2522; x_wconf 88' lang='lat' dir='ltr'>a</span> <span class='ocrx_word' id='word_1_203' title='bbox 946 2455 1210 2542; x_wconf 90' lang='lat' dir='ltr'>reliquis</span> <span class='ocrx_word' id='word_1_204' title='bbox 1248 2460 1525 2522; x_wconf 87' lang='lat' dir='ltr'>comitiis</span> <span class='ocrx_word' id='word_1_205' title='bbox 1566 2459 1938 2522; x_wconf 89' lang='lat' dir='ltr'>centuriatis</span> <span class='ocrx_word' id='word_1_206' title='bbox 1954 2505 1970 2533; x_wconf 89' lang='lat'>‚</span> <span class='ocrx_word' id='word_1_207' title='bbox 2013 2455 2180 2542; x_wconf 90' lang='lat' dir='ltr'>quod</span> <span class='ocrx_word' id='word_1_208' title='bbox 2221 2457 2422 2522; x_wconf 85' lang='lat' dir='ltr'>facere</span> <span class='ocrx_word' id='word_1_209' title='bbox 2449 2477 2576 2520; x_wconf 92' lang='lat' dir='ltr'>non</span> <span class='ocrx_word' id='word_1_210' title='bbox 2597 2457 2830 2543; x_wconf 89' lang='lat' dir='ltr'>potuit.</span> 
     </span>
     <span class='ocr_line' id='line_1_22' title="bbox 449 2561 2834 2648; baseline -0.002 -17"><span class='ocrx_word' id='word_1_211' title='bbox 449 2562 713 2631; x_wconf 85' lang='lat' dir='ltr'>Constat</span> <span class='ocrx_word' id='word_1_212' title='bbox 770 2563 1131 2629; x_wconf 89' lang='lat' dir='ltr'>Labeonem</span> <span class='ocrx_word' id='word_1_213' title='bbox 1148 2612 1165 2642; x_wconf 89' lang='lat'>‚</span> <span class='ocrx_word' id='word_1_214' title='bbox 1234 2584 1385 2628; x_wconf 91' lang='lat' dir='ltr'>cum</span> <span class='ocrx_word' id='word_1_215' title='bbox 1448 2562 1662 2628; x_wconf 89' lang='grc'><strong>80111111</strong></span> <span class='ocrx_word' id='word_1_216' title='bbox 1724 2561 2050 2628; x_wconf 87' lang='lat' dir='ltr'>ostendere</span> <span class='ocrx_word' id='word_1_217' title='bbox 2113 2561 2309 2628; x_wconf 86' lang='lat' dir='ltr'>vellet</span> <span class='ocrx_word' id='word_1_218' title='bbox 2353 2562 2509 2648; x_wconf 89' lang='lat' dir='ltr'>quid</span> <span class='ocrx_word' id='word_1_219' title='bbox 2553 2562 2622 2626; x_wconf 92' lang='lat' dir='ltr'>id</span> <span class='ocrx_word' id='word_1_220' title='bbox 2665 2567 2834 2627; x_wconf 88' lang='lat' dir='ltr'>esset</span> 
     </span>
    </p>
   </div>
   <div class='ocr_carea' id='block_1_3' title="bbox 448 2668 2952 2757">
    <p class='ocr_par' dir='ltr' id='par_1_3' title="bbox 448 2668 2952 2757">
     <span class='ocr_line' id='line_1_23' title="bbox 448 2668 2952 2757; baseline -0.003 -20"><span class='ocrx_word' id='word_1_221' title='bbox 448 2669 617 2757; x_wconf 90' lang='lat' dir='ltr'>quod</span> <span class='ocrx_word' id='word_1_222' title='bbox 692 2669 979 2748; x_wconf 86' lang='lat' dir='ltr'>„calare”</span> <span class='ocrx_word' id='word_1_223' title='bbox 1048 2669 1363 2735; x_wconf 85' lang='lat' dir='ltr'>diceretur</span> <span class='ocrx_word' id='word_1_224' title='bbox 1412 2677 1477 2735; x_wconf 91' lang='lat' dir='ltr'>et</span> <span class='ocrx_word' id='word_1_225' title='bbox 1526 2669 1844 2755; x_wconf 91' lang='lat' dir='ltr'>quomodo</span> <span class='ocrx_word' id='word_1_226' title='bbox 1891 2691 1969 2734; x_wconf 85' lang='lat' dir='ltr'>ex</span> <span class='ocrx_word' id='word_1_227' title='bbox 2017 2690 2090 2734; x_wconf 91' lang='lat' dir='ltr'>eo</span> <span class='ocrx_word' id='word_1_228' title='bbox 2137 2672 2397 2756; x_wconf 79' lang='lat' dir='ltr'>agnosci</span> <span class='ocrx_word' id='word_1_229' title='bbox 2441 2673 2697 2755; x_wconf 87' lang='lat' dir='ltr'>possent</span> <span class='ocrx_word' id='word_1_230' title='bbox 2744 2668 2834 2733; x_wconf 86' lang='lat' dir='ltr'>di·</span> <span class='ocrx_word' id='word_1_231' title='bbox 2949 2707 2952 2712; x_wconf 96' lang='lat'>-</span> 
     </span>
    </p>
   </div>
   <div class='ocr_carea' id='block_1_4' title="bbox 440 2775 2832 3819">
    <p class='ocr_par' dir='ltr' id='par_1_4' title="bbox 440 2775 2832 3819">
     <span class='ocr_line' id='line_1_24' title="bbox 447 2775 2830 2863; baseline -0.001 -20"><span class='ocrx_word' id='word_1_232' title='bbox 447 2797 631 2843; x_wconf 83' lang='lat' dir='ltr'>versa</span> <span class='ocrx_word' id='word_1_233' title='bbox 703 2797 937 2863; x_wconf 86' lang='lat' dir='ltr'>genera</span> <span class='ocrx_word' id='word_1_234' title='bbox 1004 2779 1415 2842; x_wconf 88' lang='lat' dir='ltr'>comitiorum</span> <span class='ocrx_word' id='word_1_235' title='bbox 1482 2777 2014 2862; x_wconf 85' lang='lat' dir='ltr'>imaginariomm</span> <span class='ocrx_word' id='word_1_236' title='bbox 2030 2824 2047 2855; x_wconf 89' lang='lat'><em>‚</em></span> <span class='ocrx_word' id='word_1_237' title='bbox 2126 2778 2394 2841; x_wconf 90' lang='lat' dir='ltr'>minime</span> <span class='ocrx_word' id='word_1_238' title='bbox 2459 2775 2528 2840; x_wconf 90' lang='lat' dir='ltr'>id</span> <span class='ocrx_word' id='word_1_239' title='bbox 2595 2794 2830 2860; x_wconf 81' lang='lat' dir='ltr'>negare</span> 
     </span>
     <span class='ocr_line' id='line_1_25' title="bbox 443 2881 2828 2975; baseline -0.002 -26"><span class='ocrx_word' id='word_1_240' title='bbox 443 2882 722 2950; x_wconf 83' lang='lat' dir='ltr'>voluisse</span> <span class='ocrx_word' id='word_1_241' title='bbox 786 2883 863 2947; x_wconf 92' lang='lat' dir='ltr'>de</span> <span class='ocrx_word' id='word_1_242' title='bbox 926 2881 1190 2968; x_wconf 90' lang='lat' dir='ltr'>reliquis</span> <span class='ocrx_word' id='word_1_243' title='bbox 1243 2885 1521 2948; x_wconf 88' lang='lat' dir='ltr'>comitiis</span> <span class='ocrx_word' id='word_1_244' title='bbox 1568 2881 1738 2968; x_wconf 91' lang='lat' dir='ltr'>quod</span> <span class='ocrx_word' id='word_1_245' title='bbox 1785 2882 2138 2948; x_wconf 84' lang='lat' dir='ltr'>affirmabat</span> <span class='ocrx_word' id='word_1_246' title='bbox 2183 2883 2261 2949; x_wconf 87' lang='lat' dir='ltr'>de</span> <span class='ocrx_word' id='word_1_247' title='bbox 2309 2881 2561 2975; x_wconf 79' lang='lat' dir='ltr'>calatis3</span> <span class='ocrx_word' id='word_1_248' title='bbox 2609 2883 2828 2966; x_wconf 81' lang='lat' dir='ltr'>itaque</span> 
     </span>
     <span class='ocr_line' id='line_1_26' title="bbox 442 2987 2830 3074; baseline -0.002 -19"><span class='ocrx_word' id='word_1_249' title='bbox 442 2988 619 3055; x_wconf 83' lang='lat' dir='ltr'>salva</span> <span class='ocrx_word' id='word_1_250' title='bbox 680 2991 817 3054; x_wconf 89' lang='lat' dir='ltr'>eius</span> <span class='ocrx_word' id='word_1_251' title='bbox 880 2991 1259 3053; x_wconf 87' lang='lat' dir='ltr'>auctoritate</span> <span class='ocrx_word' id='word_1_252' title='bbox 1318 2987 1469 3054; x_wconf 90' lang='lat' dir='ltr'>licet</span> <span class='ocrx_word' id='word_1_253' title='bbox 1529 2990 1708 3055; x_wconf 91' lang='lat' dir='ltr'>nobis</span> <span class='ocrx_word' id='word_1_254' title='bbox 1768 2990 2077 3074; x_wconf 88' lang='lat' dir='ltr'>suspicari</span> <span class='ocrx_word' id='word_1_255' title='bbox 2096 3037 2113 3065; x_wconf 91' lang='lat'><em>,</em></span> <span class='ocrx_word' id='word_1_256' title='bbox 2179 2987 2686 3074; x_wconf 87' lang='lat' dir='ltr'>quandoquidem</span> <span class='ocrx_word' id='word_1_257' title='bbox 2754 3005 2830 3050; x_wconf 88' lang='lat' dir='ltr'>eo</span> 
     </span>
     <span class='ocr_line' id='line_1_27' title="bbox 444 3093 2832 3182; baseline -0.002 -20"><span class='ocrx_word' id='word_1_258' title='bbox 444 3097 623 3162; x_wconf 89' lang='lat' dir='ltr'>ducit</span> <span class='ocrx_word' id='word_1_259' title='bbox 681 3093 1039 3160; x_wconf 83' lang='lat' dir='ltr'>similitudo</span> <span class='ocrx_word' id='word_1_260' title='bbox 1058 3144 1077 3173; x_wconf 86' lang='lat'>,</span> <span class='ocrx_word' id='word_1_261' title='bbox 1124 3097 1337 3159; x_wconf 88' lang='lat' dir='ltr'>omnia</span> <span class='ocrx_word' id='word_1_262' title='bbox 1384 3098 1646 3160; x_wconf 88' lang='lat' dir='ltr'>comitia</span> <span class='ocrx_word' id='word_1_263' title='bbox 1691 3099 1936 3160; x_wconf 86' lang='lat' dir='ltr'>curiata</span> <span class='ocrx_word' id='word_1_264' title='bbox 1981 3095 2283 3161; x_wconf 82' lang='lat' dir='ltr'>advocata</span> <span class='ocrx_word' id='word_1_265' title='bbox 2326 3116 2462 3161; x_wconf 87' lang='lat' dir='ltr'>esse</span> <span class='ocrx_word' id='word_1_266' title='bbox 2500 3115 2614 3182; x_wconf 89' lang='lat' dir='ltr'>per</span> <span class='ocrx_word' id='word_1_267' title='bbox 2654 3093 2832 3158; x_wconf 89' lang='lat' dir='ltr'>licto—</span> 
     </span>
     <span class='ocr_line' id='line_1_28' title="bbox 445 3201 2831 3287; baseline -0.002 -21"><span class='ocrx_word' id='word_1_268' title='bbox 445 3223 581 3268; x_wconf 88' lang='lat' dir='ltr'>rem</span> <span class='ocrx_word' id='word_1_269' title='bbox 630 3203 977 3268; x_wconf 87' lang='lat' dir='ltr'>curiatium</span> <span class='ocrx_word' id='word_1_270' title='bbox 996 3250 1014 3278; x_wconf 87' lang='lat'><em>,</em></span> <span class='ocrx_word' id='word_1_271' title='bbox 1062 3203 1229 3266; x_wconf 87' lang='lat' dir='ltr'>sieut</span> <span class='ocrx_word' id='word_1_272' title='bbox 1270 3203 1485 3267; x_wconf 88' lang='lat' dir='ltr'>omnia</span> <span class='ocrx_word' id='word_1_273' title='bbox 1522 3203 1782 3266; x_wconf 85' lang='lat' dir='ltr'>comitia</span> <span class='ocrx_word' id='word_1_274' title='bbox 1821 3203 2170 3266; x_wconf 85' lang='lat' dir='ltr'>centuriata</span> <span class='ocrx_word' id='word_1_275' title='bbox 2209 3201 2680 3267; x_wconf 85' lang='lat' dir='ltr'>advocabantur</span> <span class='ocrx_word' id='word_1_276' title='bbox 2716 3220 2831 3287; x_wconf 88' lang='lat' dir='ltr'>per</span> 
     </span>
     <span class='ocr_line' id='line_1_29' title="bbox 447 3306 2829 3393; baseline 0 -19"><span class='ocrx_word' id='word_1_277' title='bbox 447 3311 849 3374; x_wconf 87' lang='lat' dir='ltr'>cornicinem.</span> <span class='ocrx_word' id='word_1_278' title='bbox 906 3345 991 3356; x_wconf 92' lang='lat'><em>-</em></span> <span class='ocrx_word' id='word_1_279' title='bbox 1042 3307 1168 3373; x_wconf 81' lang='lat' dir='ltr'>Sed</span> <span class='ocrx_word' id='word_1_280' title='bbox 1230 3307 1566 3374; x_wconf 86' lang='lat' dir='ltr'>discrimen</span> <span class='ocrx_word' id='word_1_281' title='bbox 1586 3357 1602 3386; x_wconf 93' lang='lat'><strong><em>,</em></strong></span> <span class='ocrx_word' id='word_1_282' title='bbox 1651 3308 1818 3393; x_wconf 90' lang='lat' dir='ltr'>quod</span> <span class='ocrx_word' id='word_1_283' title='bbox 1880 3308 2014 3372; x_wconf 83' lang='lat' dir='ltr'>dixi</span> <span class='ocrx_word' id='word_1_284' title='bbox 2029 3356 2046 3384; x_wconf 92' lang='lat'><em>,</em></span> <span class='ocrx_word' id='word_1_285' title='bbox 2109 3309 2390 3372; x_wconf 78' lang='lat' dir='ltr'>cernitur</span> <span class='ocrx_word' id='word_1_286' title='bbox 2445 3309 2516 3371; x_wconf 87' lang='lat' dir='ltr'>in</span> <span class='ocrx_word' id='word_1_287' title='bbox 2561 3306 2686 3372; x_wconf 90' lang='lat' dir='ltr'>alia</span> <span class='ocrx_word' id='word_1_288' title='bbox 2735 3327 2829 3374; x_wconf 86' lang='lat' dir='ltr'>re.</span> 
     </span>
     <span class='ocr_line' id='line_1_30' title="bbox 448 3412 2827 3500; baseline -0 -21"><span class='ocrx_word' id='word_1_289' title='bbox 448 3413 631 3494; x_wconf 85' lang='lat' dir='ltr'>Quod</span> <span class='ocrx_word' id='word_1_290' title='bbox 694 3413 1033 3500; x_wconf 88' lang='lat' dir='ltr'>aliquando</span> <span class='ocrx_word' id='word_1_291' title='bbox 1094 3416 1472 3479; x_wconf 86' lang='lat' dir='ltr'>institutum</span> <span class='ocrx_word' id='word_1_292' title='bbox 1534 3421 1630 3480; x_wconf 87' lang='lat' dir='ltr'>est</span> <span class='ocrx_word' id='word_1_293' title='bbox 1649 3463 1666 3492; x_wconf 88' lang='lat'><strong><em>,</em></strong></span> <span class='ocrx_word' id='word_1_294' title='bbox 1727 3420 1805 3478; x_wconf 92' lang='lat' dir='ltr'>ut</span> <span class='ocrx_word' id='word_1_295' title='bbox 1865 3413 1941 3478; x_wconf 89' lang='lat' dir='ltr'>de</span> <span class='ocrx_word' id='word_1_296' title='bbox 2004 3415 2280 3478; x_wconf 88' lang='lat' dir='ltr'>comitiis</span> <span class='ocrx_word' id='word_1_297' title='bbox 2341 3412 2576 3477; x_wconf 88' lang='lat' dir='ltr'>futuris</span> <span class='ocrx_word' id='word_1_298' title='bbox 2636 3412 2827 3499; x_wconf 82' lang='lat' dir='ltr'>longe</span> 
     </span>
     <span class='ocr_line' id='line_1_31' title="bbox 444 3517 2830 3606; baseline -0.002 -19"><span class='ocrx_word' id='word_1_299' title='bbox 444 3527 629 3587; x_wconf 89' lang='lat' dir='ltr'>antea</span> <span class='ocrx_word' id='word_1_300' title='bbox 685 3523 855 3585; x_wconf 79' lang='lat' dir='ltr'>cives</span> <span class='ocrx_word' id='word_1_301' title='bbox 916 3523 1211 3586; x_wconf 89' lang='lat' dir='ltr'>certiores</span> <span class='ocrx_word' id='word_1_302' title='bbox 1260 3519 1483 3585; x_wconf 86' lang='lat' dir='ltr'>fierent</span> <span class='ocrx_word' id='word_1_303' title='bbox 1528 3518 1734 3585; x_wconf 88' lang='lat' dir='ltr'>edicto</span> <span class='ocrx_word' id='word_1_304' title='bbox 1754 3568 1770 3596; x_wconf 89' lang='lat'>‚</span> <span class='ocrx_word' id='word_1_305' title='bbox 1820 3525 1896 3585; x_wconf 90' lang='lat' dir='ltr'>ut</span> <span class='ocrx_word' id='word_1_306' title='bbox 1941 3522 2302 3606; x_wconf 82' lang='lat' dir='ltr'>rogationes</span> <span class='ocrx_word' id='word_1_307' title='bbox 2349 3517 2830 3606; x_wconf 88' lang='lat' dir='ltr'>promulgaren-</span> 
     </span>
     <span class='ocr_line' id='line_1_32' title="bbox 442 3624 2828 3712; baseline -0 -20"><span class='ocrx_word' id='word_1_308' title='bbox 442 3633 551 3692; x_wconf 79' lang='lat' dir='ltr'>tur</span> <span class='ocrx_word' id='word_1_309' title='bbox 567 3675 584 3704; x_wconf 89' lang='lat'><em>‚</em></span> <span class='ocrx_word' id='word_1_310' title='bbox 650 3631 726 3690; x_wconf 88' lang='lat' dir='ltr'>ut</span> <span class='ocrx_word' id='word_1_311' title='bbox 786 3626 1231 3692; x_wconf 82' lang='lat' dir='ltr'>observaretur</span> <span class='ocrx_word' id='word_1_312' title='bbox 1291 3627 1573 3712; x_wconf 89' lang='lat' dir='ltr'>spatium</span> <span class='ocrx_word' id='word_1_313' title='bbox 1633 3626 1878 3690; x_wconf 87' lang='lat' dir='ltr'>trinum</span> <span class='ocrx_word' id='word_1_314' title='bbox 1923 3625 2284 3690; x_wconf 88' lang='lat' dir='ltr'>nundinum</span> <span class='ocrx_word' id='word_1_315' title='bbox 2301 3673 2316 3702; x_wconf 92' lang='lat'><strong><em>,</em></strong></span> <span class='ocrx_word' id='word_1_316' title='bbox 2366 3624 2434 3689; x_wconf 89' lang='lat' dir='ltr'>id</span> <span class='ocrx_word' id='word_1_317' title='bbox 2479 3627 2677 3690; x_wconf 89' lang='lat' dir='ltr'>etiam</span> <span class='ocrx_word' id='word_1_318' title='bbox 2723 3646 2828 3710; x_wconf 92' lang='lat' dir='ltr'>ap—</span> 
     </span>
     <span class='ocr_line' id='line_1_33' title="bbox 440 3730 2824 3819; baseline -0 -22"><span class='ocrx_word' id='word_1_319' title='bbox 440 3732 752 3819; x_wconf 87' lang='lat' dir='ltr'>plicatum</span> <span class='ocrx_word' id='word_1_320' title='bbox 790 3752 927 3797; x_wconf 91' lang='lat' dir='ltr'>esse</span> <span class='ocrx_word' id='word_1_321' title='bbox 966 3735 1265 3798; x_wconf 86' lang='lat' dir='ltr'>novimus</span> <span class='ocrx_word' id='word_1_322' title='bbox 1304 3732 1383 3796; x_wconf 87' lang='lat' dir='ltr'>ad</span> <span class='ocrx_word' id='word_1_323' title='bbox 1422 3735 1681 3798; x_wconf 82' lang='lat' dir='ltr'>comitia</span> <span class='ocrx_word' id='word_1_324' title='bbox 1721 3734 1964 3797; x_wconf 89' lang='lat' dir='ltr'>curiata</span> <span class='ocrx_word' id='word_1_325' title='bbox 2003 3730 2342 3818; x_wconf 86' lang='lat' dir='ltr'>arrogandi</span> <span class='ocrx_word' id='word_1_326' title='bbox 2375 3751 2564 3796; x_wconf 87' lang='lat' dir='ltr'>causa</span> <span class='ocrx_word' id='word_1_327' title='bbox 2586 3730 2824 3808; x_wconf 87' lang='lat' dir='ltr'>habita,</span> 
     </span>
    </p>
   </div>
   <div class='ocr_carea' id='block_1_5' title="bbox 472 3897 825 3907">
    <p class='ocr_par' dir='ltr' id='par_1_5' title="bbox 472 3897 825 3907">
     <span class='ocr_line' id='line_1_34' title="bbox 472 3897 825 3907; baseline 0 1102"><span class='ocrx_word' id='word_1_328' title='bbox 472 3897 825 3907; x_wconf 95' lang='lat' dir='ltr'> </span> 
     </span>
    </p>
   </div>
   <div class='ocr_carea' id='block_1_6' title="bbox 436 3981 2827 4460">
    <p class='ocr_par' dir='ltr' id='par_1_6' title="bbox 436 3981 2827 4460">
     <span class='ocr_line' id='line_1_35' title="bbox 512 3981 2824 4049; baseline -0.003 -12"><span class='ocrx_word' id='word_1_329' title='bbox 512 3988 564 4048; x_wconf 87' lang='lat'>1)</span> <span class='ocrx_word' id='word_1_330' title='bbox 611 3985 752 4036; x_wconf 77' lang='lat' dir='ltr'>Varr.</span> <span class='ocrx_word' id='word_1_331' title='bbox 801 3985 847 4034; x_wconf 77' lang='grc' dir='ltr'>Β.</span> <span class='ocrx_word' id='word_1_332' title='bbox 869 3985 949 4034; x_wconf 77' lang='grc'>95.</span> <span class='ocrx_word' id='word_1_333' title='bbox 1005 4011 1065 4020; x_wconf 89' lang='grc'>-</span> <span class='ocrx_word' id='word_1_334' title='bbox 1116 3984 1174 4048; x_wconf 76' lang='lat'>2)</span> <span class='ocrx_word' id='word_1_335' title='bbox 1221 3984 1493 4034; x_wconf 81' lang='lat' dir='ltr'>Mommsen</span> <span class='ocrx_word' id='word_1_336' title='bbox 1528 3985 1730 4033; x_wconf 75' lang='lat' dir='ltr'>Staatsr.</span> <span class='ocrx_word' id='word_1_337' title='bbox 1769 3985 1799 4031; x_wconf 81' lang='lat'>3</span> <span class='ocrx_word' id='word_1_338' title='bbox 1834 3999 1942 4049; x_wconf 77' lang='lat' dir='ltr'>pag.</span> <span class='ocrx_word' id='word_1_339' title='bbox 1977 3984 2100 4034; x_wconf 72' lang='lat'>8862</span> <span class='ocrx_word' id='word_1_340' title='bbox 2142 3983 2326 4032; x_wconf 81' lang='lat' dir='ltr'>-Wenn</span> <span class='ocrx_word' id='word_1_341' title='bbox 2363 3984 2447 4033; x_wconf 83' lang='lat' dir='ltr'>der</span> <span class='ocrx_word' id='word_1_342' title='bbox 2480 3981 2824 4047; x_wconf 74' lang='lat' dir='ltr'>oberpontitex</span> 
     </span>
     <span class='ocr_line' id='line_1_36' title="bbox 438 4062 2826 4130; baseline -0.002 -14"><span class='ocrx_word' id='word_1_343' title='bbox 438 4067 516 4117; x_wconf 82' lang='lat' dir='ltr'>die</span> <span class='ocrx_word' id='word_1_344' title='bbox 561 4067 724 4116; x_wconf 83' lang='lat' dir='ltr'>curien</span> <span class='ocrx_word' id='word_1_345' title='bbox 770 4081 855 4115; x_wconf 77' lang='grc'><strong>8111</strong></span> <span class='ocrx_word' id='word_1_346' title='bbox 895 4064 1231 4130; x_wconf 75' lang='lat' dir='ltr'>Abatimmung</span> <span class='ocrx_word' id='word_1_347' title='bbox 1276 4065 1385 4124; x_wconf 85' lang='lat' dir='ltr'>lud,</span> <span class='ocrx_word' id='word_1_348' title='bbox 1430 4068 1532 4116; x_wconf 72' lang='lat' dir='ltr'>trat</span> <span class='ocrx_word' id='word_1_349' title='bbox 1577 4081 1638 4114; x_wconf 85' lang='grc'>811</span> <span class='ocrx_word' id='word_1_350' title='bbox 1687 4065 1763 4114; x_wconf 84' lang='lat' dir='ltr'>die</span> <span class='ocrx_word' id='word_1_351' title='bbox 1805 4065 1955 4115; x_wconf 75' lang='lat' dir='ltr'>Stella</span> <span class='ocrx_word' id='word_1_352' title='bbox 1987 4065 2068 4114; x_wconf 81' lang='lat' dir='ltr'>des</span> <span class='ocrx_word' id='word_1_353' title='bbox 2100 4064 2436 4130; x_wconf 64' lang='lat' dir='ltr'>burgen-lichen</span> <span class='ocrx_word' id='word_1_354' title='bbox 2472 4062 2706 4122; x_wconf 67' lang='grc'><strong>1111101118,</strong></span> <span class='ocrx_word' id='word_1_355' title='bbox 2745 4064 2826 4113; x_wconf 80' lang='lat' dir='ltr'>dea</span> 
     </span>
     <span class='ocr_line' id='line_1_37' title="bbox 436 4143 2827 4215; baseline -0.002 -17"><span class='ocrx_word' id='word_1_356' title='bbox 436 4164 631 4215; x_wconf 82' lang='lat' dir='ltr'>praeco,</span> <span class='ocrx_word' id='word_1_357' title='bbox 684 4150 769 4198; x_wconf 84' lang='lat' dir='ltr'>der</span> <span class='ocrx_word' id='word_1_358' title='bbox 818 4147 999 4196; x_wconf 80' lang='grc'><strong>8801818</strong></span> <span class='ocrx_word' id='word_1_359' title='bbox 1050 4147 1193 4197; x_wconf 83' lang='lat' dir='ltr'>lictor</span> <span class='ocrx_word' id='word_1_360' title='bbox 1241 4145 1533 4206; x_wconf 77' lang='lat' dir='ltr'>curiatius”;</span> <span class='ocrx_word' id='word_1_361' title='bbox 1587 4148 1675 4196; x_wconf 75' lang='lat' dir='ltr'>cfr.</span> <span class='ocrx_word' id='word_1_362' title='bbox 1725 4147 1840 4196; x_wconf 85' lang='lat' dir='ltr'>ibid.</span> <span class='ocrx_word' id='word_1_363' title='bbox 1881 4148 1906 4196; x_wconf 95' lang='lat'>1</span> <span class='ocrx_word' id='word_1_364' title='bbox 1950 4148 2059 4197; x_wconf 74' lang='lat'>19⁹.</span> <span class='ocrx_word' id='word_1_365' title='bbox 2112 4149 2382 4198; x_wconf 73' lang='lat' dir='ltr'>Mommsen</span> <span class='ocrx_word' id='word_1_366' title='bbox 2421 4151 2578 4206; x_wconf 79' lang='lat' dir='ltr'>recte,</span> <span class='ocrx_word' id='word_1_367' title='bbox 2616 4149 2672 4196; x_wconf 79' lang='lat' dir='ltr'>nt</span> <span class='ocrx_word' id='word_1_368' title='bbox 2705 4143 2827 4196; x_wconf 79' lang='lat' dir='ltr'>mihi</span> 
     </span>
     <span class='ocr_line' id='line_1_38' title="bbox 438 4227 2826 4294; baseline -0.001 -14"><span class='ocrx_word' id='word_1_369' title='bbox 438 4231 643 4288; x_wconf 76' lang='lat' dir='ltr'>videtur,</span> <span class='ocrx_word' id='word_1_370' title='bbox 688 4229 814 4278; x_wconf 82' lang='lat' dir='ltr'>cavit</span> <span class='ocrx_word' id='word_1_371' title='bbox 862 4243 1119 4294; x_wconf 79' lang='lat' dir='ltr'>provocare</span> <span class='ocrx_word' id='word_1_372' title='bbox 1164 4230 1222 4278; x_wconf 84' lang='lat' dir='ltr'>ad</span> <span class='ocrx_word' id='word_1_373' title='bbox 1264 4229 1454 4292; x_wconf 69' lang='lat' dir='ltr'>Dionys.</span> <span class='ocrx_word' id='word_1_374' title='bbox 1492 4229 1541 4278; x_wconf 74' lang='lat'>2.</span> <span class='ocrx_word' id='word_1_375' title='bbox 1562 4230 1611 4288; x_wconf 84' lang='lat'>8,</span> <span class='ocrx_word' id='word_1_376' title='bbox 1646 4229 1703 4278; x_wconf 83' lang='lat' dir='ltr'>de</span> <span class='ocrx_word' id='word_1_377' title='bbox 1737 4245 1834 4293; x_wconf 88' lang='lat' dir='ltr'>quo</span> <span class='ocrx_word' id='word_1_378' title='bbox 1867 4228 1971 4278; x_wconf 87' lang='lat' dir='ltr'>loco</span> <span class='ocrx_word' id='word_1_379' title='bbox 2004 4244 2114 4279; x_wconf 86' lang='grc'><strong>811111</strong></span> <span class='ocrx_word' id='word_1_380' title='bbox 2151 4245 2262 4279; x_wconf 73' lang='lat' dir='ltr'>vere</span> <span class='ocrx_word' id='word_1_381' title='bbox 2293 4229 2506 4278; x_wconf 76' lang='grc'><strong>1111118818</strong></span> <span class='ocrx_word' id='word_1_382' title='bbox 2537 4227 2759 4278; x_wconf 72' lang='lat' dir='ltr'>existimo</span> <span class='ocrx_word' id='word_1_383' title='bbox 2793 4229 2826 4278; x_wconf 82' lang='lat'><em>8</em></span> 
     </span>
     <span class='ocr_line' id='line_1_39' title="bbox 439 4310 2824 4378; baseline -0.001 -16"><span class='ocrx_word' id='word_1_384' title='bbox 439 4328 543 4378; x_wconf 78' lang='lat' dir='ltr'>pag.</span> <span class='ocrx_word' id='word_1_385' title='bbox 566 4313 663 4362; x_wconf 79' lang='lat'>888</span> <span class='ocrx_word' id='word_1_386' title='bbox 680 4313 788 4362; x_wconf 77' lang='lat' dir='ltr'>adn.</span> <span class='ocrx_word' id='word_1_387' title='bbox 827 4317 863 4362; x_wconf 88' lang='grc' dir='ltr'>Ι.</span> <span class='ocrx_word' id='word_1_388' title='bbox 899 4337 967 4348; x_wconf 90' lang='lat'><strong>—</strong></span> <span class='ocrx_word' id='word_1_389' title='bbox 1002 4313 1058 4376; x_wconf 79' lang='lat'>8)</span> <span class='ocrx_word' id='word_1_390' title='bbox 1088 4311 1211 4360; x_wconf 75' lang='lat'><em>0011.</em></span> <span class='ocrx_word' id='word_1_391' title='bbox 1254 4312 1329 4361; x_wconf 75' lang='lat'>15.</span> <span class='ocrx_word' id='word_1_392' title='bbox 1350 4311 1506 4364; x_wconf 73' lang='lat'><strong>87.2:</strong></span> <span class='ocrx_word' id='word_1_393' title='bbox 1549 4310 1889 4374; x_wconf 61' lang='grc'><strong>»(881810111111)</strong></span> <span class='ocrx_word' id='word_1_394' title='bbox 1925 4315 2085 4362; x_wconf 79' lang='lat' dir='ltr'>autem</span> <span class='ocrx_word' id='word_1_395' title='bbox 2119 4312 2214 4362; x_wconf 85' lang='grc'><strong>8118</strong></span> <span class='ocrx_word' id='word_1_396' title='bbox 2247 4327 2346 4362; x_wconf 86' lang='grc'><strong>8888</strong></span> <span class='ocrx_word' id='word_1_397' title='bbox 2377 4312 2566 4362; x_wconf 76' lang='lat' dir='ltr'>curiata</span> <span class='ocrx_word' id='word_1_398' title='bbox 2591 4311 2686 4361; x_wconf 78' lang='lat' dir='ltr'>alia</span> <span class='ocrx_word' id='word_1_399' title='bbox 2713 4327 2824 4361; x_wconf 85' lang='grc'><strong>8811·</strong></span> 
     </span>
     <span class='ocr_line' id='line_1_40' title="bbox 439 4393 2822 4460; baseline 0 -16"><span class='ocrx_word' id='word_1_400' title='bbox 439 4396 646 4454; x_wconf 79' lang='lat' dir='ltr'>turiata3</span> <span class='ocrx_word' id='word_1_401' title='bbox 679 4395 864 4444; x_wconf 83' lang='lat' dir='ltr'>curiata</span> <span class='ocrx_word' id='word_1_402' title='bbox 896 4410 983 4460; x_wconf 82' lang='lat' dir='ltr'>per</span> <span class='ocrx_word' id='word_1_403' title='bbox 1010 4394 1230 4444; x_wconf 70' lang='lat' dir='ltr'>lictorem</span> <span class='ocrx_word' id='word_1_404' title='bbox 1262 4394 1519 4444; x_wconf 74' lang='lat' dir='ltr'>caristium</span> <span class='ocrx_word' id='word_1_405' title='bbox 1548 4394 1698 4444; x_wconf 86' lang='grc'><strong>881811</strong></span> <span class='ocrx_word' id='word_1_406' title='bbox 1725 4395 1803 4444; x_wconf 87' lang='grc'><strong>1.8.</strong></span> <span class='ocrx_word' id='word_1_407' title='bbox 1823 4395 2069 4455; x_wconf 73' lang='lat' dir='ltr'>advocari,</span> <span class='ocrx_word' id='word_1_408' title='bbox 2088 4395 2359 4446; x_wconf 74' lang='lat' dir='ltr'>centuriata</span> <span class='ocrx_word' id='word_1_409' title='bbox 2377 4409 2464 4460; x_wconf 76' lang='lat' dir='ltr'>per</span> <span class='ocrx_word' id='word_1_410' title='bbox 2480 4393 2822 4445; x_wconf 77' lang='lat' dir='ltr'>cornicinem”.</span> 
     </span>
    </p>
   </div>
  </div>
 </body>
</html>
