3192 5009
571 213 700 280 132
1571 231 1920 283 nomos.

564 404 675 464 tur
744 404 933 480 (anno
994 395 1215 481 1729),
1296 403 1391 467 ita
1458 406 1676 466 tamen
1743 408 1818 467 ut
1887 403 1966 467 ab
2030 404 2170 488 ipso
2237 405 2543 488 scriptore
2611 403 2792 468 haud
2875 405 2980 470 ita

560 505 730 572 clare
768 506 1162 573 intellectam
1207 527 1343 574 esse
1388 514 1606 593 pateat
1635 509 1704 589 1).
1752 509 2058 594 Apertius
2103 507 2391 574 Bentleio
2439 509 2613 575 favet
2649 507 2978 576 Olarkius

565 617 837 679 triennio
906 620 1052 699 post
1117 615 1186 678 in
1263 617 1671 680 annotatione
1752 614 1832 679 ad
1911 625 1966 680 Π
2015 611 2142 680 172
2172 613 2224 695 ⁹)
2243 663 2260 692 ‚
2339 613 2609 680 meliora
2684 615 2980 682 fortasse

561 723 825 786 interim
891 721 969 786 ab
1042 723 1247 785 amico
1315 720 1593 786 edoctus.
1661 721 1906 786 Eodem
1967 727 2189 786 autem
2254 740 2415 786 anno
2479 719 2713 802 (1732)
2765 720 2982 786 Bent-

560 825 726 892 leius
785 830 921 912 ipse
983 846 1221 892 novam
1254 826 1628 892 'editionem
1684 828 1976 892 Paradisi
2035 829 2256 892 amissi
2317 827 2614 893 Miltonis
2661 830 2974 904 curavit3

560 936 629 997 in
715 953 839 1018 qua
920 935 1279 998 recensione
1298 982 1315 1010 ‚
1401 937 1579 998 tanto
1661 936 1921 1019 ingenio
1991 933 2259 1020 indigna
2329 970 2414 981 —-
2487 953 2638 998 nam
2703 936 2978 998 iterum

562 1042 837 1105 amissus
884 1058 1051 1116 esse,
1099 1042 1302 1103 immo
1349 1038 1712 1123 disperiisse
1760 1040 2093 1124 paradisus
2140 1040 2482 1106 videbatur
2519 1045 2662 1126 post
2697 1039 2978 1105 Bentlei

559 1167 743 1211 curas
787 1148 1042 1210 criticas
1088 1183 1174 1194 -—
1222 1167 1371 1211 cum
1418 1145 1710 1210 citandus
1756 1151 1923 1211 esset
1967 1145 2146 1211 locus
2185 1145 2569 1212 Homericus
2588 1196 2604 1224 ,
2645 1148 2976 1232 appinxit

558 1252 847 1319 litteram
916 1253 1246 1339 digamma
1274 1250 1345 1333 3).
1415 1253 1505 1318 At
1566 1252 1713 1317 vide
1775 1252 2086 1337 quantillo
2153 1258 2481 1319 momento
2527 1251 2976 1339 impellantur

560 1364 808 1425 mentes
852 1359 1197 1424 hominum
1243 1361 1413 1424 inter
1458 1379 1700 1424 errores
1749 1364 1814 1424 et
1858 1379 2012 1424 vera
2058 1358 2470 1425 vacillantes:
2513 1381 2638 1425 non
2676 1359 2978 1424 admira-

558 1466 795 1531 bantur
840 1486 1108 1531 acumen
1152 1468 1397 1552 ingenii
1443 1463 1802 1530 Bentleiani
1848 1486 2051 1551 neque
2103 1466 2331 1552 cupide
2377 1467 2771 1552 arripiebant
2819 1470 2976 1533 eius

558 1575 899 1639 inventum
917 1621 933 1650 ‚
982 1572 1094 1638 sed
1138 1572 1427 1637 ridebant
1474 1572 1749 1637 formam
1795 1574 1966 1636 iusto
2012 1575 2325 1637 maiorem
2362 1571 2616 1638 litterae
2651 1571 2976 1638 insolitae

561 1677 889 1760 (Ῥέοικας),
954 1699 1149 1763 quam
1198 1677 1448 1755 „veluti
1495 1675 1765 1755 ἄμουσον
1813 1677 2130 1764 quendam
2179 1677 2455 1744 Saulum
2501 1701 2693 1766 super
2741 1685 2976 1746 cetera

560 1785 877 1850 elementa
913 1783 1234 1849 eminere''
1274 1783 1457 1848 dicax
1488 1790 1676 1868 poeta
1699 1784 1984 1849 acerbius
2007 1805 2202 1870 quam
2225 1785 2492 1850 facetius
2515 1785 2861 1851 iocabatur
2889 1792 2969 1865 ⁴).

649 1891 1078 1976 Margaritam
1094 1939 1111 1968 ,
1181 1892 1365 1954 cuius
1428 1891 1714 1974 pretium
1777 1892 1886 1954 vix
1935 1912 2104 1955 unus
2152 1902 2218 1956 et
2265 1890 2429 1956 alter
2473 1894 2643 1956 inter
2689 1890 2967 1957 Bentlei

560 1999 797 2063 amicos
868 2003 933 2061 et
1002 1995 1346 2080 discipulos
1410 2001 1798 2081 agnoverat,
1867 2016 1900 2059 e
1965 2017 2157 2061 coeno
2221 2018 2346 2082 quo
2410 1997 2656 2062 abiecta
2700 1999 2973 2064 iacebat

559 2106 807 2189 primus
869 2101 1135 2166 sustulit
1193 2104 1250 2165 is
1300 2103 1413 2186 qui
1463 2100 1877 2178 „Bentleium
1925 2101 2090 2166 nihil
2137 2105 2206 2167 in
2257 2099 2516 2169 Graecis
2565 2107 2970 2190 cognovisse

557 2212 683 2273 nisi
743 2230 821 2274 ex
882 2207 1198 2272 indicibus
1258 2207 1580 2293 petitum'’
1647 2208 1958 2273 affirmare
2020 2229 2146 2274 non
2193 2209 2470 2274 erubuit.
2520 2208 2736 2275 Tertio
2785 2232 2968 2278 anno

556 2321 702 2400 post
738 2314 990 2380 Bentlei
1035 2319 1311 2378 mortem
1355 2313 1571 2379 lucem
1619 2313 2044 2399 adspexerunt
2091 2313 2366 2380 R10ARD1
2412 2314 2656 2382 DAwns
2701 2317 2972 2382 Misceb-

558 2421 737 2484 lanea
776 2421 990 2483 critica
1034 2417 1289 2502 (1745),
1332 2422 1516 2484 cuius
1553 2419 1704 2485 libri
1744 2423 2020 2485 sectione
2059 2419 2175 2484 IV·
2216 2425 2436 2507 agitur
2473 2424 2547 2485 de
2570 2425 2972 2488 consonantis

557 2549 675 2590 vau
720 2527 961 2590 virtute.
1010 2525 1186 2590 Haec
1231 2529 1688 2592 commentatio
1737 2529 1858 2591 etsi
1905 2526 2342 2613 singularibus
2389 2531 2638 2614 ingenii
2685 2528 2967 2594 dotibus

556 2635 754 2709 nitet,
798 2631 943 2717 plus
983 2637 1199 2696 tamen
1234 2634 1452 2697 nocuit
1490 2632 1677 2697 bonis
1715 2631 1952 2700 litteris
1991 2654 2188 2718 quam
2225 2634 2485 2719 profuit.
2535 2633 2765 2699 Insunt
2801 2656 2966 2702 sane

556 2738 1027 2803 observationes
1100 2739 1506 2802 acutissimae
1524 2787 1541 2815 ,
1604 2741 1902 2824 egregiae
1961 2739 2434 2804 emendationes
2459 2742 2515 2820 5)
2581 2740 2965 2826 complures

624 2969 673 3030 1)
712 2968 949 3034 ‚Spiritus
981 2982 1117 3033 asper
1151 2982 1289 3033 saepe
1323 2969 1552 3031 tanquam
1584 2981 1847 3016 consonans
1881 2965 2306 3031 pronunciabatur,
2342 2966 2415 3016 vel
2449 2969 2680 3032 tanquam
2701 2969 2962 3021 Aeolicum

559 3052 841 3116 ‚digram-ma.
893 3051 963 3098 Ut
1011 3077 1077 3087 —
1108 3049 1229 3112 φιλὲ
1265 3046 1405 3110 imp?
1440 3045 1592 3106 δεινός
1627 3065 1700 3097 τε.
1735 3049 2000 3113 Iaegebatnr
2037 3049 2136 3098 fere
2169 3051 2396 3114 tanquam
2431 3049 2472 3098 si
2507 3050 2740 3116 scriptum
2777 3051 2964 3103 fuis-et

561 3134 786 3197 ,φιλέφφ
820 3129 989 3194 ἔκυρέδ
1024 3129 1176 3189 δεινός
1210 3129 1322 3180 τε.”

622 3217 678 3279 2)
716 3217 823 3264 Hoc
856 3215 1077 3264 volumen
1113 3219 1227 3278 post
1254 3219 1458 3264 mortem
1495 3212 1685 3263 Clarkii
1719 3213 1900 3277 prodiit
1933 3229 2057 3262 anno
2092 3213 2238 3266 1732.
2277 3214 2428 3263 Locus
2463 3213 2539 3262 hic
2568 3217 2665 3263 est:
2701 3212 2966 3284 ‚tima-ee]

559 3298 873 3348 ⁰0bservavit
907 3297 997 3346 Vir
1030 3311 1242 3346 summae
1272 3295 1584 3354 eruditionis,
1620 3295 1892 3345 Richardus
1921 3296 2198 3360 Bentlcius,
2233 3296 2459 3346 vocabula
2476 3295 2600 3361 ἄναξ
2619 3299 2668 3346 et
2685 3295 2957 3358 ἀνάσσειν,

561 3395 876 3446 ‚quamquam
900 3381 1192 3443 frequenter
1226 3379 1351 3443 apud
1394 3377 1650 3428 Homerum
1683 3382 1967 3437 occurrunt,
2000 3382 2160 3428 tamen
2197 3379 2331 3428 haud
2352 3381 2459 3442 sm
2485 3379 2601 3428 ull-'s
2633 3379 2686 3429 in
2721 3379 2843 3430 locis
2881 3381 2962 3432 ita

560 3464 745 3530 aposita
790 3460 1020 3526 reperiri,
1067 3460 1183 3524 quin
1224 3461 1471 3510 snwcedat
1502 3464 1588 3510 ant
1624 3460 1827 3518 vocalis,
1861 3464 1945 3510 sut
1978 3460 2108 3510 istud
2143 3460 2182 3508 ν’
2217 3461 2554 3526 paragogicum
2587 3459 2638 3508 in
2675 3461 2958 3514 Nominum

559 3545 935 3606 ‚verborumque
963 3543 1057 3590 fine
1088 3557 1516 3606 supervacaneum,
1552 3544 1680 3606 quod
1718 3541 1890 3606 ubique
1925 3541 2027 3590 sine
2061 3542 2307 3608 dispendio
2341 3541 2612 3606 dempseris.
2669 3543 2809 3591 Unde
2849 3559 2960 3594 ne-

558 3627 685 3679 ‚rito
734 3624 948 3689 colligit,
999 3623 1225 3673 vocabula
1275 3624 1391 3684 ista,
1447 3623 1497 3672 in
1546 3639 1764 3674 sermone
1815 3625 2029 3683 Aeolica,
2077 3627 2284 3689 praefixo
2319 3625 2586 3688 Diqanna,
2623 3626 2956 3690 pronuntiata

559 3709 731 3760 ‚fuisse
776 3705 943 3771 πάναξ
987 3709 1036 3754 et
1082 3703 1375 3754 πανάσσειν.
1424 3705 1569 3766 Quod
1617 3706 1659 3754 si
1705 3721 1872 3756 verum
1919 3710 2019 3764 est,
2055 3721 2345 3771 consequens
2379 3706 2500 3764 erit,
2540 3709 2593 3755 ut
2629 3721 2718 3754 vox
2753 3704 2956 3762 ἤνασσε

558 3790 898 3858 „pronuntiata
932 3788 1079 3837 fuerit
1114 3785 1396 3836 ἐπάνω-σε·
1435 3788 1665 3851 ideoque,
1699 3789 1848 3852 (quod
1882 3792 2052 3838 notatu
2087 3787 2418 3853 dignissimum
2449 3787 2573 3852 θεὴ)
2603 3788 2900 3840 versiculum
2921 3807 2954 3840 a

557 3889 699 3924 ‚voce
732 3870 943 3929 ἤνασσεν
978 3871 1053 3920 vel
1089 3868 1302 3926 ἤνασσον
1338 3870 1630 3928 inchoatum.
1666 3873 1790 3937 apud
1828 3869 2086 3922 Homerum
2117 3887 2352 3937 nusquam
2388 3869 2652 3936 reperias.”

620 3959 670 4017 8)
705 3955 779 4004 Cf.
818 3955 1012 4004 Hnmz
1046 3955 1189 4003 Iliad.
1230 3954 1327 4004 VII
1364 3971 1409 4020 p.
1446 3954 1558 4006 721.

621 4038 677 4102 4)
711 4037 853 4086 Pon
886 4035 1122 4086 Duo-eiad.
1160 4036 1229 4084 1v
1267 4035 1366 4088 217
1384 4051 1485 4101 σφι

1158 4116 1411 4183 ntow’ring
1444 4119 1544 4168 o'er
1577 4135 1702 4183 your
1733 4119 1998 4185 Alphnbet,
2031 4119 2130 4170 like
2165 4119 2307 4178 Saul,

1026 4199 1235 4250 ..stands
1268 4217 1359 4250 our
1395 4202 1670 4265 Digsmma‚
1708 4203 1799 4252 and
1832 4201 2041 4268 o’ertops
2075 4203 2207 4252 them
2243 4200 2362 4252 alr'.

620 4289 669 4346 5)
721 4284 805 4334 Ex.
858 4297 929 4348 gr.
980 4279 1129 4342 θυμὸν
1175 4279 1219 4331 δ’
1258 4280 1388 4332 'laen
1436 4281 1679 4342 νάνακτος
1721 4285 1884 4349 ξ438,
1929 4287 2091 4341 στῆτε
2137 4281 2457 4349 πσλιχθέντις
2492 4289 2543 4333 Λ
2561 4283 2676 4345 587,
2709 4301 2937 4352 quaeque

546 4372 795 4436 praeterea
826 4368 886 4417 de
919 4365 1077 4416 radice
1114 4376 1256 4416 ηλικ
1290 4367 1571 4434 disputavit.
