3192 5009
1311 358 1649 410 nonanus.
1978 364 1987 372 ·
2583 342 2667 409 33

560 516 899 593 laevum
943 527 1315 594 marinae
1362 530 1504 614 qui
1550 526 1899 593 Veneris
1944 526 2173 593 latus

564 633 969 699 custodit.
1017 632 1207 711 Hic,
1257 634 1394 699 hic
1441 636 1733 720 ponite
1778 632 2065 700 lucida

563 737 896 804 funalia
941 745 1020 804 et
1068 741 1342 805 vectis
1387 745 1467 805 et
1514 760 1756 805 arcus

565 848 994 933 oppositis
1038 846 1371 912 foribus
1417 848 1795 937 minacis.

293 951 508 1019 Solent
553 959 768 1018 tamen
817 955 1018 1019 teneri
1063 957 1400 1039 poetarum
1445 954 1645 1017 animi
1693 988 1779 1001 -—-
1827 973 1941 1018 nec
1989 958 2245 1019 tantum
2288 974 2513 1020 eorum
2559 956 2671 1040 qui

293 1061 412 1126 sub
473 1059 779 1146 tepidiore
839 1058 1012 1125 coelo
1074 1063 1225 1125 sunt
1269 1060 1403 1123 nati
1421 1108 1438 1137 ,
1487 1057 1597 1124 sed
1644 1061 1842 1123 etiam
1889 1061 2000 1144 qui
2044 1062 2279 1124 vivunt
2322 1062 2391 1125 in
2438 1062 2669 1126 nostris

291 1167 600 1232 tractibus
617 1214 633 1243 ‚
682 1186 840 1252 quos
885 1164 1153 1231 nebulae
1200 1164 1534 1251 malusque
1579 1164 1827 1251 Iupiter
1872 1171 2065 1251 urget
2089 1203 2174 1213 —-
2201 1165 2411 1232 multo
2458 1168 2670 1253 mag-is

292 1292 488 1357 quam
531 1271 772 1359 vulgus
804 1273 1148 1337 hominum
1184 1273 1442 1337 obnoxii
1479 1292 1615 1337 esse
1654 1270 1826 1337 dulci
1852 1274 2087 1337 amoris
2116 1271 2387 1339 affectui.
2432 1273 2671 1339 Amant

287 1378 738 1466 frigescentem
797 1380 977 1444 annis
1037 1380 1330 1443 animum
1389 1376 1672 1443 refovere
1735 1383 1925 1463 atque
1988 1399 2266 1446 recreare
2329 1378 2505 1445 dulci
2556 1380 2675 1445 for-

291 1505 505 1550 mosae
556 1484 921 1551 'iuventutis
982 1484 1398 1551 admiratione
1455 1490 1520 1549 et
1565 1486 1943 1549 commercio
1961 1532 1977 1562 ,
2028 1488 2227 1551 etiam
2269 1488 2326 1552 si
2370 1488 2674 1558 iuventus

287 1590 407 1658 illa
450 1597 748 1677 proterva
790 1612 916 1655 non
960 1596 1216 1656 tantum
1261 1611 1366 1656 eos
1415 1589 1616 1655 allicit
1660 1589 2042 1677 petulanter,
2090 1590 2202 1657 sed
2248 1611 2433 1678 saepe
2472 1595 2669 1658 etiam

292 1698 700 1783 impudenter
741 1694 1016 1784 repellit.
1079 1696 1178 1760 Ad
1218 1697 1382 1762 hanc
1426 1717 1645 1761 rerum
1691 1696 2129 1763 condicionem
2174 1705 2363 1784 poeta
2411 1698 2673 1785 quadra-

294 1806 594 1891 genarius
639 1802 888 1869 adludit
931 1808 1118 1867 acuta
1160 1802 1478 1867 brevitate
1525 1804 1594 1866 in
1642 1806 1932 1888 sequenti
1979 1805 2271 1890 stropha:

566 1908 618 1974 Ο
666 1930 870 1996 quae
917 1909 1280 1986 beatam,
1329 1907 1557 1985 diva,
1608 1913 1845 1975 tenes
1890 1906 2262 1997 Cyprum
2307 1918 2389 1977 et

567 2015 989 2101 Memphin
1035 2020 1459 2080 carentem
1505 2012 1901 2081 Sithonia
1944 2018 2174 2096 nive,

568 2124 901 2210 regina,
951 2119 1302 2186 sublimi
1345 2119 1710 2207 flagello

567 2233 817 2316 tange
865 2224 1179 2293 Chloen
1226 2225 1485 2291 semel
1531 2234 2067 2315 arrogantem

296 2336 658 2419 iterumque
722 2334 1303 2420 quinquagenarius
1346 2333 1415 2397 in
1459 2335 1729 2418 primo
1775 2336 2055 2400 carmine
2102 2339 2386 2420 quarti
2431 2336 2669 2417 libri,

297 2442 367 2505 in
407 2461 565 2527 qu0,
613 2444 952 2525 postquam
995 2460 1092 2505 vs.
1136 2438 1223 2503 29
1249 2458 1382 2525 sqq.
1433 2437 1813 2506 declaravit:

568 2545 694 2612 Me
739 2566 883 2611 nec
929 2546 1237 2611 femina
1281 2565 1424 2611 nec
1468 2566 1677 2631 puer

567 2654 728 2718 iam
775 2672 917 2717 nec
962 2673 1150 2738 spes
1194 2654 1454 2717 animi
1499 2652 1845 2719 credula
1889 2656 2167 2719 mutui

567 2780 710 2825 nec
757 2765 1079 2825 certare
1125 2760 1367 2823 iuvat
1412 2780 1635 2825 mero

327 2935 335 2941 ,
477 2904 482 2909 ·
565 2886 710 2931 nec
754 2866 1087 2931 vincire
1133 2866 1374 2930 novis
1419 2870 1795 2952 tempora
1839 2866 2217 2933 floribus

302 2970 636 3058 derepente
679 2974 770 3036 sic
817 2972 1140 3058 queritur:

574 3076 730 3144 Sed
775 3098 949 3155 cur,
998 3078 1183 3154 heu,
1230 3076 1675 3165 Ligurine,
1722 3098 1867 3144 cur

567 3191 844 3250 manat
888 3205 1074 3250 rara
1117 3205 1336 3251 meas
1381 3184 1734 3253 lacrima
1780 3208 1922 3272 per
1966 3184 2265 3274 genas?

571 3338 1146 3356 ......
1235 3293 1402 3357 18111
1449 3290 1885 3358 volucrem
1933 3312 2242 3379 sequor

568 3404 650 3464 te
695 3419 836 3484 per
881 3399 1262 3485 gramina
1307 3396 1613 3463 Martii

570 3502 895 3590 Campi,
944 3509 1022 3569 te
1068 3524 1209 3588 per
1253 3523 1540 3589 aquas,
1591 3504 1826 3582 dure,
1877 3504 2320 3572 volubilis.

301 3608 473 3677 Inest
514 3613 583 3676 in
627 3611 728 3677 his
774 3612 1036 3698 egregia
1078 3612 1281 3676 ironia
1324 3615 1548 3696 poetae
1596 3610 1856 3676 fatentis
1903 3609 2223 3698 simulque
2269 3612 2533 3679 ridentis
2580 3635 2671 3681 se-

303 3716 502 3783 nilem
547 3715 915 3783 stultitiam.

390 3821 692 3892 Ceterum
737 3825 1130 3889 consociatur
1173 3824 1291 3888 hoc
1334 3819 1508 3900 1000,
1557 3828 1635 3887 ut
1682 3822 1799 3909 Ep.
1847 3822 1951 3887 11.
1979 3822 2022 3888 4
2058 3829 2124 3889 et
2158 3822 2290 3890 Sat.
2332 3823 2394 3890 2.
2422 3824 2484 3890 3.
2514 3824 2667 3904 325,

303 3950 481 3996 amor
523 3950 871 4015 puerorum
915 3950 1064 3995 cum
1109 3928 1496 3995 feminarum
1543 3948 1757 3993 amore
1803 3931 1927 4007 ita,
1975 3934 2052 3993 ut
2086 3951 2212 3995 non
2249 3929 2669 3997 dubitandum

301 4036 386 4101 sit
401 4083 420 4113 ,
483 4037 638 4121 quin
688 4036 860 4101 haud
905 4034 1092 4101 aliter
1136 4043 1326 4121 atque
1372 4034 1710 4101 Iuventius
1757 4055 1795 4100 a
1840 4032 2096 4102 Catullo
2142 4041 2208 4101 et
2251 4035 2588 4103 Marathus
2634 4057 2671 4104 a

301 4138 589 4220 Tibullo,
631 4145 826 4209 etiam
862 4141 1168 4228 Lyciscus
1206 4141 1326 4227 Ep.
1368 4140 1470 4206 11.
1500 4139 1588 4204 24
1629 4147 1695 4205 et
1731 4147 1910 4206 tener
1929 4140 2235 4229 Lycidas,
2280 4164 2423 4228 quo
2462 4144 2669 4212 calet

301 4250 670 4314 iuventas
729 4269 932 4313 nunc
995 4250 1265 4325 omnis,
1324 4247 1357 4312 1
1405 4247 1466 4312 4.
1500 4246 1604 4326 19,
1674 4244 2062 4332 Cnidiusque
2113 4244 2335 4334 Gyges
2381 4249 2444 4314 11
2492 4248 2552 4316 5.
2579 4251 2668 4317 20

301 4374 521 4420 revera
579 4354 818 4421 fuerint
880 4356 1078 4419 amati
1137 4354 1215 4419 ab
1277 4353 1547 4419 Horatio
1612 4352 1718 4419 vel
1780 4353 1857 4418 ab
1918 4351 2059 4418 aliis
2078 4402 2095 4432 ,
2144 4360 2220 4418 ut
2263 4353 2516 4441 Mystes
2558 4358 2669 4432 ille

301 4458 362 4526 11
411 4458 474 4538 9,
539 4463 722 4527 cuius
784 4460 1035 4526 obitum
1096 4462 1288 4525 nimis
1351 4459 1541 4525 flebat
1603 4458 1905 4547 Valgius,
1967 4462 2070 4525 vir
2128 4482 2296 4526 unus
2340 4463 2409 4525 111
2453 4467 2670 4549 paucis

2353 4581 2385 4631 a
