3192 5009
532 222 614 291 12
1517 241 1928 292 sermome.

521 407 813 487 τρυφοίην
832 432 847 448 ·
910 410 1059 474 hinc
1120 430 1341 474 veram
1399 407 1740 474 lectionem
1802 429 1937 474 esse
1997 411 2294 475 existimo
2340 408 2638 492 τρυφῴην.
2710 408 2893 490 Quod

525 522 743 581 autem
807 518 1026 603 ipsum
1093 536 1401 581 versuum
1471 520 1931 602 argumentum
2000 518 2153 581 satis
2215 516 2454 583 indicat
2470 566 2486 595 ,
2551 524 2690 581 astte
2748 536 2893 581 eam

523 622 848 708 stropham
916 619 1455 707 transponendum
1517 628 1615 687 est
1660 621 2132 708 paenultimum
2179 622 2545 689 distichum.
2608 622 2896 708 Denique

515 731 584 794 in
625 732 910 793 extremo
951 730 1229 793 carmine
1269 726 1482 792 editur
1527 728 1769 805 οὐρανὸν
1817 722 1906 797 fix
1925 752 1953 791 ε
1975 749 2036 791 ν·
2084 731 2153 792 in
2193 726 2424 795 Codice
2462 727 2705 816 legitur
2729 725 2851 793 ἴδεν
2872 748 2886 767 ·

526 856 652 899 non
699 839 961 899 utemur
996 838 1214 899 autem
1255 831 1636 920 Matrangae
1675 836 2058 899 correctione
2076 882 2092 911 ‚
2134 834 2246 900 sed
2285 855 2661 920 reponemus
2702 830 2781 897 Ῑκ
2795 858 2823 899 ε
2844 858 2893 911 ν,

529 961 692 1027 quae
739 939 1097 1005 emendatio
1146 960 1272 1003 non
1319 941 1456 1025 egit
1503 939 2068 1006 commendatione.

618 1044 825 1111 Unica
869 1051 1156 1132 superest
1203 1047 1478 1131 suspicio
1527 1066 1725 1131 eaque
1773 1046 2038 1111 sortasse
2085 1065 2210 1111 non
2253 1047 2446 1111 nimis
2493 1052 2697 1125 certa3
2746 1066 2897 1110 nam

528 1174 623 1218 vs.
692 1151 776 1217 12
836 1158 1023 1238 poeta
1085 1150 1307 1216 aedem
1371 1150 1436 1216 S.
1501 1150 1791 1237 Sepulcri
1847 1152 1997 1232 ἱερὸν
2060 1176 2097 1216 κ
2117 1151 2150 1216 ύ
2168 1152 2308 1229 βον
2369 1151 2680 1239 appellat,
2730 1149 2897 1237 quod

527 1257 682 1344 quid
741 1260 827 1323 sit
883 1278 1034 1323 cum
1099 1259 1367 1321 minime
1416 1263 1746 1343 appareat,
1796 1260 2030 1343 poterit
2074 1260 2293 1343 reponi
2342 1257 2420 1323 od
2435 1272 2474 1322 λ
2493 1280 2520 1322 ο
2536 1283 2567 1322 ν
2593 1307 2609 1336 ,
2658 1260 2726 1323 in
2774 1278 2897 1342 quo

526 1362 835 1430 vocabulo
884 1369 1052 1429 certe
1097 1383 1224 1427 non
1263 1370 1360 1427 est
1406 1364 1575 1448 quod
1616 1384 1783 1427 nunc
1822 1363 2082 1449 quidem
2120 1362 2509 1429 offendamur
2548 1362 2899 1429 masculino

528 1490 781 1557 genere.
830 1468 1003 1535 Fieri
1050 1489 1299 1554 quoque
1346 1474 1556 1554 potest
1574 1518 1590 1547 ,
1638 1474 1715 1534 ut
1761 1474 1949 1554 poeta
1996 1471 2217 1535 κύκλον
2263 1469 2539 1547 dederit,
2589 1469 2701 1536 sed
2736 1467 2899 1534 fflud

532 1575 726 1641 male.

619 1680 762 1747 Non
824 1679 1108 1745 alienum
1165 1679 1330 1744 mihi
1374 1680 1633 1745 videtur
1677 1680 2089 1745 emendatum
2134 1702 2387 1748 carmen
2432 1701 2745 1769 apponere
2762 1729 2780 1759 ,
2825 1686 2903 1745 ut

532 1788 801 1854 lectores
865 1784 1114 1851 facilius
1176 1785 1457 1852 iudicare
1516 1788 1763 1872 possint
1822 1786 1899 1852 de
1959 1789 2450 1854 correctionibus
2467 1837 2483 1866 ‚
2532 1808 2689 1873 quas
2738 1808 2905 1853 com-

533 1893 1001 1961 mendavimus.

1137 2021 1399 2123 “Areon
1446 2044 1731 2120 πόλισμα
1782 2046 1930 2109 θεῖον

1250 2158 1692 2236 Ἰερουσαλήμ,
1742 2156 1891 2228 τεὰς
1941 2160 2041 2221 νῦν

1253 2262 1432 2327 ἐθέλω
1481 2263 1693 2336 πύλας
1742 2262 2059 2342 περαίνειν,

1253 2364 1324 2433 ἵν’
1376 2370 1701 2446 ἀγαλλιῶν
1751 2367 1996 2433 ἐσέλθω.

983 2473 1023 2540 5
1073 2474 1369 2552 Εὖαγέων
1420 2473 1719 2551 Σολύμων
1770 2470 1958 2546 ἔνθεος
2007 2468 2196 2554 οἷς-ρος

1074 2578 1204 2646 αἰέν
1252 2580 1403 2657 έμῆν
1449 2579 1695 2660 κραδίην
1743 2580 1980 2661 σφόδρα
2024 2578 2349 2661 δαμάζεις.

1151 2680 1406 2769 Βαδιῶν
1455 2700 1554 2766 ἐπὶ
1607 2706 1861 2766 πλακῶν
1908 2724 2012 2766 σου

1258 2814 1318 2885 ές
1366 2811 1704 2880 ’Ardeam
1749 2810 2063 2891 κατέλθω,

1258 2916 1341 2985 301
1389 2916 1722 2995 παντοὶναξ
1769 2918 1953 2995 οξνέςη

949 3027 1032 3094 10
1263 3024 1525 3091 θανάτου
1570 3024 1788 3105 κράτος
1841 3027 2153 3102 πατήσας.

1158 3126 1232 3216 Γ
1232 3145 1475 3225 λυκερὸν
1526 3146 1704 3212 πέδον
1748 3146 2027 3228 Φιλήσω,

1258 3259 1409 3336 ἱερὸν
1458 3257 1624 3323 θόλον
1674 3257 1940 3336 κατίδω,

1258 3362 1469 3442 μέγαν
1520 3362 1918 3444 οὖρανόςεγόν
1968 3376 2039 3429 τ·ε

1261 3470 1544 3548 τέτρασιν
1590 3470 1798 3543 ςύλοις
1842 3494 1914 3534 τε
1961 3470 2258 3551 Φρακτόν.

953 3590 1035 3655 15
1173 3564 1336 3660 Διὰ
1383 3592 1674 3669 βήματος
1724 3592 1785 3657 32
1833 3590 1986 3656 0010..

1262 3703 1449 3780 μέσον
1500 3706 1559 3775 ές
1610 3702 1814 3786 τάφον
1863 3706 2009 3768 θεοῖο

1263 3814 1532 3888 γεγονὼς
1579 3810 1803 3891 πέτρην
1850 3810 2076 3884 ἐκείνην

1263 3917 1448 3991 μάλα
1496 3923 1832 3995 προσκυνῶν
1878 3917 2141 3995 Φιλῆσω.

1159 4013 1336 4107 Ἐπ’
1384 4037 1635 4115 ἀναξίου
1681 4038 1744 4102 δὲ
1790 4036 2038 4115 τύμβου

948 4149 1036 4215 20
1264 4152 1464 4222 κίονας
1515 4148 1717 4226 κύκλῳ
1766 4173 1837 4212 τε
1890 4149 2136 4228 κόγχας

1261 4256 2031 4336 ἀκροκρινοχρυσομόρφους

1261 4360 1492 4446 φιλέων
1540 4357 1712 4439 ἄγαν
1759 4360 2050 4442 χορεύσω.
