<?xml version="1.0" encoding="UTF-8"?>
<!DOCTYPE html PUBLIC "-//W3C//DTD XHTML 1.0 Transitional//EN"
    "http://www.w3.org/TR/xhtml1/DTD/xhtml1-transitional.dtd">
<html xmlns="http://www.w3.org/1999/xhtml" xml:lang="en" lang="en">
 <head>
  <title>
</title>
<meta http-equiv="Content-Type" content="text/html;charset=utf-8" />
  <meta name='ocr-system' content='tesseract 3.04.00' />
  <meta name='ocr-capabilities' content='ocr_page ocr_carea ocr_par ocr_line ocrx_word'/>
</head>
<body>
  <div class='ocr_page' id='page_1' title='image "./mnemosyne07servgoog_0885.png"; bbox 0 0 3192 5009; ppageno 0'>
   <div class='ocr_carea' id='block_1_1' title="bbox 1389 354 2692 425">
    <p class='ocr_par' dir='ltr' id='par_1_1' title="bbox 1389 354 2692 425">
     <span class='ocr_line' id='line_1_1' title="bbox 1389 354 2692 425; baseline -0.003 0"><span class='ocrx_word' id='word_1_1' title='bbox 1389 376 1636 425; x_wconf 60' lang='lat' dir='ltr'>minus.</span> <span class='ocrx_word' id='word_1_2' title='bbox 2562 354 2692 421; x_wconf 85' lang='lat'><strong><em>405</em></strong></span> 
     </span>
    </p>
   </div>
   <div class='ocr_carea' id='block_1_2' title="bbox 321 541 2707 4557">
    <p class='ocr_par' dir='ltr' id='par_1_2' title="bbox 321 541 2693 630">
     <span class='ocr_line' id='line_1_2' title="bbox 321 541 2693 630; baseline -0 -21"><span class='ocrx_word' id='word_1_3' title='bbox 321 550 488 630; x_wconf 90' lang='lat' dir='ltr'>puto</span> <span class='ocrx_word' id='word_1_4' title='bbox 525 548 588 609; x_wconf 85' lang='lat' dir='ltr'>et</span> <span class='ocrx_word' id='word_1_5' title='bbox 622 542 894 610; x_wconf 75' lang='lat' dir='ltr'>libenter</span> <span class='ocrx_word' id='word_1_6' title='bbox 933 545 1326 630; x_wconf 79' lang='lat' dir='ltr'>scripserim:</span> <span class='ocrx_word' id='word_1_7' title='bbox 1367 542 1470 606; x_wconf 82' lang='grc' dir='ltr'><strong><em>τὸν</em></strong></span> <span class='ocrx_word' id='word_1_8' title='bbox 1511 544 1700 607; x_wconf 82' lang='grc' dir='ltr'><strong><em>αὑτοῦ</em></strong></span> <span class='ocrx_word' id='word_1_9' title='bbox 1733 544 2068 622; x_wconf 69' lang='grc' dir='ltr'><strong><em>κατήγορον</em></strong></span> <span class='ocrx_word' id='word_1_10' title='bbox 2091 542 2155 607; x_wconf 92' lang='lat' dir='ltr'><strong><em>h.</em></strong></span> <span class='ocrx_word' id='word_1_11' title='bbox 2184 563 2238 607; x_wconf 89' lang='lat' dir='ltr'>e.</span> <span class='ocrx_word' id='word_1_12' title='bbox 2260 541 2693 608; x_wconf 78' lang='lat' dir='ltr'><strong>Timarchum.</strong></span> 
     </span>
    </p>

    <p class='ocr_par' dir='ltr' id='par_1_3' title="bbox 323 645 2701 1163">
     <span class='ocr_line' id='line_1_3' title="bbox 418 645 2693 729; baseline 0 -14"><span class='ocrx_word' id='word_1_13' title='bbox 418 650 500 728; x_wconf 87' lang='lat' dir='ltr'><strong><em>H,</em></strong></span> <span class='ocrx_word' id='word_1_14' title='bbox 549 649 636 715; x_wconf 87' lang='lat'><strong><em>30</em></strong></span> <span class='ocrx_word' id='word_1_15' title='bbox 700 649 906 715; x_wconf 73' lang='grc' dir='ltr'><strong><em>ἐκεῖνοι</em></strong></span> <span class='ocrx_word' id='word_1_16' title='bbox 971 649 1024 713; x_wconf 88' lang='grc' dir='ltr'><strong><em>δ’</em></strong></span> <span class='ocrx_word' id='word_1_17' title='bbox 1072 645 1239 715; x_wconf 72' lang='grc' dir='ltr'><strong><em>εἷπον</em></strong></span> <span class='ocrx_word' id='word_1_18' title='bbox 1305 652 1471 728; x_wconf 78' lang='grc' dir='ltr'><strong><em>ἡμῖν,</em></strong></span> <span class='ocrx_word' id='word_1_19' title='bbox 1533 651 1584 714; x_wconf 76' lang='grc' dir='ltr'><strong><em>εἰ</em></strong></span> <span class='ocrx_word' id='word_1_20' title='bbox 1644 651 1757 728; x_wconf 76' lang='grc' dir='ltr'><strong><em>μὲν</em></strong></span> <span class='ocrx_word' id='word_1_21' title='bbox 1808 649 2232 729; x_wconf 73' lang='grc' dir='ltr'><strong><em>ἐπιτρέποιμεν</em></strong></span> <span class='ocrx_word' id='word_1_22' title='bbox 2280 651 2489 721; x_wconf 78' lang='grc' dir='ltr'><strong><em>αὐτοῖς</em></strong></span> <span class='ocrx_word' id='word_1_23' title='bbox 2540 645 2693 715; x_wconf 74' lang='grc' dir='ltr'><strong><em>ὥστε</em></strong></span> 
     </span>
     <span class='ocr_line' id='line_1_4' title="bbox 323 755 2697 841; baseline -0.001 -19"><span class='ocrx_word' id='word_1_24' title='bbox 323 757 415 822; x_wconf 70' lang='grc' dir='ltr'><strong><em>τὰ</em></strong></span> <span class='ocrx_word' id='word_1_25' title='bbox 463 756 670 822; x_wconf 71' lang='grc' dir='ltr'><strong><em>δίκαια</em></strong></span> <span class='ocrx_word' id='word_1_26' title='bbox 720 757 1082 835; x_wconf 81' lang='grc' dir='ltr'><strong><em>διαγνῶναι,</em></strong></span> <span class='ocrx_word' id='word_1_27' title='bbox 1132 759 1238 822; x_wconf 78' lang='grc' dir='ltr'><strong><em>οὐκ</em></strong></span> <span class='ocrx_word' id='word_1_28' title='bbox 1285 757 1361 822; x_wconf 72' lang='grc' dir='ltr'><strong><em>ἂν</em></strong></span> <span class='ocrx_word' id='word_1_29' title='bbox 1408 755 1715 841; x_wconf 77' lang='grc' dir='ltr'><strong><em>[ἔφασαν]</em></strong></span> <span class='ocrx_word' id='word_1_30' title='bbox 1764 758 2075 833; x_wconf 73' lang='grc' dir='ltr'><strong><em>διαιτῆσαι</em></strong></span> <span class='ocrx_word' id='word_1_31' title='bbox 2115 795 2200 806; x_wconf 93' lang='grc'>-</span> <span class='ocrx_word' id='word_1_32' title='bbox 2242 757 2291 821; x_wconf 76' lang='grc' dir='ltr'><strong><em>εἰ</em></strong></span> <span class='ocrx_word' id='word_1_33' title='bbox 2335 756 2395 821; x_wconf 71' lang='grc' dir='ltr'><strong><em>δὲ</em></strong></span> <span class='ocrx_word' id='word_1_34' title='bbox 2436 755 2697 832; x_wconf 74' lang='grc' dir='ltr'><strong><em>ἐάσομεν</em></strong></span> 
     </span>
     <span class='ocr_line' id='line_1_5' title="bbox 325 862 2700 945; baseline 0 -17"><span class='ocrx_word' id='word_1_35' title='bbox 325 863 552 934; x_wconf 80' lang='grc' dir='ltr'><strong><em>αὐτοὺς</em></strong></span> <span class='ocrx_word' id='word_1_36' title='bbox 600 869 824 940; x_wconf 82' lang='grc' dir='ltr'><strong><em>γνῶναι</em></strong></span> <span class='ocrx_word' id='word_1_37' title='bbox 872 863 958 928; x_wconf 70' lang='grc' dir='ltr'><strong><em>τοὶ</em></strong></span> <span class='ocrx_word' id='word_1_38' title='bbox 1005 862 1437 943; x_wconf 81' lang='grc' dir='ltr'><strong><em>συμφέροντα,</em></strong></span> <span class='ocrx_word' id='word_1_39' title='bbox 1485 862 1735 945; x_wconf 80' lang='grc' dir='ltr'><strong><em>ἔφασαν</em></strong></span> <span class='ocrx_word' id='word_1_40' title='bbox 1783 864 2133 938; x_wconf 73' lang='grc' dir='ltr'><strong><em>διαιτήσειν.</em></strong></span> <span class='ocrx_word' id='word_1_41' title='bbox 2196 863 2459 929; x_wconf 87' lang='lat' dir='ltr'>Uncinis</span> <span class='ocrx_word' id='word_1_42' title='bbox 2502 863 2700 928; x_wconf 80' lang='lat' dir='ltr'>inclu-</span> 
     </span>
     <span class='ocr_line' id='line_1_6' title="bbox 325 968 2701 1051; baseline 0 -17"><span class='ocrx_word' id='word_1_43' title='bbox 325 991 476 1035; x_wconf 88' lang='lat' dir='ltr'>sum</span> <span class='ocrx_word' id='word_1_44' title='bbox 531 968 781 1051; x_wconf 81' lang='grc' dir='ltr'><strong><em>ἓφοισαν</em></strong></span> <span class='ocrx_word' id='word_1_45' title='bbox 827 991 1014 1035; x_wconf 90' lang='lat' dir='ltr'>nemo</span> <span class='ocrx_word' id='word_1_46' title='bbox 1063 969 1375 1036; x_wconf 87' lang='lat' dir='ltr'>defendet.</span> <span class='ocrx_word' id='word_1_47' title='bbox 1426 970 1815 1036; x_wconf 83' lang='lat' dir='ltr'>Intermissis</span> <span class='ocrx_word' id='word_1_48' title='bbox 1861 976 2079 1036; x_wconf 86' lang='lat' dir='ltr'>autem</span> <span class='ocrx_word' id='word_1_49' title='bbox 2124 968 2445 1036; x_wconf 75' lang='lat' dir='ltr'>nonnullis</span> <span class='ocrx_word' id='word_1_50' title='bbox 2490 975 2701 1034; x_wconf 86' lang='lat' dir='ltr'>orator</span> 
     </span>
     <span class='ocr_line' id='line_1_7' title="bbox 323 1073 2572 1163; baseline -0.001 -21"><span class='ocrx_word' id='word_1_51' title='bbox 323 1079 586 1163; x_wconf 85' lang='lat' dir='ltr'>repetiit</span> <span class='ocrx_word' id='word_1_52' title='bbox 630 1077 902 1142; x_wconf 83' lang='lat' dir='ltr'>verbum</span> <span class='ocrx_word' id='word_1_53' title='bbox 951 1075 1221 1155; x_wconf 80' lang='grc' dir='ltr'><strong><em>ἔφασαν,</em></strong></span> <span class='ocrx_word' id='word_1_54' title='bbox 1272 1077 1440 1163; x_wconf 90' lang='lat' dir='ltr'>quod</span> <span class='ocrx_word' id='word_1_55' title='bbox 1484 1080 1809 1144; x_wconf 88' lang='lat' dir='ltr'>neminem</span> <span class='ocrx_word' id='word_1_56' title='bbox 1857 1076 2145 1143; x_wconf 84' lang='lat' dir='ltr'>offendet.</span> <span class='ocrx_word' id='word_1_57' title='bbox 2192 1074 2289 1143; x_wconf 83' lang='lat' dir='ltr'><strong><em>Cf.</em></strong></span> <span class='ocrx_word' id='word_1_58' title='bbox 2337 1075 2413 1154; x_wconf 95' lang='lat' dir='ltr'><strong><em>V,</em></strong></span> <span class='ocrx_word' id='word_1_59' title='bbox 2465 1073 2572 1141; x_wconf 82' lang='lat'><strong><em>32.</em></strong></span> 
     </span>
    </p>

    <p class='ocr_par' dir='ltr' id='par_1_4' title="bbox 324 1181 2700 1686">
     <span class='ocr_line' id='line_1_8' title="bbox 421 1181 2699 1268; baseline -0 -21"><span class='ocrx_word' id='word_1_60' title='bbox 421 1182 503 1259; x_wconf 92' lang='grc' dir='ltr'><strong><em>Π,</em></strong></span> <span class='ocrx_word' id='word_1_61' title='bbox 553 1181 660 1248; x_wconf 85' lang='grc'><strong><em>43.</em></strong></span> <span class='ocrx_word' id='word_1_62' title='bbox 724 1181 815 1246; x_wconf 87' lang='lat' dir='ltr'><strong><em>Ut</em></strong></span> <span class='ocrx_word' id='word_1_63' title='bbox 876 1183 1088 1247; x_wconf 83' lang='lat' dir='ltr'>verbis</span> <span class='ocrx_word' id='word_1_64' title='bbox 1149 1203 1437 1268; x_wconf 88' lang='lat' dir='ltr'>parcam,</span> <span class='ocrx_word' id='word_1_65' title='bbox 1499 1184 1619 1248; x_wconf 90' lang='lat' dir='ltr'><strong><em>hoc</em></strong></span> <span class='ocrx_word' id='word_1_66' title='bbox 1678 1189 1934 1248; x_wconf 84' lang='lat' dir='ltr'>tantum</span> <span class='ocrx_word' id='word_1_67' title='bbox 1997 1183 2263 1248; x_wconf 90' lang='lat' dir='ltr'>monebo</span> <span class='ocrx_word' id='word_1_68' title='bbox 2281 1231 2297 1260; x_wconf 97' lang='lat'><strong>,</strong></span> <span class='ocrx_word' id='word_1_69' title='bbox 2345 1203 2449 1248; x_wconf 89' lang='lat' dir='ltr'>me</span> <span class='ocrx_word' id='word_1_70' title='bbox 2498 1202 2699 1268; x_wconf 88' lang='lat' dir='ltr'>neque</span> 
     </span>
     <span class='ocr_line' id='line_1_9' title="bbox 324 1286 2700 1374; baseline -0 -21"><span class='ocrx_word' id='word_1_71' title='bbox 324 1289 576 1372; x_wconf 75' lang='lat' dir='ltr'>Nabero</span> <span class='ocrx_word' id='word_1_72' title='bbox 595 1337 612 1366; x_wconf 96' lang='lat'><strong>,</strong></span> <span class='ocrx_word' id='word_1_73' title='bbox 664 1291 775 1374; x_wconf 82' lang='lat' dir='ltr'>qui</span> <span class='ocrx_word' id='word_1_74' title='bbox 821 1289 1012 1354; x_wconf 84' lang='lat' dir='ltr'>verba</span> <span class='ocrx_word' id='word_1_75' title='bbox 1056 1287 1141 1352; x_wconf 72' lang='grc' dir='ltr'><strong><em>τὰ</em></strong></span> <span class='ocrx_word' id='word_1_76' title='bbox 1187 1289 1474 1354; x_wconf 70' lang='grc' dir='ltr'><strong><em>ποιοῦντά</em></strong></span> <span class='ocrx_word' id='word_1_77' title='bbox 1521 1314 1603 1366; x_wconf 89' lang='grc' dir='ltr'><strong><em>με</em></strong></span> <span class='ocrx_word' id='word_1_78' title='bbox 1642 1286 2047 1367; x_wconf 68' lang='grc' dir='ltr'><strong><em>ἀγωνίζεσθαι</em></strong></span> <span class='ocrx_word' id='word_1_79' title='bbox 2086 1288 2189 1353; x_wconf 84' lang='grc' dir='ltr'><strong><em>τὸν</em></strong></span> <span class='ocrx_word' id='word_1_80' title='bbox 2231 1289 2447 1367; x_wconf 68' lang='grc' dir='ltr'><strong><em>ἀγῶνα</em></strong></span> <span class='ocrx_word' id='word_1_81' title='bbox 2488 1293 2700 1353; x_wconf 82' lang='grc' dir='ltr'><strong><em>τοῦτον</em></strong></span> 
     </span>
     <span class='ocr_line' id='line_1_10' title="bbox 325 1394 2700 1481; baseline 0 -22"><span class='ocrx_word' id='word_1_82' title='bbox 325 1394 525 1461; x_wconf 88' lang='lat' dir='ltr'>deleri</span> <span class='ocrx_word' id='word_1_83' title='bbox 585 1395 802 1473; x_wconf 86' lang='lat' dir='ltr'>iussit,</span> <span class='ocrx_word' id='word_1_84' title='bbox 870 1416 984 1474; x_wconf 88' lang='lat' dir='ltr'>nec</span> <span class='ocrx_word' id='word_1_85' title='bbox 1033 1394 1433 1461; x_wconf 88' lang='lat' dir='ltr'>Buermanno</span> <span class='ocrx_word' id='word_1_86' title='bbox 1450 1444 1467 1475; x_wconf 91' lang='lat'><em>‚</em></span> <span class='ocrx_word' id='word_1_87' title='bbox 1519 1398 1631 1481; x_wconf 90' lang='lat' dir='ltr'>qui</span> <span class='ocrx_word' id='word_1_88' title='bbox 1677 1417 1737 1460; x_wconf 84' lang='lat' dir='ltr'><strong><em>v.</em></strong></span> <span class='ocrx_word' id='word_1_89' title='bbox 1792 1396 1907 1461; x_wconf 76' lang='grc' dir='ltr'><strong><em>ὑπὸ</em></strong></span> <span class='ocrx_word' id='word_1_90' title='bbox 1954 1395 2016 1460; x_wconf 80' lang='grc' dir='ltr'><strong><em>δὲ</em></strong></span> <span class='ocrx_word' id='word_1_91' title='bbox 2065 1399 2587 1475; x_wconf 78' lang='grc' dir='ltr'><strong><em>παραφρονοῦντος</em></strong></span> <span class='ocrx_word' id='word_1_92' title='bbox 2631 1398 2700 1460; x_wconf 91' lang='lat' dir='ltr'>in</span> 
     </span>
     <span class='ocr_line' id='line_1_11' title="bbox 325 1501 2697 1589; baseline -0.001 -21"><span class='ocrx_word' id='word_1_93' title='bbox 325 1504 750 1589; x_wconf 77' lang='lat' dir='ltr'>suspitionem</span> <span class='ocrx_word' id='word_1_94' title='bbox 794 1505 1078 1580; x_wconf 84' lang='lat' dir='ltr'>vocavit,</span> <span class='ocrx_word' id='word_1_95' title='bbox 1121 1505 1423 1569; x_wconf 87' lang='lat' dir='ltr'>assentire</span> <span class='ocrx_word' id='word_1_96' title='bbox 1441 1551 1456 1580; x_wconf 89' lang='lat'><strong>,</strong></span> <span class='ocrx_word' id='word_1_97' title='bbox 1502 1503 1613 1569; x_wconf 88' lang='lat' dir='ltr'><strong><em>sed</em></strong></span> <span class='ocrx_word' id='word_1_98' title='bbox 1648 1503 1843 1569; x_wconf 84' lang='lat' dir='ltr'>verba</span> <span class='ocrx_word' id='word_1_99' title='bbox 1881 1502 2067 1567; x_wconf 75' lang='grc' dir='ltr'><strong><em>ταῦτ’</em></strong></span> <span class='ocrx_word' id='word_1_100' title='bbox 2106 1503 2238 1566; x_wconf 77' lang='grc' dir='ltr'><strong><em>ἐστι</em></strong></span> <span class='ocrx_word' id='word_1_101' title='bbox 2269 1502 2355 1566; x_wconf 74' lang='grc' dir='ltr'><strong><em>τὰ</em></strong></span> <span class='ocrx_word' id='word_1_102' title='bbox 2379 1501 2697 1567; x_wconf 72' lang='grc' dir='ltr'><strong><em>λυποῦντά</em></strong></span> 
     </span>
     <span class='ocr_line' id='line_1_12' title="bbox 326 1615 1056 1686; baseline -0.001 -13"><span class='ocrx_word' id='word_1_103' title='bbox 326 1633 412 1686; x_wconf 83' lang='grc' dir='ltr'><strong><em>με</em></strong></span> <span class='ocrx_word' id='word_1_104' title='bbox 455 1629 676 1675; x_wconf 79' lang='lat' dir='ltr'>revera</span> <span class='ocrx_word' id='word_1_105' title='bbox 720 1615 914 1673; x_wconf 76' lang='grc' dir='ltr'><strong><em>λυπεῖ</em></strong></span> <span class='ocrx_word' id='word_1_106' title='bbox 953 1633 1056 1684; x_wconf 91' lang='grc' dir='ltr'><strong><em>με.</em></strong></span> 
     </span>
    </p>

    <p class='ocr_par' dir='ltr' id='par_1_5' title="bbox 321 1705 2704 2436">
     <span class='ocr_line' id='line_1_13' title="bbox 419 1705 2703 1796; baseline 0.001 -18"><span class='ocrx_word' id='word_1_107' title='bbox 419 1713 500 1792; x_wconf 89' lang='grc' dir='ltr'><strong><em>Π,</em></strong></span> <span class='ocrx_word' id='word_1_108' title='bbox 551 1711 636 1780; x_wconf 81' lang='grc'><strong><em>47</em></strong></span> <span class='ocrx_word' id='word_1_109' title='bbox 699 1715 875 1782; x_wconf 68' lang='grc' dir='ltr'><strong><em>ἀλλὰ</em></strong></span> <span class='ocrx_word' id='word_1_110' title='bbox 935 1714 1308 1791; x_wconf 75' lang='grc' dir='ltr'><strong><em>μεμνημένοι</em></strong></span> <span class='ocrx_word' id='word_1_111' title='bbox 1373 1719 1479 1779; x_wconf 83' lang='grc' dir='ltr'><strong><em>τοῦ</em></strong></span> <span class='ocrx_word' id='word_1_112' title='bbox 1544 1714 1727 1791; x_wconf 81' lang='grc' dir='ltr'><strong><em>νόμου</em></strong></span> <span class='ocrx_word' id='word_1_113' title='bbox 1794 1714 1895 1779; x_wconf 75' lang='grc' dir='ltr'><strong><em>καὶ</em></strong></span> <span class='ocrx_word' id='word_1_114' title='bbox 1945 1719 2051 1779; x_wconf 82' lang='grc' dir='ltr'><strong><em>τοῦ</em></strong></span> <span class='ocrx_word' id='word_1_115' title='bbox 2098 1711 2304 1796; x_wconf 75' lang='grc' dir='ltr'><strong><em>ὅρκου,</em></strong></span> <span class='ocrx_word' id='word_1_116' title='bbox 2356 1705 2417 1776; x_wconf 77' lang='grc' dir='ltr'><strong><em>ὃν</em></strong></span> <span class='ocrx_word' id='word_1_117' title='bbox 2465 1712 2703 1791; x_wconf 76' lang='grc' dir='ltr'><strong><em>ὀμωμό-</em></strong></span> 
     </span>
     <span class='ocr_line' id='line_1_14' title="bbox 324 1820 2699 1901; baseline -0.001 -15"><span class='ocrx_word' id='word_1_118' title='bbox 324 1844 483 1887; x_wconf 81' lang='grc' dir='ltr'><strong><em>κατε</em></strong></span> <span class='ocrx_word' id='word_1_119' title='bbox 532 1859 620 1870; x_wconf 89' lang='grc'><strong>-</strong></span> <span class='ocrx_word' id='word_1_120' title='bbox 667 1820 749 1885; x_wconf 72' lang='grc' dir='ltr'><strong><em>τὰ</em></strong></span> <span class='ocrx_word' id='word_1_121' title='bbox 814 1821 1026 1886; x_wconf 71' lang='grc' dir='ltr'><strong><em>δίκαια</em></strong></span> <span class='ocrx_word' id='word_1_122' title='bbox 1091 1821 1196 1886; x_wconf 79' lang='grc' dir='ltr'><strong><em>καὶ</em></strong></span> <span class='ocrx_word' id='word_1_123' title='bbox 1245 1821 1328 1885; x_wconf 71' lang='grc' dir='ltr'><strong><em>τὰ</em></strong></span> <span class='ocrx_word' id='word_1_124' title='bbox 1377 1821 1592 1901; x_wconf 80' lang='grc' dir='ltr'><strong><em>εὔορκα</em></strong></span> <span class='ocrx_word' id='word_1_125' title='bbox 1644 1822 1815 1886; x_wconf 72' lang='grc' dir='ltr'><strong><em>κατὰ</em></strong></span> <span class='ocrx_word' id='word_1_126' title='bbox 1861 1821 2001 1894; x_wconf 78' lang='grc' dir='ltr'><strong><em>τοὺς</em></strong></span> <span class='ocrx_word' id='word_1_127' title='bbox 2053 1821 2265 1898; x_wconf 76' lang='grc' dir='ltr'><strong><em>νόμους</em></strong></span> <span class='ocrx_word' id='word_1_128' title='bbox 2314 1821 2699 1900; x_wconf 71' lang='grc' dir='ltr'><strong><em>ψηφίσασθε.</em></strong></span> 
     </span>
     <span class='ocr_line' id='line_1_15' title="bbox 324 1927 2704 2014; baseline -0 -21"><span class='ocrx_word' id='word_1_129' title='bbox 324 1927 690 1993; x_wconf 84' lang='lat' dir='ltr'>Tritissima</span> <span class='ocrx_word' id='word_1_130' title='bbox 750 1933 902 1992; x_wconf 89' lang='lat' dir='ltr'>sunt</span> <span class='ocrx_word' id='word_1_131' title='bbox 966 1928 1119 1993; x_wconf 88' lang='lat' dir='ltr'>haec</span> <span class='ocrx_word' id='word_1_132' title='bbox 1180 1929 1374 1994; x_wconf 87' lang='lat' dir='ltr'>verba</span> <span class='ocrx_word' id='word_1_133' title='bbox 1432 1931 1498 1992; x_wconf 90' lang='lat' dir='ltr'>in</span> <span class='ocrx_word' id='word_1_134' title='bbox 1561 1930 1960 2014; x_wconf 77' lang='lat' dir='ltr'>peroratione</span> <span class='ocrx_word' id='word_1_135' title='bbox 2019 1928 2189 2013; x_wconf 89' lang='lat' dir='ltr'>apud</span> <span class='ocrx_word' id='word_1_136' title='bbox 2236 1933 2511 1994; x_wconf 80' lang='lat' dir='ltr'>oratores</span> <span class='ocrx_word' id='word_1_137' title='bbox 2531 1975 2547 2005; x_wconf 86' lang='lat'>‚</span> <span class='ocrx_word' id='word_1_138' title='bbox 2594 1927 2704 1993; x_wconf 88' lang='lat' dir='ltr'><strong><em>sed</em></strong></span> 
     </span>
     <span class='ocr_line' id='line_1_16' title="bbox 321 2033 2700 2121; baseline -0 -21"><span class='ocrx_word' id='word_1_139' title='bbox 321 2037 438 2100; x_wconf 78' lang='lat' dir='ltr'>vix</span> <span class='ocrx_word' id='word_1_140' title='bbox 497 2036 773 2100; x_wconf 78' lang='lat' dir='ltr'>inveniri</span> <span class='ocrx_word' id='word_1_141' title='bbox 830 2038 1074 2119; x_wconf 79' lang='lat' dir='ltr'>potest,</span> <span class='ocrx_word' id='word_1_142' title='bbox 1141 2034 1310 2120; x_wconf 89' lang='lat' dir='ltr'>quod</span> <span class='ocrx_word' id='word_1_143' title='bbox 1373 2035 1506 2100; x_wconf 86' lang='lat' dir='ltr'><strong>h.1.</strong></span> <span class='ocrx_word' id='word_1_144' title='bbox 1569 2034 1886 2121; x_wconf 79' lang='lat' dir='ltr'>legimus,</span> <span class='ocrx_word' id='word_1_145' title='bbox 1953 2033 2299 2120; x_wconf 81' lang='lat' dir='ltr'>singularis</span> <span class='ocrx_word' id='word_1_146' title='bbox 2343 2039 2451 2098; x_wconf 82' lang='grc' dir='ltr'><strong><em>τοῦ</em></strong></span> <span class='ocrx_word' id='word_1_147' title='bbox 2500 2033 2700 2110; x_wconf 78' lang='grc' dir='ltr'><strong><em>νόμου.</em></strong></span> 
     </span>
     <span class='ocr_line' id='line_1_17' title="bbox 325 2139 2700 2229; baseline -0.001 -21"><span class='ocrx_word' id='word_1_148' title='bbox 325 2139 542 2208; x_wconf 84' lang='lat' dir='ltr'>Codex</span> <span class='ocrx_word' id='word_1_149' title='bbox 599 2141 988 2205; x_wconf 87' lang='lat' dir='ltr'>Abrosianus</span> <span class='ocrx_word' id='word_1_150' title='bbox 1049 2143 1329 2206; x_wconf 84' lang='lat' dir='ltr'>servavit</span> <span class='ocrx_word' id='word_1_151' title='bbox 1386 2141 1453 2206; x_wconf 90' lang='lat' dir='ltr'><strong><em>id</em></strong></span> <span class='ocrx_word' id='word_1_152' title='bbox 1471 2191 1486 2218; x_wconf 97' lang='lat'><strong>,</strong></span> <span class='ocrx_word' id='word_1_153' title='bbox 1551 2141 1719 2227; x_wconf 89' lang='lat' dir='ltr'>quod</span> <span class='ocrx_word' id='word_1_154' title='bbox 1766 2146 1977 2206; x_wconf 88' lang='lat' dir='ltr'>orator</span> <span class='ocrx_word' id='word_1_155' title='bbox 2022 2140 2310 2218; x_wconf 90' lang='lat' dir='ltr'>dederat,</span> <span class='ocrx_word' id='word_1_156' title='bbox 2359 2142 2700 2229; x_wconf 79' lang='lat' dir='ltr'>praebens:</span> 
     </span>
     <span class='ocr_line' id='line_1_18' title="bbox 325 2242 2699 2334; baseline 0.001 -24"><span class='ocrx_word' id='word_1_157' title='bbox 325 2253 446 2311; x_wconf 82' lang='grc' dir='ltr'><strong><em>τῶν</em></strong></span> <span class='ocrx_word' id='word_1_158' title='bbox 507 2270 578 2310; x_wconf 90' lang='grc' dir='ltr'><strong><em>τε</em></strong></span> <span class='ocrx_word' id='word_1_159' title='bbox 640 2249 854 2324; x_wconf 82' lang='grc' dir='ltr'><strong><em>νόμων.</em></strong></span> <span class='ocrx_word' id='word_1_160' title='bbox 930 2246 1287 2334; x_wconf 81' lang='lat' dir='ltr'>Singularis</span> <span class='ocrx_word' id='word_1_161' title='bbox 1335 2253 1442 2313; x_wconf 84' lang='grc' dir='ltr'><strong><em>τοῦ</em></strong></span> <span class='ocrx_word' id='word_1_162' title='bbox 1489 2242 1659 2324; x_wconf 74' lang='grc' dir='ltr'><strong><em>ὅρκου</em></strong></span> <span class='ocrx_word' id='word_1_163' title='bbox 1707 2252 1917 2334; x_wconf 87' lang='lat' dir='ltr'>potest</span> <span class='ocrx_word' id='word_1_164' title='bbox 1964 2253 2149 2312; x_wconf 85' lang='lat' dir='ltr'>stare.</span> <span class='ocrx_word' id='word_1_165' title='bbox 2223 2245 2319 2315; x_wconf 81' lang='lat' dir='ltr'><strong><em>Of.</em></strong></span> <span class='ocrx_word' id='word_1_166' title='bbox 2368 2247 2699 2313; x_wconf 88' lang='lat' dir='ltr'>Demosth.</span> 
     </span>
     <span class='ocr_line' id='line_1_19' title="bbox 329 2350 2302 2436; baseline -0.001 -18"><span class='ocrx_word' id='word_1_167' title='bbox 329 2352 564 2436; x_wconf 88' lang='lat' dir='ltr'><strong>XVIII,</strong></span> <span class='ocrx_word' id='word_1_168' title='bbox 614 2352 656 2418; x_wconf 84' lang='lat'><strong>2</strong></span> <span class='ocrx_word' id='word_1_169' title='bbox 703 2352 876 2418; x_wconf 70' lang='grc' dir='ltr'><strong><em>α’λλα</em></strong></span> <span class='ocrx_word' id='word_1_170' title='bbox 927 2353 1066 2423; x_wconf 76' lang='grc' dir='ltr'><strong><em>τοὺς</em></strong></span> <span class='ocrx_word' id='word_1_171' title='bbox 1118 2353 1332 2430; x_wconf 69' lang='grc' dir='ltr'><strong><em>νόμους</em></strong></span> <span class='ocrx_word' id='word_1_172' title='bbox 1380 2354 1484 2419; x_wconf 75' lang='grc' dir='ltr'><strong><em>καὶ</em></strong></span> <span class='ocrx_word' id='word_1_173' title='bbox 1534 2355 1636 2419; x_wconf 79' lang='grc' dir='ltr'><strong><em>τὸν</em></strong></span> <span class='ocrx_word' id='word_1_174' title='bbox 1686 2350 1869 2431; x_wconf 78' lang='grc' dir='ltr'><strong><em>ὅρκον.</em></strong></span> <span class='ocrx_word' id='word_1_175' title='bbox 1920 2352 2099 2431; x_wconf 87' lang='lat' dir='ltr'><strong>XXI,</strong></span> <span class='ocrx_word' id='word_1_176' title='bbox 2154 2350 2302 2420; x_wconf 86' lang='lat'>177.</span> 
     </span>
    </p>

    <p class='ocr_par' dir='ltr' id='par_1_6' title="bbox 326 2451 2705 3494">
     <span class='ocr_line' id='line_1_20' title="bbox 423 2451 2701 2542; baseline 0 -18"><span class='ocrx_word' id='word_1_177' title='bbox 423 2456 537 2537; x_wconf 90' lang='lat' dir='ltr'><strong>III,</strong></span> <span class='ocrx_word' id='word_1_178' title='bbox 585 2457 672 2524; x_wconf 80' lang='lat'><strong><em>25</em></strong></span> <span class='ocrx_word' id='word_1_179' title='bbox 745 2451 847 2523; x_wconf 71' lang='grc' dir='ltr'><strong><em>ναὶ</em></strong></span> <span class='ocrx_word' id='word_1_180' title='bbox 910 2460 1006 2536; x_wconf 77' lang='grc' dir='ltr'><strong><em>μὰ</em></strong></span> <span class='ocrx_word' id='word_1_181' title='bbox 1072 2461 1235 2538; x_wconf 82' lang='grc' dir='ltr'><strong><em>Δία,</em></strong></span> <span class='ocrx_word' id='word_1_182' title='bbox 1299 2462 1376 2532; x_wconf 75' lang='grc' dir='ltr'><strong><em>ὥς</em></strong></span> <span class='ocrx_word' id='word_1_183' title='bbox 1439 2458 1645 2538; x_wconf 74' lang='grc' dir='ltr'><strong><em>ἔγωγε</em></strong></span> <span class='ocrx_word' id='word_1_184' title='bbox 1704 2459 1892 2542; x_wconf 81' lang='grc' dir='ltr'><strong><em>ᾤμην,</em></strong></span> <span class='ocrx_word' id='word_1_185' title='bbox 1957 2460 2017 2524; x_wconf 75' lang='grc' dir='ltr'><strong><em>εἴ</em></strong></span> <span class='ocrx_word' id='word_1_186' title='bbox 2077 2484 2154 2537; x_wconf 87' lang='grc' dir='ltr'><strong><em>γε</em></strong></span> <span class='ocrx_word' id='word_1_187' title='bbox 2221 2456 2286 2533; x_wconf 75' lang='grc' dir='ltr'><strong><em>ἦν</em></strong></span> <span class='ocrx_word' id='word_1_188' title='bbox 2349 2461 2568 2536; x_wconf 71' lang='grc' dir='ltr'><strong><em>ἀληθὲς</em></strong></span> <span class='ocrx_word' id='word_1_189' title='bbox 2633 2460 2701 2525; x_wconf 79' lang='grc' dir='ltr'><strong><em>τὸ</em></strong></span> 
     </span>
     <span class='ocr_line' id='line_1_21' title="bbox 332 2562 2705 2652; baseline 0 -22"><span class='ocrx_word' id='word_1_190' title='bbox 332 2569 626 2645; x_wconf 78' lang='grc' dir='ltr'><strong><em>πρᾶγμα.</em></strong></span> <span class='ocrx_word' id='word_1_191' title='bbox 691 2565 902 2632; x_wconf 84' lang='lat' dir='ltr'>Facile</span> <span class='ocrx_word' id='word_1_192' title='bbox 964 2566 1191 2631; x_wconf 84' lang='lat' dir='ltr'>adduci</span> <span class='ocrx_word' id='word_1_193' title='bbox 1253 2569 1453 2652; x_wconf 87' lang='lat' dir='ltr'>possis</span> <span class='ocrx_word' id='word_1_194' title='bbox 1506 2569 1582 2638; x_wconf 82' lang='grc' dir='ltr'><strong><em>ὦς</em></strong></span> <span class='ocrx_word' id='word_1_195' title='bbox 1634 2567 1841 2643; x_wconf 78' lang='grc' dir='ltr'><strong><em>ἔγωγε</em></strong></span> <span class='ocrx_word' id='word_1_196' title='bbox 1888 2562 2057 2644; x_wconf 80' lang='grc' dir='ltr'><strong><em>οἶμαι</em></strong></span> <span class='ocrx_word' id='word_1_197' title='bbox 2105 2566 2475 2644; x_wconf 79' lang='lat' dir='ltr'>rescribere,</span> <span class='ocrx_word' id='word_1_198' title='bbox 2524 2565 2705 2631; x_wconf 92' lang='lat' dir='ltr'>dum-</span> 
     </span>
     <span class='ocr_line' id='line_1_22' title="bbox 330 2670 2701 2760; baseline -0.001 -22"><span class='ocrx_word' id='word_1_199' title='bbox 330 2672 518 2738; x_wconf 88' lang='lat' dir='ltr'>modo</span> <span class='ocrx_word' id='word_1_200' title='bbox 561 2693 719 2759; x_wconf 87' lang='lat' dir='ltr'>quae</span> <span class='ocrx_word' id='word_1_201' title='bbox 769 2670 913 2758; x_wconf 70' lang='lat'><strong><em>§39</em></strong></span> <span class='ocrx_word' id='word_1_202' title='bbox 958 2672 1267 2760; x_wconf 83' lang='lat' dir='ltr'>leguntur</span> <span class='ocrx_word' id='word_1_203' title='bbox 1313 2679 1378 2738; x_wconf 93' lang='lat' dir='ltr'>et</span> <span class='ocrx_word' id='word_1_204' title='bbox 1425 2695 1584 2759; x_wconf 85' lang='lat' dir='ltr'>quae</span> <span class='ocrx_word' id='word_1_205' title='bbox 1634 2671 1910 2741; x_wconf 83' lang='lat' dir='ltr'>Cobetus</span> <span class='ocrx_word' id='word_1_206' title='bbox 1956 2673 2036 2739; x_wconf 89' lang='lat' dir='ltr'><strong><em>ad</em></strong></span> <span class='ocrx_word' id='word_1_207' title='bbox 2079 2672 2393 2759; x_wconf 84' lang='lat' dir='ltr'>Hyperid.</span> <span class='ocrx_word' id='word_1_208' title='bbox 2440 2693 2585 2759; x_wconf 82' lang='lat' dir='ltr'>pag.</span> <span class='ocrx_word' id='word_1_209' title='bbox 2618 2671 2701 2736; x_wconf 86' lang='lat'><strong><em>15</em></strong></span> 
     </span>
     <span class='ocr_line' id='line_1_23' title="bbox 329 2761 2703 2865; baseline -0 -21"><span class='ocrx_word' id='word_1_210' title='bbox 329 2785 394 2844; x_wconf 91' lang='lat' dir='ltr'>et</span> <span class='ocrx_word' id='word_1_211' title='bbox 459 2776 542 2844; x_wconf 84' lang='lat'><strong><em>37</em></strong></span> <span class='ocrx_word' id='word_1_212' title='bbox 605 2781 936 2844; x_wconf 80' lang='lat' dir='ltr'>annotavit</span> <span class='ocrx_word' id='word_1_213' title='bbox 997 2781 1315 2865; x_wconf 83' lang='lat' dir='ltr'>inspicias.</span> <span class='ocrx_word' id='word_1_214' title='bbox 1365 2777 1865 2846; x_wconf 88' lang='lat' dir='ltr'>Innumerabilia</span> <span class='ocrx_word' id='word_1_215' title='bbox 1912 2784 2060 2843; x_wconf 88' lang='lat' dir='ltr'>sunt</span> <span class='ocrx_word' id='word_1_216' title='bbox 2109 2776 2426 2845; x_wconf 91' lang='lat' dir='ltr'>eiusmodi</span> <span class='ocrx_word' id='word_1_217' title='bbox 2472 2761 2703 2843; x_wconf 81' lang='lat' dir='ltr'>menda</span> 
     </span>
     <span class='ocr_line' id='line_1_24' title="bbox 327 2883 2705 2971; baseline -0.002 -21"><span class='ocrx_word' id='word_1_218' title='bbox 327 2889 397 2950; x_wconf 91' lang='lat' dir='ltr'>in</span> <span class='ocrx_word' id='word_1_219' title='bbox 454 2884 616 2951; x_wconf 86' lang='lat' dir='ltr'>Isaei</span> <span class='ocrx_word' id='word_1_220' title='bbox 677 2885 862 2951; x_wconf 87' lang='lat' dir='ltr'>libris</span> <span class='ocrx_word' id='word_1_221' title='bbox 880 2935 895 2962; x_wconf 94' lang='lat'><strong>,</strong></span> <span class='ocrx_word' id='word_1_222' title='bbox 961 2906 1234 2970; x_wconf 86' lang='lat' dir='ltr'>quorum</span> <span class='ocrx_word' id='word_1_223' title='bbox 1280 2886 1514 2951; x_wconf 87' lang='lat' dir='ltr'>bonam</span> <span class='ocrx_word' id='word_1_224' title='bbox 1558 2899 1810 2971; x_wconf 72' lang='lat' dir='ltr'>partem</span> <span class='ocrx_word' id='word_1_225' title='bbox 1856 2883 1963 2951; x_wconf 85' lang='lat' dir='ltr'>vel</span> <span class='ocrx_word' id='word_1_226' title='bbox 2005 2884 2155 2950; x_wconf 89' lang='lat' dir='ltr'>libri</span> <span class='ocrx_word' id='word_1_227' title='bbox 2202 2885 2555 2948; x_wconf 80' lang='lat' dir='ltr'>accuratius</span> <span class='ocrx_word' id='word_1_228' title='bbox 2602 2905 2705 2950; x_wconf 81' lang='lat' dir='ltr'>ex-</span> 
     </span>
     <span class='ocr_line' id='line_1_25' title="bbox 329 2989 2705 3078; baseline -0 -22"><span class='ocrx_word' id='word_1_229' title='bbox 329 2994 498 3057; x_wconf 89' lang='lat' dir='ltr'>cussi</span> <span class='ocrx_word' id='word_1_230' title='bbox 559 2989 663 3056; x_wconf 88' lang='lat' dir='ltr'>vel</span> <span class='ocrx_word' id='word_1_231' title='bbox 728 2990 996 3057; x_wconf 87' lang='lat' dir='ltr'>editores</span> <span class='ocrx_word' id='word_1_232' title='bbox 1060 2991 1476 3056; x_wconf 85' lang='lat' dir='ltr'>sustulerunt.</span> <span class='ocrx_word' id='word_1_233' title='bbox 1541 2991 1860 3078; x_wconf 77' lang='lat' dir='ltr'>Equidem</span> <span class='ocrx_word' id='word_1_234' title='bbox 1902 2991 2057 3056; x_wconf 88' lang='lat' dir='ltr'>haec</span> <span class='ocrx_word' id='word_1_235' title='bbox 2105 3011 2352 3076; x_wconf 92' lang='lat' dir='ltr'>quoque</span> <span class='ocrx_word' id='word_1_236' title='bbox 2396 2989 2705 3056; x_wconf 88' lang='lat' dir='ltr'>mutanda</span> 
     </span>
     <span class='ocr_line' id='line_1_26' title="bbox 327 3095 2700 3175; baseline -0.001 -13"><span class='ocrx_word' id='word_1_237' title='bbox 327 3116 584 3162; x_wconf 83' lang='lat' dir='ltr'>censeo:</span> <span class='ocrx_word' id='word_1_238' title='bbox 645 3095 720 3174; x_wconf 93' lang='lat' dir='ltr'><strong><em>V,</em></strong></span> <span class='ocrx_word' id='word_1_239' title='bbox 775 3096 856 3162; x_wconf 89' lang='lat'><strong><em>13</em></strong></span> <span class='ocrx_word' id='word_1_240' title='bbox 919 3096 1180 3161; x_wconf 86' lang='grc' dir='ltr'><strong><em>δύναται</em></strong></span> <span class='ocrx_word' id='word_1_241' title='bbox 1245 3099 1313 3161; x_wconf 86' lang='lat' dir='ltr'>in</span> <span class='ocrx_word' id='word_1_242' title='bbox 1374 3095 1647 3161; x_wconf 73' lang='grc' dir='ltr'><strong><em>ἐδύνατο.</em></strong></span> <span class='ocrx_word' id='word_1_243' title='bbox 1706 3096 1812 3174; x_wconf 92' lang='lat' dir='ltr'><strong>VI,</strong></span> <span class='ocrx_word' id='word_1_244' title='bbox 1864 3095 1905 3161; x_wconf 84' lang='lat'><strong>3</strong></span> <span class='ocrx_word' id='word_1_245' title='bbox 1967 3096 2247 3175; x_wconf 82' lang='grc' dir='ltr'><strong><em>φαίνοιτο</em></strong></span> <span class='ocrx_word' id='word_1_246' title='bbox 2309 3096 2377 3159; x_wconf 90' lang='lat' dir='ltr'>in</span> <span class='ocrx_word' id='word_1_247' title='bbox 2421 3104 2700 3174; x_wconf 78' lang='grc' dir='ltr'><strong><em>Φανοῖτο.</em></strong></span> 
     </span>
     <span class='ocr_line' id='line_1_27' title="bbox 326 3199 2700 3284; baseline -0 -17"><span class='ocrx_word' id='word_1_248' title='bbox 326 3201 467 3280; x_wconf 90' lang='lat' dir='ltr'><strong>VII,</strong></span> <span class='ocrx_word' id='word_1_249' title='bbox 508 3202 548 3267; x_wconf 88' lang='lat'>4</span> <span class='ocrx_word' id='word_1_250' title='bbox 599 3199 918 3284; x_wconf 73' lang='grc' dir='ltr'><strong><em>ἐξελέγχω</em></strong></span> <span class='ocrx_word' id='word_1_251' title='bbox 969 3205 1036 3267; x_wconf 85' lang='lat' dir='ltr'>in</span> <span class='ocrx_word' id='word_1_252' title='bbox 1077 3201 1404 3281; x_wconf 77' lang='grc' dir='ltr'><strong><em>ἐξελέγξω.</em></strong></span> <span class='ocrx_word' id='word_1_253' title='bbox 1447 3201 1619 3281; x_wconf 84' lang='lat' dir='ltr'><strong>VIII,</strong></span> <span class='ocrx_word' id='word_1_254' title='bbox 1662 3202 1703 3268; x_wconf 88' lang='lat'>8</span> <span class='ocrx_word' id='word_1_255' title='bbox 1746 3202 1993 3280; x_wconf 75' lang='grc' dir='ltr'><strong><em>κάμνων</em></strong></span> <span class='ocrx_word' id='word_1_256' title='bbox 2033 3205 2102 3266; x_wconf 75' lang='lat' dir='ltr'><strong><em>In</em></strong></span> <span class='ocrx_word' id='word_1_257' title='bbox 2142 3202 2375 3280; x_wconf 80' lang='grc' dir='ltr'><strong><em>καμών.</em></strong></span> <span class='ocrx_word' id='word_1_258' title='bbox 2415 3200 2587 3279; x_wconf 84' lang='lat' dir='ltr'><strong>VIII,</strong></span> <span class='ocrx_word' id='word_1_259' title='bbox 2616 3199 2700 3267; x_wconf 86' lang='lat'><strong><em>37</em></strong></span> 
     </span>
     <span class='ocr_line' id='line_1_28' title="bbox 328 3307 2702 3386; baseline -0.001 -13"><span class='ocrx_word' id='word_1_260' title='bbox 328 3308 730 3382; x_wconf 76' lang='grc' dir='ltr'><strong><em>ἐτελεύτησεν</em></strong></span> <span class='ocrx_word' id='word_1_261' title='bbox 791 3311 860 3374; x_wconf 85' lang='lat' dir='ltr'>in</span> <span class='ocrx_word' id='word_1_262' title='bbox 923 3311 1366 3384; x_wconf 71' lang='grc' dir='ltr'><strong><em>τελευτήσειεν.</em></strong></span> <span class='ocrx_word' id='word_1_263' title='bbox 1431 3307 1548 3386; x_wconf 86' lang='grc' dir='ltr'><strong><em>ΙΧ,</em></strong></span> <span class='ocrx_word' id='word_1_264' title='bbox 1602 3308 1685 3374; x_wconf 89' lang='grc'><strong><em>10</em></strong></span> <span class='ocrx_word' id='word_1_265' title='bbox 1751 3308 2161 3384; x_wconf 74' lang='grc' dir='ltr'><strong><em>διατιθέμενον</em></strong></span> <span class='ocrx_word' id='word_1_266' title='bbox 2221 3311 2289 3372; x_wconf 88' lang='lat' dir='ltr'>in</span> <span class='ocrx_word' id='word_1_267' title='bbox 2336 3307 2702 3384; x_wconf 74' lang='grc' dir='ltr'><strong><em>διαθέμενον.</em></strong></span> 
     </span>
     <span class='ocr_line' id='line_1_29' title="bbox 332 3411 1111 3494; baseline 0 -14"><span class='ocrx_word' id='word_1_268' title='bbox 332 3415 447 3492; x_wconf 85' lang='grc' dir='ltr'><strong><em>ΙΧ,</em></strong></span> <span class='ocrx_word' id='word_1_269' title='bbox 475 3414 562 3479; x_wconf 83' lang='grc'><strong><em>26</em></strong></span> <span class='ocrx_word' id='word_1_270' title='bbox 611 3413 779 3494; x_wconf 78' lang='grc' dir='ltr'><strong><em>ἔχειν</em></strong></span> <span class='ocrx_word' id='word_1_271' title='bbox 823 3417 892 3478; x_wconf 90' lang='lat' dir='ltr'>in</span> <span class='ocrx_word' id='word_1_272' title='bbox 938 3411 1111 3490; x_wconf 77' lang='grc' dir='ltr'><strong><em>ἕξειν.</em></strong></span> 
     </span>
    </p>

    <p class='ocr_par' dir='ltr' id='par_1_7' title="bbox 330 3516 2707 4022">
     <span class='ocr_line' id='line_1_30' title="bbox 417 3516 2703 3600; baseline -0.001 -16"><span class='ocrx_word' id='word_1_273' title='bbox 417 3520 536 3598; x_wconf 84' lang='lat' dir='ltr'><strong>HI,</strong></span> <span class='ocrx_word' id='word_1_274' title='bbox 562 3519 648 3586; x_wconf 88' lang='lat'><strong><em>40</em></strong></span> <span class='ocrx_word' id='word_1_275' title='bbox 709 3520 858 3600; x_wconf 84' lang='grc' dir='ltr'><strong><em>Φέρε</em></strong></span> <span class='ocrx_word' id='word_1_276' title='bbox 922 3522 1082 3600; x_wconf 73' lang='grc' dir='ltr'><strong><em>γὰρ,</em></strong></span> <span class='ocrx_word' id='word_1_277' title='bbox 1147 3517 1188 3584; x_wconf 80' lang='grc' dir='ltr'><strong><em>ὦ</em></strong></span> <span class='ocrx_word' id='word_1_278' title='bbox 1251 3519 1603 3598; x_wconf 77' lang='grc' dir='ltr'><strong><em>Νικόδημε,</em></strong></span> <span class='ocrx_word' id='word_1_279' title='bbox 1660 3521 1710 3585; x_wconf 78' lang='grc' dir='ltr'><strong><em>εἷ</em></strong></span> <span class='ocrx_word' id='word_1_280' title='bbox 1778 3516 1933 3593; x_wconf 78' lang='grc' dir='ltr'><strong><em>ἦσθα</em></strong></span> <span class='ocrx_word' id='word_1_281' title='bbox 1993 3518 2318 3597; x_wconf 76' lang='grc' dir='ltr'><strong><em>ἦγγυηκῶς</em></strong></span> <span class='ocrx_word' id='word_1_282' title='bbox 2368 3519 2451 3600; x_wconf 76' lang='grc' dir='ltr'><strong><em>τῷ</em></strong></span> <span class='ocrx_word' id='word_1_283' title='bbox 2500 3517 2703 3598; x_wconf 81' lang='grc' dir='ltr'><strong><em>Πύρρῳ</em></strong></span> 
     </span>
     <span class='ocr_line' id='line_1_31' title="bbox 330 3625 2707 3710; baseline -0.001 -19"><span class='ocrx_word' id='word_1_284' title='bbox 330 3627 442 3699; x_wconf 64' lang='grc' dir='ltr'><strong><em>την</em></strong></span> <span class='ocrx_word' id='word_1_285' title='bbox 505 3625 785 3707; x_wconf 64' lang='grc' dir='ltr'><strong><em>ἀδελφὺν</em></strong></span> <span class='ocrx_word' id='word_1_286' title='bbox 847 3626 950 3691; x_wconf 78' lang='grc' dir='ltr'><strong><em>καὶ</em></strong></span> <span class='ocrx_word' id='word_1_287' title='bbox 1018 3627 1126 3710; x_wconf 77' lang='grc' dir='ltr'><strong><em>[εἰ]</em></strong></span> <span class='ocrx_word' id='word_1_288' title='bbox 1177 3627 1332 3709; x_wconf 69' lang='grc' dir='ltr'><strong><em>ᾔδεις</em></strong></span> <span class='ocrx_word' id='word_1_289' title='bbox 1384 3625 1453 3702; x_wconf 73' lang='grc' dir='ltr'><strong><em>ἐξ</em></strong></span> <span class='ocrx_word' id='word_1_290' title='bbox 1498 3628 1691 3698; x_wconf 74' lang='grc' dir='ltr'><strong><em>αὐτῆς</em></strong></span> <span class='ocrx_word' id='word_1_291' title='bbox 1744 3625 2059 3706; x_wconf 75' lang='grc' dir='ltr'><strong><em>θυγατέρα</em></strong></span> <span class='ocrx_word' id='word_1_292' title='bbox 2106 3625 2367 3702; x_wconf 75' lang='grc' dir='ltr'><strong><em>γνησίαν</em></strong></span> <span class='ocrx_word' id='word_1_293' title='bbox 2415 3638 2707 3689; x_wconf 83' lang='grc' dir='ltr'><strong><em>καταλει-</em></strong></span> 
     </span>
     <span class='ocr_line' id='line_1_32' title="bbox 332 3730 2705 3806; baseline -0 -10"><span class='ocrx_word' id='word_1_294' title='bbox 332 3732 600 3806; x_wconf 76' lang='grc' dir='ltr'><strong><em>πομένην</em></strong></span> <span class='ocrx_word' id='word_1_295' title='bbox 663 3732 790 3796; x_wconf 78' lang='grc' dir='ltr'><strong><em>κτὲ.</em></strong></span> <span class='ocrx_word' id='word_1_296' title='bbox 862 3732 1160 3798; x_wconf 81' lang='lat' dir='ltr'>Alterum</span> <span class='ocrx_word' id='word_1_297' title='bbox 1206 3734 1256 3797; x_wconf 76' lang='grc' dir='ltr'><strong><em>εἰ</em></strong></span> <span class='ocrx_word' id='word_1_298' title='bbox 1306 3732 1645 3798; x_wconf 87' lang='lat' dir='ltr'>delendum</span> <span class='ocrx_word' id='word_1_299' title='bbox 1694 3739 1809 3799; x_wconf 89' lang='lat' dir='ltr'>est.</span> <span class='ocrx_word' id='word_1_300' title='bbox 1862 3731 2089 3798; x_wconf 84' lang='lat' dir='ltr'>Simile</span> <span class='ocrx_word' id='word_1_301' title='bbox 2134 3730 2451 3797; x_wconf 85' lang='lat' dir='ltr'>emblema</span> <span class='ocrx_word' id='word_1_302' title='bbox 2496 3751 2705 3796; x_wconf 87' lang='lat' dir='ltr'>reseca</span> 
     </span>
     <span class='ocr_line' id='line_1_33' title="bbox 330 3834 2705 3924; baseline -0 -21"><span class='ocrx_word' id='word_1_303' title='bbox 330 3837 444 3914; x_wconf 85' lang='grc' dir='ltr'><strong>ΙΙΙ,</strong></span> <span class='ocrx_word' id='word_1_304' title='bbox 499 3837 579 3903; x_wconf 84' lang='grc'><strong><em>15</em></strong></span> <span class='ocrx_word' id='word_1_305' title='bbox 628 3834 739 3904; x_wconf 74' lang='grc' dir='ltr'><strong><em>ὅτι.</em></strong></span> <span class='ocrx_word' id='word_1_306' title='bbox 804 3837 973 3916; x_wconf 85' lang='lat' dir='ltr'><strong>VIII,</strong></span> <span class='ocrx_word' id='word_1_307' title='bbox 1024 3837 1062 3904; x_wconf 89' lang='lat'>9</span> <span class='ocrx_word' id='word_1_308' title='bbox 1116 3839 1168 3903; x_wconf 78' lang='grc' dir='ltr'><strong><em>εἲ</em></strong></span> <span class='ocrx_word' id='word_1_309' title='bbox 1189 3887 1206 3916; x_wconf 90' lang='grc'><strong><em>,</em></strong></span> <span class='ocrx_word' id='word_1_310' title='bbox 1264 3839 1431 3924; x_wconf 92' lang='lat' dir='ltr'>quod</span> <span class='ocrx_word' id='word_1_311' title='bbox 1479 3842 1676 3905; x_wconf 88' lang='lat' dir='ltr'>etiam</span> <span class='ocrx_word' id='word_1_312' title='bbox 1722 3839 1871 3903; x_wconf 88' lang='lat' dir='ltr'>libri</span> <span class='ocrx_word' id='word_1_313' title='bbox 1918 3837 2207 3904; x_wconf 92' lang='lat' dir='ltr'>nonnulli</span> <span class='ocrx_word' id='word_1_314' title='bbox 2255 3841 2598 3915; x_wconf 87' lang='lat' dir='ltr'>omittunt,</span> <span class='ocrx_word' id='word_1_315' title='bbox 2640 3844 2705 3903; x_wconf 90' lang='lat' dir='ltr'>et</span> 
     </span>
     <span class='ocr_line' id='line_1_34' title="bbox 331 3943 1069 4022; baseline 0.003 -14"><span class='ocrx_word' id='word_1_316' title='bbox 331 3944 416 4022; x_wconf 91' lang='lat' dir='ltr'><strong><em>X,</em></strong></span> <span class='ocrx_word' id='word_1_317' title='bbox 467 3943 552 4009; x_wconf 80' lang='grc'><strong><em>23</em></strong></span> <span class='ocrx_word' id='word_1_318' title='bbox 601 3947 652 4009; x_wconf 79' lang='grc' dir='ltr'><strong><em>εἰ</em></strong></span> <span class='ocrx_word' id='word_1_319' title='bbox 701 3949 848 4010; x_wconf 80' lang='lat' dir='ltr'>ante</span> <span class='ocrx_word' id='word_1_320' title='bbox 895 3944 1069 4020; x_wconf 82' lang='grc' dir='ltr'><strong><em>μηδέ.</em></strong></span> 
     </span>
    </p>

    <p class='ocr_par' dir='ltr' id='par_1_8' title="bbox 329 4047 2703 4557">
     <span class='ocr_line' id='line_1_35' title="bbox 421 4047 2703 4128; baseline 0 -14"><span class='ocrx_word' id='word_1_321' title='bbox 421 4049 536 4126; x_wconf 91' lang='grc' dir='ltr'><strong><em>ΙΠ,</em></strong></span> <span class='ocrx_word' id='word_1_322' title='bbox 588 4048 674 4117; x_wconf 86' lang='grc'><strong><em>47</em></strong></span> <span class='ocrx_word' id='word_1_323' title='bbox 737 4052 912 4116; x_wconf 69' lang='grc' dir='ltr'><strong><em>ἄλλα</em></strong></span> <span class='ocrx_word' id='word_1_324' title='bbox 959 4059 1084 4124; x_wconf 78' lang='grc' dir='ltr'><strong><em>τοῖς</em></strong></span> <span class='ocrx_word' id='word_1_325' title='bbox 1134 4051 1247 4126; x_wconf 76' lang='grc' dir='ltr'><strong><em>μὲν</em></strong></span> <span class='ocrx_word' id='word_1_326' title='bbox 1293 4051 1595 4117; x_wconf 77' lang='grc' dir='ltr'><strong><em>διώκουσιν</em></strong></span> <span class='ocrx_word' id='word_1_327' title='bbox 1645 4052 1966 4122; x_wconf 68' lang='grc' dir='ltr'><strong><em>ἀκινδύνως</em></strong></span> <span class='ocrx_word' id='word_1_328' title='bbox 2015 4049 2456 4128; x_wconf 71' lang='grc' dir='ltr'><strong><em>εἰσαγγέλλειν</em></strong></span> <span class='ocrx_word' id='word_1_329' title='bbox 2502 4047 2703 4127; x_wconf 74' lang='grc' dir='ltr'><strong><em>ἔξεστι</em></strong></span> 
     </span>
     <span class='ocr_line' id='line_1_36' title="bbox 331 4155 2703 4243; baseline 0 -23"><span class='ocrx_word' id='word_1_330' title='bbox 331 4159 442 4241; x_wconf 86' lang='grc' dir='ltr'><strong><em>[τῶ</em></strong></span> <span class='ocrx_word' id='word_1_331' title='bbox 491 4155 871 4240; x_wconf 84' lang='grc' dir='ltr'><strong><em>βουλομένῳ]</em></strong></span> <span class='ocrx_word' id='word_1_332' title='bbox 921 4159 1046 4222; x_wconf 77' lang='grc' dir='ltr'><strong><em>κτέ.</em></strong></span> <span class='ocrx_word' id='word_1_333' title='bbox 1098 4157 1302 4223; x_wconf 86' lang='lat' dir='ltr'>Verba.</span> <span class='ocrx_word' id='word_1_334' title='bbox 1347 4159 1429 4240; x_wconf 77' lang='grc' dir='ltr'><strong><em>τῷ</em></strong></span> <span class='ocrx_word' id='word_1_335' title='bbox 1469 4156 1821 4236; x_wconf 84' lang='grc' dir='ltr'><strong><em>βουλομένῳ</em></strong></span> <span class='ocrx_word' id='word_1_336' title='bbox 1860 4156 2104 4223; x_wconf 79' lang='lat' dir='ltr'>addidit</span> <span class='ocrx_word' id='word_1_337' title='bbox 2141 4155 2542 4243; x_wconf 80' lang='lat' dir='ltr'>magistellus</span> <span class='ocrx_word' id='word_1_338' title='bbox 2579 4179 2703 4222; x_wconf 90' lang='lat' dir='ltr'><strong><em>non</em></strong></span> 
     </span>
     <span class='ocr_line' id='line_1_37' title="bbox 330 4259 2700 4350; baseline -0.001 -21"><span class='ocrx_word' id='word_1_339' title='bbox 330 4268 672 4331; x_wconf 90' lang='lat' dir='ltr'>immemor</span> <span class='ocrx_word' id='word_1_340' title='bbox 731 4267 1084 4350; x_wconf 83' lang='lat' dir='ltr'>praegressi</span> <span class='ocrx_word' id='word_1_341' title='bbox 1144 4263 1270 4330; x_wconf 91' lang='lat' dir='ltr'>loci</span> <span class='ocrx_word' id='word_1_342' title='bbox 1332 4264 1479 4350; x_wconf 69' lang='lat'><strong><em>§46</em></strong></span> <span class='ocrx_word' id='word_1_343' title='bbox 1541 4261 1751 4335; x_wconf 70' lang='grc' dir='ltr'><strong><em>ἄλλως</em></strong></span> <span class='ocrx_word' id='word_1_344' title='bbox 1800 4287 1869 4328; x_wconf 86' lang='grc' dir='ltr'><strong><em>τε</em></strong></span> <span class='ocrx_word' id='word_1_345' title='bbox 1919 4264 2024 4328; x_wconf 77' lang='grc' dir='ltr'><strong><em>καὶ</em></strong></span> <span class='ocrx_word' id='word_1_346' title='bbox 2073 4263 2265 4338; x_wconf 81' lang='grc' dir='ltr'><strong><em>μόνων</em></strong></span> <span class='ocrx_word' id='word_1_347' title='bbox 2311 4259 2537 4328; x_wconf 87' lang='grc' dir='ltr'><strong><em>τούτων</em></strong></span> <span class='ocrx_word' id='word_1_348' title='bbox 2585 4269 2700 4327; x_wconf 80' lang='grc' dir='ltr'><strong><em>τῶν</em></strong></span> 
     </span>
     <span class='ocr_line' id='line_1_38' title="bbox 329 4363 2702 4451; baseline 0 -16"><span class='ocrx_word' id='word_1_349' title='bbox 329 4371 505 4436; x_wconf 78' lang='grc' dir='ltr'><strong><em>δικῶν</em></strong></span> <span class='ocrx_word' id='word_1_350' title='bbox 564 4363 884 4437; x_wconf 69' lang='grc' dir='ltr'><strong><em>ἀκινδύνων</em></strong></span> <span class='ocrx_word' id='word_1_351' title='bbox 937 4378 1063 4442; x_wconf 79' lang='grc' dir='ltr'><strong><em>τοῖς</em></strong></span> <span class='ocrx_word' id='word_1_352' title='bbox 1113 4370 1413 4436; x_wconf 79' lang='grc' dir='ltr'><strong><em>διώκουσιν</em></strong></span> <span class='ocrx_word' id='word_1_353' title='bbox 1460 4371 1647 4436; x_wconf 82' lang='grc' dir='ltr'><strong><em>οὐσῶν</em></strong></span> <span class='ocrx_word' id='word_1_354' title='bbox 1696 4370 1798 4434; x_wconf 78' lang='grc' dir='ltr'><strong><em>καὶ</em></strong></span> <span class='ocrx_word' id='word_1_355' title='bbox 1850 4368 1980 4446; x_wconf 78' lang='grc' dir='ltr'><strong><em>ἐξὸν</em></strong></span> <span class='ocrx_word' id='word_1_356' title='bbox 2029 4371 2111 4450; x_wconf 72' lang='grc' dir='ltr'><strong><em>τῷ</em></strong></span> <span class='ocrx_word' id='word_1_357' title='bbox 2161 4369 2512 4451; x_wconf 77' lang='grc' dir='ltr'><strong><em>βουλομένῳ</em></strong></span> <span class='ocrx_word' id='word_1_358' title='bbox 2560 4369 2702 4447; x_wconf 73' lang='grc' dir='ltr'><strong><em>βοη-</em></strong></span> 
     </span>
     <span class='ocr_line' id='line_1_39' title="bbox 331 4477 1044 4557; baseline 0.001 -15"><span class='ocrx_word' id='word_1_359' title='bbox 331 4479 449 4542; x_wconf 81' lang='grc' dir='ltr'><strong><em>θεῖν</em></strong></span> <span class='ocrx_word' id='word_1_360' title='bbox 498 4485 638 4550; x_wconf 76' lang='grc' dir='ltr'><strong><em>ταῖς</em></strong></span> <span class='ocrx_word' id='word_1_361' title='bbox 687 4477 1044 4557; x_wconf 75' lang='grc' dir='ltr'><strong><em>ἐπικλήροις.</em></strong></span> 
     </span>
    </p>
   </div>
  </div>
 </body>
</html>
