3192 5009
970 232 1054 284 1111
1097 236 1250 283 mim
1295 231 1747 284 onnunrunm.
2472 204 2555 279 79

229 428 328 494 pro
368 407 636 491 auspiciis
684 403 1180 490 prohibentibus·
1217 402 1433 467 habita
1479 423 1615 467 esse
1664 405 1909 466 mirum
1946 422 2076 465 non
2114 406 2245 478 est,
2288 402 2440 486 quia
2476 420 2557 464 ex

229 516 306 578 sis
345 512 486 579 clare
526 516 888 597 appareret,
940 508 1072 574 deis
1119 528 1192 573 eo
1238 507 1339 573 die
1385 529 1511 573 non
1557 507 1803 592 placere
1851 507 2203 593 quidquam
2248 508 2367 571 sub
2407 505 2555 570 divo

227 622 348 706 agi,
407 625 462 683 et
525 621 674 704 quia
735 617 887 681 huic
946 614 1268 680 voluntati
1326 614 1593 679 deorum
1654 612 1819 679 clare
1882 618 2271 680 monstratae
2328 633 2558 698 parum

229 728 510 789 convenire
568 723 896 788 videretur
957 727 1032 785 ut
1076 724 1132 785 is
1181 722 1294 805 qui
1337 722 1619 785 comitiis
1666 726 1983 804 praeesset
2029 740 2067 784 a
2112 718 2433 805 plerisque
2478 721 2561 783 ci-

227 830 384 895 vibus
419 830 696 895 desertus
738 830 808 892 in
855 830 1098 892 actione
1141 831 1577 912 perseveraret
1625 830 1691 890 et
1734 824 2000 891 fortasse
2045 847 2158 912 per
2202 825 2558 911 infrequen-

229 942 358 1001 tiam
407 936 700 1022 perferret
761 934 930 1019 quod
987 934 1111 999 sibi
1172 932 1499 998 videretur
1515 953 1530 1011 ;
1596 933 1759 996 hanc
1824 932 1901 996 ob
1948 952 2208 997 causam
2256 935 2519 998 comitia
2536 980 2554 1010 ,

229 1063 356 1127 quae
425 1042 571 1107 Iove
647 1046 905 1105 tonante
982 1046 1137 1102 recte
1210 1039 1431 1104 haberi
1503 1060 1631 1103 non
1692 1058 1874 1123 posse
1945 1038 2331 1117 viderentur,
2403 1038 2554 1104 Iove

227 1154 436 1213 tonante
497 1148 718 1213 haberi
799 1146 982 1231 nefas
1065 1149 1163 1210 est
1247 1145 1516 1209 ductum
1547 1149 1617 1224 ¹).
1704 1136 1886 1223 Quod
1969 1146 2024 1209 si
2112 1166 2337 1210 verum
2422 1153 2554 1223 est,

227 1254 450 1319 Romani
514 1275 666 1319 cum
736 1252 858 1316 hoc
939 1253 1349 1316 instituerent
1433 1250 1735 1337 religioni
1821 1251 1979 1315 bene
2064 1252 2521 1319 consuluerunt
2537 1302 2554 1331 ,

225 1382 390 1445 neque
451 1362 518 1424 in
593 1359 713 1424 hac
789 1379 858 1423 re
916 1360 1132 1422 minus
1195 1360 1254 1422 ei
1314 1357 1680 1422 tribuerunt
1748 1378 1943 1442 quam
2009 1356 2283 1423 utilitati
2351 1359 2557 1447 publi-

225 1488 322 1531 cae.
383 1466 550 1532 Haec
613 1464 722 1530 lex
785 1466 991 1550 igitur
1058 1462 1294 1527 effecit:
1373 1463 1438 1527 1ο
1495 1469 1570 1527 81
1632 1465 1723 1528 818
1779 1466 1891 1549 qui
1946 1485 2095 1529 cum
2147 1464 2384 1551 populo
2446 1472 2559 1531 aut

223 1572 370 1657 plebe
409 1577 668 1659 agerent
713 1591 963 1635 necesse
1010 1574 1175 1635 esset
1221 1568 1546 1634 dimittere
1593 1572 1859 1634 comitia
1906 1577 2017 1635 aut
2066 1570 2410 1637 concilium
2428 1622 2445 1651 ,
2502 1575 2559 1637 81

223 1680 353 1743 inter
405 1681 719 1744 actionem
779 1678 906 1762 ipsi
952 1676 1358 1741 observarent
1405 1678 1766 1762 auspicium
1812 1675 2082 1742 caeleste
2130 1685 2243 1743 aut
2287 1686 2559 1766 tempes-

225 1792 388 1850 tatem
450 1786 770 1861 obortam,
843 1804 972 1848 non
1033 1803 1214 1848 secus
1277 1802 1471 1867 quam
1534 1784 1590 1846 si
1654 1783 2251 1849 animadvertissent
2298 1784 2558 1872 aliquod

225 1893 442 1977 siguum
501 1891 714 1955 dirum
733 1939 752 1967 ,
800 1888 1007 1954 veluti
1053 1908 1202 1953 aves
1245 1888 1526 1954 funestas
1571 1896 1685 1952 aut
1730 1888 2055 1955 hominem
2102 1891 2323 1957 morbo
2368 1895 2561 1959 comi-

227 1996 332 2061 tiali
391 2004 756 2083 correptum
773 2016 790 2074 ;
861 1996 932 2061 2⁰
991 2002 1068 2060 ut
1130 2016 1440 2082 augures,
1508 1996 1564 2059 si
1625 1996 1739 2080 qui
1797 1995 2117 2073 adessent,
2182 2018 2287 2063 eos
2333 2018 2559 2084 cogere

227 2112 440 2184 possent
507 2103 832 2168 dimittere
902 2101 1223 2187 populum
1291 2106 1404 2165 aut
1471 2100 1725 2187 plebem
1796 2122 1946 2166 cum
2012 2103 2139 2187 ipsi
2200 2106 2560 2189 auspicium

227 2206 446 2275 caeleste
515 2212 682 2275 inter
751 2210 1068 2275 actionem
1133 2206 1444 2271 vidissent
1515 2211 1631 2271 aut
1693 2207 2009 2272 eiusmodi
2071 2211 2431 2293 auspicium
2481 2210 2559 2275 ab

226 2311 332 2377 aliis
393 2316 801 2381 observatum
863 2335 997 2379 esse
1061 2318 1414 2379 statuerent
1431 2360 1447 2391 ,
1512 2333 1639 2378 non
1700 2334 1878 2377 secus
1926 2334 2121 2398 quam
2168 2317 2223 2379 si
2271 2314 2561 2381 oblatum

226 2426 350 2485 asset
416 2424 680 2508 signum
750 2420 966 2485 dirum
980 2441 997 2498 ;
1066 2417 1136 2483 3⁰
1197 2425 1274 2483 111
1335 2440 1554 2484 omnes
1616 2422 1787 2484 cives
1852 2419 1929 2485 de
1974 2423 2257 2505 auspicio
2304 2422 2563 2490 caelesti

223 2526 354 2591 inter
407 2531 728 2593 actionem
776 2528 1108 2593 observato
1125 2574 1142 2603 ,
1195 2524 1419 2591 eodem
1464 2525 1655 2590 modo
1703 2547 1827 2611 quo
1876 2526 1952 2591 de
1999 2529 2184 2612 signo
2235 2528 2373 2595 diro
2393 2578 2410 2607 ,
2462 2530 2566 2594 ad-

225 2652 436 2699 monere
491 2639 750 2719 possent
815 2654 966 2697 eum
1015 2634 1126 2718 qui
1171 2634 1448 2696 comitiis
1495 2638 1853 2717 praeesset,
1901 2634 2069 2718 quod
2117 2634 2351 2699 dicitur
2399 2636 2564 2713 „ful-

223 2757 338 2801 men
371 2744 456 2819 (et
498 2742 729 2805 ominis
769 2759 956 2804 causa
996 2738 1293 2824 quidem:
1331 2739 1693 2817 sinistrum)
1740 2738 2097 2816 nuntiare”,
2147 2741 2401 2817 βροντὴν
2447 2746 2564 2807 ὀνο-

223 2844 400 2921 μάζειν
445 2847 640 2931 (App.
694 2845 753 2909 1.
783 2843 917 2925 30),
984 2845 1304 2920 διοσημίαι(
1351 2842 1644 2925 Φημίζειν
1694 2843 1843 2925 (Dio
1893 2843 1999 2909 39.
2030 2844 2136 2910 35.
2167 2845 2255 2926 5),
2306 2847 2560 2925 βροντὴν

227 2950 505 3024 γεγονέναι
567 2950 726 3027 βοᾶν
789 2950 992 3031 (Plut.
1041 2948 1180 3017 Cat.
1227 2952 1386 3014 min.
1433 2948 1519 3013 43
1569 2956 1635 3015 et
1680 2952 1844 3036 App.
1901 2950 1958 3014 1.
1989 2949 2122 3031 30),
2173 2974 2376 3038 neque
2420 2975 2561 3019 um-

225 3072 378 3135 quam
442 3055 684 3120 dicitur
747 3055 866 3132 „de
928 3055 1098 3121 68810
1164 3055 1459 3121 servare”
1489 3053 1576 3135 ⁹);
1644 3055 1755 3119 sed
1797 3061 1942 3120 tum
1989 3077 2069 3121 ex
2114 3058 2376 3124 arbitrio
2422 3062 2560 3125 eius

228 3162 310 3241 qui
350 3164 624 3226 comitiis
671 3167 989 3247 praeerat,
1041 3167 1104 3227 et
1149 3164 1416 3249 auguris
1437 3209 1453 3239 ,
1501 3161 1813 3247 pendebat
1859 3168 2083 3227 utrum
2121 3164 2272 3230 huic
2314 3170 2564 3233 nuntia-

227 3264 354 3329 tioni
417 3268 682 3353 obsequi
753 3266 1028 3346 vellent,
1095 3289 1175 3333 an
1241 3289 1385 3333 eam
1446 3268 1778 3355 repudiare
1840 3269 2008 3354 quod
2072 3291 2136 3335 se
2182 3272 2353 3358 ipsos
2400 3272 2566 3339 nihil

229 3368 551 3439 observasse
611 3373 890 3439 dicerent
917 3371 1002 3454 ⁸);
1053 3374 1124 3437 4⁰
1171 3380 1248 3439 ut
1294 3380 1441 3460 post
1485 3396 1625 3439 rem
1668 3382 1991 3461 peractam
2037 3398 2313 3463 augures
2361 3379 2567 3446 decer-

279 3615 322 3677 1)
355 3618 532 3669 Similis
564 3619 764 3670 fortusse
794 3634 934 3669 68888
969 3618 1086 3677 ruit,
1124 3634 1209 3669 cur
1245 3618 1295 3669 iu
1328 3619 1536 3684 nuptiis,
1571 3619 1613 3669 81
1649 3620 1781 3671 iuter
1817 3621 2248 3673 confarreationem
2283 3628 2334 3673 et
2365 3628 2565 3689 nuptum

231 3693 270 3745 iu
301 3698 580 3751 domicilium
623 3701 791 3751 mariti
835 3701 1086 3751 deductum
1132 3700 1312 3751 fulmen
1349 3702 1550 3751 fortuito
1585 3706 1708 3752 68881
1739 3702 1953 3754 oblatum
1985 3704 2066 3753 vel
2098 3705 2285 3755 tonitru
2320 3708 2538 3759 auditum
2556 3746 2572 3769 ,

231 3780 502 3835 annuntio
536 3783 682 3833 irrita
712 3800 810 3833 8886
843 3788 892 3833 et
925 3784 1020 3833 elio
1053 3783 1130 3832 die
1165 3784 1427 3833 instaurari
1453 3784 1624 3834 debere
1652 3789 1932 3849 putaretun
1964 3786 2033 3836 816
2058 3788 2567 3855 quoqueiutemperiee

231 3860 338 3921 nali,
381 3882 496 3931 quae
541 3865 754 3915 obstaret
796 3881 853 3914 ue
888 3870 1014 3915 recte
1050 3866 1218 3915 fierent
1251 3881 1424 3932 pompe
1459 3867 1691 3931 nuptialis
1723 3872 1771 3917 et
1807 3868 2029 3917 deductio
2064 3869 2293 3929 maritae,
2328 3887 2384 3921 ex
2419 3873 2568 3941 impe-

231 3940 401 3995 ‘lineato
449 3948 659 3997 naturali
707 3948 833 3997 facte
882 3964 982 3997 8888
1032 3948 1220 3997 videtur
1265 3948 1532 4014 auspicium
1575 3950 1841 4000 adversum.
1887 3950 1990 4001 cfr.
2037 3953 2169 4001 Serv,
2218 3959 2333 4003 Aen.
2371 3958 2565 4009 48³9:

237 4026 366 4087 quit.
391 4046 494 4080 cum
527 4031 728 4081 fuissent
761 4030 938 4089 iuneti,
974 4030 1152 4080 scireut
1186 4030 1424 4091 tonuisse,
1460 4047 1580 4095 quae
1617 4047 1691 4080 res
1725 4032 1911 4081 dirimit
1940 4034 2415 4096 confarreationem’';
2452 4040 2567 4091 ibid.

235 4106 384 4158 eleo:
435 4114 586 4163 ,ectio
631 4112 1068 4177 (confarreationis)
1113 4112 1377 4169 dirimitur,
1421 4128 1529 4162 cum
1575 4114 1634 4162 de
1678 4114 1809 4163 eaelo
1841 4121 2083 4165 servatum
2116 4115 2235 4169 eet”.
2274 4146 2331 4156 -
2369 4122 2431 4185 2)
2467 4126 2567 4173 -De

233 4188 331 4237 mlo
373 4194 604 4255 uenue'',
653 4210 748 4259 quo
799 4194 1104 4244 interdictum
1155 4198 1226 4245 est
1274 4194 1475 4260 privatis
1521 4198 1570 4243 et
1617 4195 1962 4253 sacerdotibus.
2012 4198 2157 4247 etiam
2209 4199 2267 4251 eb
2296 4204 2568 4255 auctoribus

235 4266 388 4323 Stude
414 4276 572 4327 adulo
607 4275 924 4342 distinguitur
957 4276 1194 4327 vocabulis
1229 4272 1284 4325 ἔκ
1318 4278 1411 4325 τοῦ
1442 4274 1646 4339 οὐρανοῦ
1677 4275 2037 4339 μαντεύεσθαι,
2070 4281 2139 4329 τὰ
2174 4278 2230 4331 ἔκ
2259 4285 2351 4331 τοῦ
2366 4282 2567 4347 nieme&

233 4356 460 4415 Ὺηνύμενε
499 4360 814 4421 παρατηρεῖν,
855 4360 950 4409 Dio
983 4360 1063 4409 38.
1083 4361 1162 4409 13.
1182 4365 1227 4411 δ.
1284 4385 1348 4397 —
1401 4361 1457 4425 8)
1505 4360 1630 4410 Plin.
1666 4361 1747 4410 28.
1772 4360 1859 4411 17:
1901 4360 1981 4411 niu
2027 4378 2265 4427 augurum
2312 4368 2564 4434 discipline
