3192 5009
1417 360 1661 411 01011110.
2593 337 2718 406 121

440 523 580 590 VII.
644 526 706 605 2,
750 526 812 592 5.
884 529 1085 593 Redeo
1162 531 1247 593 ad
1318 551 1457 593 rent.
1549 529 1842 611 Quomodo
1905 529 2306 613 exspectabam
2375 526 2719 611 epistolam,

346 654 521 716 quam
584 633 914 699 Philoxeno
976 635 1237 700 dedisse-9
1254 638 1283 698 l
1337 636 1668 719 scripseras
1729 674 1814 684 —
1875 635 2282 718 Neapolitano
2299 660 2318 697 .·
2388 656 2514 698 eam
2572 631 2722 696 mihi

348 738 537 803 Patro
582 741 912 805 Brundisii
958 742 1249 806 reddidit.
1299 741 1493 809 Recte
1532 742 1777 807 BWKI.
1817 745 1912 809 ita
1948 742 2284 809 ediderunt
2304 791 2320 820 ‚
2355 747 2432 805 ut
2453 742 2522 805 in
2544 738 2718 805 Med.

346 848 659 933 scriptum
704 853 821 912 est.
871 847 1046 914 Male
1090 847 1480 914 Lambinum
1528 856 1784 915 secutus
1830 870 1945 935 pro
1991 850 2270 934 quomodo
2316 848 2539 933 scripsi
2577 866 2722 911 com-

344 953 573 1017 modum
621 960 686 1018 et
732 960 877 1020 ante
924 977 1051 1019 eam
1092 953 1288 1020 intuli
1333 978 1528 1041 quum.

436 1135 575 1203 VH.
626 1136 687 1214 3,
718 1134 777 1203 7.
842 1160 983 1203 aveo
1042 1137 1195 1202 seire
1253 1138 1403 1225 quid
1444 1139 1700 1203 hominio
1741 1139 1842 1203 eit.
1904 1137 2161 1225 Optime
2205 1140 2360 1204 haec
2417 1140 2722 1221 interpre-

344 1247 523 1309 tatur
565 1242 974 1311 Lehmannus
1021 1244 1093 1327 Q.
1142 1244 1213 1313 Τ.
1257 1266 1320 1331 p.
1372 1244 1478 1310 31.
1530 1242 1750 1312 Cicero
1767 1294 1784 1323 ,
1833 1266 2038 1331 quum
2083 1244 2512 1311 Puteolanum
2560 1241 2724 1307 Hor·
2773 1246 2782 1255 '

342 1352 536 1414 tensii
581 1370 789 1416 8111818
834 1356 1129 1437 cuperet,
1187 1353 1347 1418 80118
1394 1349 1544 1417 vult
1589 1357 1906 1437 quantum
1954 1358 2134 1438 pater
2177 1350 2308 1417 filio
2354 1349 2686 1435 reliquerit
2703 1396 2720 1426 ,

340 1455 498 1541 quid
543 1462 709 1521 esset
753 1460 890 1522 81118
906 1506 924 1535 ,
983 1478 1175 1543 quem
1224 1455 1443 1524 Cicero
1489 1478 1602 1543 per
1650 1462 2091 1544 contemptum
2136 1462 2326 1523 vocat
2369 1457 2717 1521 hominem.

429 1642 568 1709 VII.
627 1642 729 1723 14,
756 1644 819 1710 2.
869 1652 1163 1710 scutorum
1210 1646 1277 1710 in
1326 1648 1465 1711 bado
1512 1666 1614 1715 100
1643 1648 1934 1732 fuerunt.
1999 1647 2078 1711 A.
2126 1643 2205 1712 G.
2253 1644 2593 1731 Zumptius
2651 1646 2720 1709 in

338 1746 588 1817 Comm.
655 1754 857 1839 epigr.
924 1750 1051 1817 vol.
1102 1751 1152 1816 Ι.
1200 1776 1262 1838 p.
1314 1751 1446 1817 296
1496 1752 1779 1818 defendit
1828 1752 1902 1815 P.
1953 1750 2219 1817 Victorii
2264 1754 2718 1816 correctionem

333 1864 692 1935 secutorum,
756 1879 1223 1943 numerumque
1286 1880 1413 1924 non
1476 1861 1757 1923 nimium
1821 1880 1954 1924 esse
2002 1858 2237 1924 docuit.
2302 1856 2427 1923 Sed
2473 1863 2719 1923 certum

337 1968 438 2029 est
503 1965 571 2027 in
630 1963 742 2029 illo
803 1964 957 2030 ludo
1020 1985 1147 2029 non
1208 1964 1374 2030 solos
1436 1969 1754 2031 secutores
1813 1965 2008 2029 fuisse
2025 2014 2043 2043 ,
2107 1986 2223 2029 nec
2283 1969 2548 2051 apparet
2609 1984 2722 2028 cur

334 2070 569 2134 horum
634 2069 918 2137 solorum
976 2092 1282 2136 numerus
1344 2093 1512 2137 nunc
1572 2074 2032 2137 nominaretur.
2107 2070 2321 2150 Quum
2363 2072 2434 2135 in
2479 2089 2724 2155 praece-

286 2238 291 2243 .
339 2176 516 2241 denti
560 2180 875 2244 sententia
928 2178 1309 2241 Gladiatores
1362 2178 1636 2242 Caesaris
1681 2181 2110 2255 nominentur,
2153 2178 2257 2243 1110
2282 2179 2436 2242 satis
2461 2176 2718 2241 fuisset:

340 2284 569 2347 Eorum
614 2283 683 2347 in
723 2283 865 2348 budo
910 2303 1010 2353 100
1041 2285 1331 2369 fuerunt.

430 2468 601 2535 VIII.
654 2470 714 2549 3,
742 2470 803 2536 4.
854 2472 935 2535 In
982 2479 1040 2536 te
1088 2473 1220 2556 cepi
1275 2474 1568 2557 Capuam,
1613 2498 1732 2539 non.
1768 2497 1881 2561 quo
1921 2496 2130 2539 munus
2150 2473 2318 2536 illud
2338 2472 2683 2559 dqfnqerem
2701 2520 2718 2549 ,

333 2578 445 2641 sed
484 2577 615 2641 eine
660 2600 839 2641 causa
857 2627 873 2656 ‚
924 2584 1043 2643 cet.
1093 2578 1398 2645 Pluribus
1444 2583 1824 2647 coniecturis
1868 2581 1945 2646 de
1993 2581 2057 2645 h.
2105 2580 2149 2645 1.
2200 2577 2464 2665 prolatis
2517 2597 2720 2664 nuper

334 2685 599 2749 accessit
644 2704 749 2761 ea,
800 2706 993 2770 quam
1039 2683 1112 2749 Ο.
1138 2680 1235 2749 ”Ε.
1287 2684 1579 2751 Schmidt
1627 2689 1843 2773 posuit
1887 2688 1956 2750 111
1997 2685 2182 2751 docta
2224 2684 2386 2769 disp.
2428 2684 2522 2747 M.
2557 2683 2621 2745 Τ.
2655 2684 2716 2745 G.

334 2789 485 2853 heim
527 2791 815 2855 mbr-ach
861 2793 965 2856 des
1008 2792 1416 2873 bic‘rqerkricqs
1456 2795 1525 2856 111
1571 2792 1776 2858 Novis
1821 2793 1986 2857 Anu.
2037 2790 2272 2857 Philol.
2323 2788 2608 2857 CXLIII.
2651 2788 2716 2867 2,

334 2918 399 2983 p.
453 2894 613 2963 125:
666 2897 910 2975 „Invito
955 2901 1094 2984 cepi
1140 2896 1429 2984 Capuam
1478 2934 1563 2947 —-
1613 2899 1722 2965 sed
1757 2899 1936 2984 pacis
1983 2920 2172 2965 causa
2215 2936 2301 2946 -·
2342 2895 2453 2962 sed
2490 2895 2714 2973 hebes,
2759 2894 2765 2901 ’

334 3007 413 3067 ut
474 3003 651 3069 solet.
718 3004 866 3082 Sed,
929 3010 1004 3069 ut
1066 3008 1202 3092 ipse
1263 3005 1423 3070 senei
1484 3029 1660 3091 quam
1705 3011 1871 3072 esset
1920 3044 2005 3055 —-
2057 3010 2124 3071 et
2167 3001 2428 3069 infimus
2473 3003 2720 3088 quicque

334 3114 453 3174 cet.
524 3109 667 3176 Non
736 3109 945 3205 placet
1010 3110 1226 3197 plures
1299 3112 1379 3177 ob
1448 3133 1687 3178 causas.
1759 3111 2035 3178 Offendit
2102 3111 2250 3177 adv.
2313 3109 2520 3173 invite.
2585 3104 2719 3174 Cur

336 3213 556 3282 Cicero
620 3238 745 3281 non
764 3264 781 3293 ,
852 3222 928 3281 ut
987 3216 1147 3283 solet
1163 3266 1177 3289 .
1243 3221 1498 3304 scripsit
1555 3216 1826 3284 imatus?
1895 3219 1994 3283 Ex
2059 3238 2132 3283 eo
2152 3266 2168 3295 ‚
2235 3215 2402 3302 quod
2461 3216 2718 3299 scripsit

333 3320 552 3386 'I'ironi
611 3322 814 3408 pridie
878 3322 1027 3387 Idus
1086 3322 1219 3388 Ian.
1268 3344 1324 3389 a.
1379 3321 1506 3390 705
1558 3328 1797 3391 scimus
1845 3346 1995 3391 eum
2042 3328 2111 3389 in
2161 3322 2581 3408 descriptione
2625 3342 2718 3385 18-

332 3431 603 3515 gionum
665 3427 889 3495 Italiae
952 3428 1237 3515 Capuam
1285 3433 1632 3516 sumpsisse
1679 3431 1885 3512 (Fam.
1933 3430 2105 3495 XVI.
2161 3430 2264 3506 11,
2307 3428 2395 3509 3),
2445 3426 2554 3492 sed
2589 3447 2718 3492 11011

336 3534 457 3600 hoc
518 3554 669 3600 eum
730 3536 951 3628 fecisse
1006 3538 1308 3600 invitum.
1374 3534 1492 3601 Sed
1555 3557 1710 3602 mox
1761 3535 2049 3623 Capuam
2099 3536 2330 3602 abiecit
2351 3583 2368 3611 ,
2417 3532 2524 3598 vel
2571 3552 2608 3597 a
2653 3553 2719 3597 se

334 3641 553 3706 reiecit
570 3689 587 3717 ,
657 3646 733 3705 ut
804 3641 1021 3706 scribit
1082 3641 1389 3728 Pompeio
1452 3641 1624 3711 VIII.
1687 3644 1791 3721 11,
1840 3642 1920 3708 D.
1971 3642 2009 3707 5
2029 3692 2046 3720 ,
2111 3648 2175 3708 et
2236 3640 2511 3727 praefuit
2575 3657 2719 3704 orae

335 3749 698 3812 maritimae
759 3745 896 3812 VII.
951 3748 1055 3826 11,
1098 3747 1158 3813 5.
1216 3748 1319 3827 14,
1366 3748 1442 3827 3,
1508 3748 1678 3815 VIII.
1734 3751 1813 3815 11
1866 3750 1939 3815 Β.
1993 3750 2053 3814 1.
2125 3748 2296 3814 Τ11111
2357 3751 2552 3813 11111118
2613 3768 2721 3813 au-

335 3854 549 3923 dacter
592 3874 708 3941 pro
754 3854 885 3918 eine
930 3876 1111 3917 causa
1160 3855 1459 3921 scribitur
1494 3855 1676 3939 pacis
1718 3880 1930 3934 causa,
1998 3876 2195 3941 eaque
2244 3875 2402 3940 quae
2450 3875 2719 3939 sequun-

334 3966 445 4026 tur
507 3960 586 4025 ad
644 3960 827 4026 illam
887 3981 1110 4047 pacem
1170 3962 1552 4026 referuntur.
1623 3962 1956 4029 Postremo
2017 3982 2143 4026 non
2200 3961 2386 4027 video
2434 3982 2559 4047 quo
2605 3959 2719 4027 illa

334 4068 526 4132 unius
573 4069 919 4132 sententiae
962 4070 1031 4132 111
1079 4067 1236 4132 duas
1283 4066 1610 4133 distractio
1659 4089 1725 4135 se
1770 4067 2190 4135 commendet.

422 4254 584 4322 Ibid.
636 4253 698 4319 6.
762 4278 883 4319 non
929 4255 1196 4339 accipere
1240 4280 1315 4321 ne
1350 4256 1757 4340 periculosum
1801 4258 1886 4321 cit
1904 4306 1921 4334 ,
1976 4256 2338 4321 invidiosum
2395 4260 2480 4321 ad
2523 4259 2715 4325 bonos.

337 4360 597 4447 Optime
646 4359 795 4425 Otto
843 4383 901 4446 p.
957 4360 1089 4428 370
1135 4362 1431 4428 lacunam
1479 4363 1781 4449 implevit
1828 4364 1946 4430 hoc
1991 4362 2214 4428 modo:
2267 4362 2410 4426 Non
2451 4364 2720 4447 accipere

334 4490 411 4531 ne
445 4467 849 4551 periculosum
893 4469 1005 4548 (sit
1052 4487 1294 4546 vereor,
1343 4472 1624 4555 accipere
1672 4474 1782 4550 ne)
1828 4470 1910 4533 sit
1957 4467 2317 4532 invidiosum
2357 4470 2441 4531 ad
2477 4470 2670 4534 bonos.
