3192 5009
566 229 696 298 302
1595 253 1917 302 nonnus.

926 414 1160 486 πάντες
1206 416 1257 481 δ’
1302 418 1365 480 ἑν
1409 413 1559 498 χροῒ
1601 413 1846 499 ἦφθεν
1894 417 2179 499 ἀρηϊθόων
2225 418 2466 502 αἰζηῶν.

560 519 637 585 In
680 521 864 586 hiatu
909 519 1089 587 nulla
1133 520 1391 587 offensio
1410 571 1427 601 ,
1477 523 1555 588 cf.
1608 532 1652 588 Γ
1681 523 1836 602 244,
1886 523 2060 591 alibi.

644 723 915 790 XXVII.
982 724 1295 791 Omnibus
1344 725 1678 813 displicuit
1727 729 1899 816 quod
1946 730 2192 816 legitur
2237 741 2264 796 1
2296 731 2461 798 100:

827 834 911 908 τῷ
958 856 1028 895 σε
1076 835 1198 914 χρη
1248 832 1383 911 περὶ
1432 834 1544 909 μὲν
1594 833 1837 914 Φάσθοιι
1889 834 2031 909 ἔπος
2083 835 2195 911 ἧδ’
2247 839 2734 904 ἐπακοῦσαι.

555 935 1024 1004 Herwerdenus
1086 939 1561 1009 commendavit
1611 940 1700 1016 ἧδ’
1748 942 2091 1008 {raucam
2111 993 2128 1023 ,
2179 942 2500 1012 Christian
2545 947 2646 1021 ἠδὲ
2697 943 2910 1019 νοῆσαι
2929 993 2947 1023 ,

556 1042 684 1110 Vos
728 1047 1161 1110 coniecturam
1206 1066 1333 1112 non
1375 1047 1726 1132 periclitati
1763 1050 1916 1114 estis
1935 1095 1952 1126 ,
1993 1049 2105 1114 sed
2120 1097 2136 1126 ,
2179 1070 2384 1134 quum
2423 1054 2728 1118 correctio
2752 1053 2948 1116 nimis

556 1153 799 1216 incerta
860 1157 1026 1216 esset
1043 1200 1060 1230 ,
1111 1151 1450 1238 vulgatam
1496 1152 1838 1219 lectionem
1885 1157 2260 1220 retinuistis,
2309 1156 2482 1222 Mihi
2529 1157 2688 1222 dum
2733 1161 2950 1246 cogito

562 1278 759 1344 quam
816 1257 1012 1324 stulte
1080 1261 1528 1346 Agamemnon
1592 1262 1662 1325 in
1725 1259 1964 1326 ducum
2026 1261 2290 1327 concilio
2357 1264 2594 1329 dixerit
2609 1313 2626 1340 ,
2675 1264 2946 1330 arridet:

560 1366 712 1430 οὐδ’
771 1364 1285 1430 ἀπινύσσειν.
1350 1365 1694 1432 Diomedes
1755 1388 2089 1432 summum
2149 1370 2609 1454 imperatorem
2650 1372 2720 1436 in
2769 1391 2952 1456 supe-

558 1471 833 1536 rioribus
881 1473 1078 1536 etiam
1126 1473 1415 1538 acerbius
1459 1477 1898 1560 increpaverat
1940 1496 2036 1541 vs.
2088 1473 2196 1539 39.

649 1684 951 1751 XXVIII.
998 1685 1060 1750 Ν
1063 1706 1145 1751 on
1184 1687 1352 1750 mihi
1390 1685 1738 1772 persuadeo
1777 1689 2090 1772 genuinas
2122 1707 2258 1753 esse
2282 1688 2521 1754 formas
2545 1687 2948 1767 ἐπιοσσομένω

563 1802 605 1857 Ρ
636 1789 762 1857 381
831 1797 896 1857 et
944 1792 1284 1871 ἐπιόψομαι
1332 1793 1382 1869 β
1409 1790 1563 1869 294,
1613 1791 1724 1857 sed
1773 1791 2301 1878 acquiescendum
2349 1799 2449 1860 est
2491 1797 2576 1860 iis
2623 1815 2783 1881 quae
2829 1797 2951 1861 viri

562 1896 731 1963 docti
778 1897 854 1963 de
900 1899 1001 1964 his
1046 1898 1203 1965 locis
1251 1898 1634 1964 adnotarunt
1646 1919 1667 1976 ,·
1719 1897 2019 1984 equidem
2065 1904 2234 1964 certe
2275 1899 2372 1965 nil
2405 1899 2640 1966 melius
2677 1905 2950 1987 reperire

562 2006 765 2088 potui.
832 2002 960 2068 Sed
1022 2007 1293 2069 recurrit
1354 2003 1696 2083 ἐπιόψομαι
1759 2014 1785 2068 Ι
1817 2001 1944 2069 167
2009 2009 2076 2070 et
2139 2005 2216 2070 de
2281 2025 2354 2071 eo
2420 2004 2558 2072 loco
2604 2009 2700 2072 ita
2738 2007 2948 2072 dicere

563 2111 747 2174 iuvat
792 2115 868 2174 ut
914 2109 1146 2176 lusisse
1193 2117 1501 2198 putemur
1546 2113 1604 2175 si
1647 2109 1812 2175 nihil
1858 2113 1962 2176 sit.
2013 2109 2220 2176 Verba
2265 2117 2417 2176 sunt
2461 2112 2782 2178 Nestoris:

832 2209 907 2278 εἷ’
955 2212 1118 2294 ἄγε,
1166 2216 1307 2288 τοὺς
1356 2219 1469 2292 μὲν
1517 2217 1673 2293 ἐγὼν
1723 2215 2219 2297 ἐπιόψομαι,
2267 2219 2322 2283 οἱ
2371 2218 2434 2284 δὲ
2483 2219 2814 2297 maiolum,

562 2342 713 2386 nam
759 2324 855 2386 ita
898 2320 997 2386 Tu
1044 2325 1390 2409 scripsisti,
1440 2325 1535 2387 mi
1580 2323 1956 2402 Leeuweni,
2003 2323 2247 2389 Mnem.
2295 2322 2469 2391 1887
2508 2347 2572 2411 p.
2617 2323 2768 2404 115,
2803 2324 2944 2396 *robe

560 2427 695 2506 μέν,
745 2449 897 2492 cum
942 2430 1080 2502 τούς
1132 2454 1234 2494 κεν
1279 2428 1438 2494 olim
1482 2429 1798 2495 ederetur.
1848 2429 2090 2496 Verum
2137 2430 2294 2517 quid
2339 2431 2660 2518 significat
2698 2430 2942 2510 ἐπιόψο-

558 2531 721 2611 aaa?
782 2534 1115 2600 Nimirum
1176 2536 1505 2600 nominabit
1548 2535 1782 2600 Nestor
1824 2535 2074 2622 legatos
2121 2537 2202 2602 ad
2247 2536 2568 2602 Achillem
2585 2585 2603 2614 ,
2651 2557 2804 2602 nam
2847 2559 2943 2601 πο-

556 2640 787 2704 minare
845 2640 965 2706 hoc
1024 2641 1299 2707 Romani
1350 2641 1755 2730 appellabant
1799 2641 2072 2729 indeque
2117 2642 2544 2707 nominationis
2588 2665 2824 2710 nomen
2868 2641 2942 2708 ad

556 2752 773 2811 nostra
838 2752 1128 2833 tempora
1186 2751 1497 2834 pervenit.
1562 2748 1746 2813 Idem
1794 2749 2112 2834 quomodo
2159 2748 2374 2814 Attice
2420 2747 2699 2814 dicitur?
2747 2748 2939 2818 Credo

559 2850 1021 2930 προβαλοῢμαι.
1072 2854 1198 2920 Sed
1242 2855 1412 2940 apud
1459 2854 1823 2944 Homerum
1863 2876 2223 2943 synonyma
2255 2856 2450 2921 verba
2486 2862 2638 2920 sunt
2675 2855 2935 2934 βάλλειν

556 2965 623 3024 et
668 2958 915 3026 ἲάπτειν
961 2967 1153 3047 atque
1198 2962 1347 3028 hinc
1383 2962 1535 3026 ferri
1574 2965 1846 3046 poterit:
1891 2960 2033 3033 τοὺς
2073 2961 2185 3038 μὲν
2227 2962 2350 3039 ἐγὼ
2397 2987 2447 3027 π
2463 2961 2936 3041 ροῖοίψομσι.

556 3064 627 3130 Si
668 3065 935 3132 meliora
982 3065 1321 3132 docueritis
1337 3116 1356 3145 ,
1402 3073 1668 3154 gratum
1713 3070 1854 3132 erit.

649 3286 895 3350 XXIX.
961 3284 1141 3365 Quod
1203 3307 1662 3374 proposueram
1725 3285 1909 3352 1225
1971 3287 2178 3359 δαιτὸς
2244 3287 2358 3363 μὲν
2417 3287 2581 3362 ἐίσης
2628 3288 2734 3352 οὐκ
2785 3287 2940 3352 ἐπί-

556 3393 635 3456 δε
655 3416 690 3456 υ
708 3415 827 3464 σις
876 3413 991 3478 pro
1038 3392 1332 3457 ἐπιδευεῖς
1350 3442 1366 3470 ,
1416 3393 1762 3458 conceditis
1805 3397 2047 3479 requiri
2089 3392 2477 3459 vocabulum
2521 3415 2649 3479 quo
2675 3393 2941 3476 penuria

557 3498 912 3575 denotetur,
976 3499 1353 3583 improbatis
1400 3498 1572 3583 quod
1619 3499 1919 3564 audacter
1961 3521 2199 3564 novam
2246 3520 2475 3565 vocem
2517 3499 2940 3584 procuderim.

552 3605 653 3670 Ita
713 3610 843 3668 est:
911 3605 1213 3676 ἐπίδευσις
1280 3602 1433 3669 alibi
1491 3605 1659 3668 mihi
1717 3626 1842 3670 non
1907 3611 2005 3670 est
2048 3603 2290 3670 lectum
2338 3610 2404 3670 et
2447 3607 2659 3690 primo
2707 3606 2940 3671 obtutu

550 3713 791 3797 species
850 3712 1103 3775 novicia
1163 3716 1280 3775 est.
1346 3709 1471 3775 Sed
1533 3716 1825 3794 reputate
1887 3708 2234 3775 Vobiscum
2251 3759 2268 3788 ,
2318 3732 2513 3796 quam
2559 3713 2690 3776 sint
2734 3710 2942 3776 multa

551 3818 839 3884 eiusdem
896 3818 1149 3904 generis
1214 3814 1386 3901 apud
1430 3814 1815 3881 Homerum.
1885 3815 2006 3881 Est
2052 3827 2095 3880 B
2124 3815 2255 3882 286
2305 3817 2685 3898 ὑπόσχεσις,
2736 3827 2779 3880 Β
2809 3813 2936 3882 347

553 3923 797 4003 ἄνυσις,
866 3934 909 3988 Β
938 3921 1069 3988 380
1118 3921 1508 4000 ἀνάβλησις,
1574 3933 1628 3986 O
1658 3921 1790 3987 404
1838 3923 2268 4001 παραίφασις,
2315 3933 2372 3988 Π
2399 3921 2486 3987 43
2534 3921 2936 4000 ἀνάπνευσις,

553 4041 603 4094 Χ
632 4025 765 4096 270
814 4027 1157 4106 ὑπάλυξις,
1228 4039 1299 4094 Ω
1329 4027 1457 4093 655
1508 4029 1720 4106 λύσις,
1791 4051 1820 4108 ρ
1848 4027 1976 4092 451
2027 4029 2391 4110 ἐπίσχεσις,
2442 4027 2658 4111 Φ4Ο2
2707 4027 2935 4106 ὄνησις,

556 4161 597 4197 ω
625 4134 755 4199 485
806 4133 1049 4208 ἔκλησις
1097 4139 1164 4200 et
1210 4133 1541 4200 Nauckius
1588 4135 1872 4208 ἐπίλησιν
1920 4154 2221 4219 reponere
2263 4133 2476 4200 voluit
2520 4134 2553 4199 δ
2577 4133 2735 4200 221.

644 4353 857 4418 XXX.
924 4352 1115 4417 Iuvat
1158 4352 1433 4418 indicare
1477 4353 1648 4418 locos
1695 4353 1928 4438 quibus
1973 4358 2088 4417 aut
2130 4359 2318 4439 poeta
2361 4375 2400 4420 a
2445 4360 2758 4440 perpetua
2801 4377 2934 4422 con-
