3192 5009
1291 348 1628 400 somnus.
2562 325 2641 395 17
2690 322 2695 329 ’

263 517 641 606 longissime
711 524 1054 602 remotam,
1127 517 1281 604 quid
1341 519 1419 584 ab
1483 538 1554 584 eo
1617 518 1966 603 exspectari
2027 521 2274 603 poterat
2316 518 2386 579 in
2431 517 2606 601 poesi
2623 564 2640 593 ,

267 628 399 692 nisi
459 632 536 691 ut
595 624 941 691 effunderet
1006 645 1079 691 ea
1096 673 1112 704 ,
1178 646 1338 711 quae
1398 626 1531 690 iam
1577 624 1821 689 dudum
1866 629 2091 709 pectus
2136 626 2609 688 commoverant
2627 668 2643 699 ,

267 732 570 799 ridiculas
631 733 942 797 nimirum
994 733 1334 797 hominum
1381 732 1759 797 ambitiones
1808 737 1872 797 et
1914 734 2132 796 inanes
2179 732 2608 795 contentiones
2626 776 2643 805 ,

266 839 641 925 exemplum
687 859 1002 926 usurpans
1046 837 1373 905 Lucilium
1418 840 1486 903 in
1531 837 1760 903 multis
1805 838 1925 902 sibi
1966 858 2204 923 parem.
2253 835 2474 922 Itaque
2512 840 2647 900 tan-

261 951 414 1011 tum
459 946 636 1011 abest
680 951 756 1010 ut
799 948 1112 1010 miremur
1147 947 1356 1031 prima
1394 943 1653 1009 Horatii
1692 948 1987 1029 poemata
2024 950 2161 1009 toto
2200 942 2373 1008 coelo
2412 942 2646 1007 distare

262 1073 306 1118 a
349 1051 738 1118 iuvenilibus
785 1050 1026 1116 Tibulli
1071 1056 1137 1117 et
1181 1050 1501 1136 Propertii
1517 1099 1534 1129 ,
1574 1056 1651 1115 ut
1686 1053 1797 1115 vix
1835 1052 2262 1137 incongruum
2302 1050 2644 1126 videretur,

265 1161 326 1225 si
370 1178 728 1244 numquam
773 1160 1030 1223 omnino
1078 1159 1312 1223 erotica
1357 1157 1677 1223 edidisset.

313 1290 316 1297 ·
361 1264 528 1343 Quid
575 1270 728 1329 tunc
773 1265 1080 1350 temporis
1127 1266 1392 1328 sentiret
1431 1262 1507 1329 de
1547 1283 1760 1328 amore
1781 1310 1797 1341 ,
1841 1264 2090 1348 aperuit
2127 1264 2263 1327 sine
2298 1260 2646 1326 involucris

265 1373 337 1437 in
381 1370 513 1437 Sat.
563 1369 613 1434 1.
663 1369 726 1447 2,
771 1372 842 1433 in
891 1390 1016 1455 qua
1059 1371 1435 1456 perstringit
1483 1369 1783 1434 moechos
1830 1375 1895 1434 et
1932 1367 2253 1434 adulteros
2292 1375 2357 1434 et
2394 1387 2498 1433 eos
2537 1368 2649 1453 qui

267 1498 421 1543 cum
465 1478 684 1541 mimis
732 1484 795 1541 et
840 1476 1279 1541 meretricibus
1296 1524 1313 1553 ,
1359 1474 1556 1541 licitis
1607 1477 1971 1561 ceteroquin
2016 1475 2341 1540 amoribus
2358 1523 2375 1552 ,
2414 1475 2647 1539 bonam

267 1584 512 1649 famam
559 1582 967 1668 deperderent
1013 1589 1078 1647 et
1123 1602 1262 1647 rem
1307 1585 1507 1667 patris
1555 1581 1935 1647 oblimarent
1953 1630 1970 1659 ,
2016 1587 2208 1667 atque
2247 1583 2544 1645 universe
2580 1578 2649 1643 id

268 1689 496 1754 suadet
555 1695 630 1753 ut
691 1708 910 1754 omnes
971 1690 1202 1753 amoris
1262 1692 1476 1753 aestus
1538 1709 1845 1774 curasque
1890 1709 2121 1775 graves
2166 1708 2201 1753 e
2247 1692 2499 1773 pectore
2544 1706 2648 1751 ex-

265 1794 587 1881 pellamus
602 1842 620 1873 ,
666 1800 812 1882 post
856 1814 1016 1880 quae
1060 1796 1152 1859 ita
1196 1796 1410 1880 pergit
1450 1814 1546 1859 vs.
1601 1792 1723 1858 111
1749 1814 1764 1859 τ
2666 1776 2669 1781 ’

363 1900 652 1967 Nonne·
691 1900 1240 1988 cupidinibus
1287 1905 1516 1965 statu
1539 1907 1620 1965 at
1666 1905 1966 1965 natura
2007 1900 2336 1965 modum
2374 1918 2646 1984 quem,

365 2007 559 2093 quid
605 2007 912 2085 latura,
963 2007 1130 2071 sibi
1175 2006 1374 2091 quid
1417 2008 1533 2071 sit
1581 2004 1965 2071 dolitura
2010 2010 2446 2093 negatum,
2668 2084 2677 2095 ο

364 2134 766 2199 quaerere
813 2111 1003 2198 plus
1048 2110 1398 2197 prodest
1437 2117 1515 2177 et
1552 2114 1797 2177 inane
1838 2112 2332 2177 abscindere
2372 2105 2647 2176 soldo?

1017 2215 1370 2282 Tument
1417 2217 1581 2281 tibi
1628 2239 1808 2282 cum
1854 2220 2255 2305 inguina,
2305 2238 2527 2295 num,
2577 2217 2649 2280 si

362 2323 679 2391 ancilla
737 2329 881 2389 aut
944 2344 1201 2389 verna
1262 2327 1393 2389 est
1451 2328 1789 2410 praesto
1850 2346 2091 2411 puer,
2148 2325 2518 2408 impetus
2564 2323 2647 2386 in

364 2434 766 2499 continuo
812 2430 1013 2508 fiat,
1063 2430 1310 2495 malis
1358 2432 1791 2518 tentigine
1837 2427 2153 2517 rumpi?
2384 2432 2648 2514 [quem

362 2538 535 2604 Non
594 2557 778 2623 0303
841 2558 1184 2622 namque
1245 2536 1714 2622 parabilem
1776 2558 1951 2603 amo
2000 2536 2396 2602 Venerem
2454 2534 2649 2599 faci-

2240 2726 2243 2731 ·
2266 2642 2320 2726 [1
2334 2665 2369 2709 e
2384 2664 2452 2707 m
2470 2664 2511 2728 q
2527 2663 2572 2707 u
2592 2663 2646 2707 e.

361 2749 484 2815 His
538 2771 616 2815 ne
663 2752 805 2836 quis
851 2748 1240 2836 indignetur,
1288 2749 1718 2815 beatissiman·
1769 2770 2141 2837 comparans
2187 2754 2470 2814 nostram
2516 2769 2650 2814 mo-

266 2877 421 2921 rum
488 2856 939 2943 perfectionem
1006 2876 1156 2921 cum
1223 2858 1502 2941 antiquis
1519 2904 1536 2933 ,
1611 2862 1767 2921 sciat
1837 2877 1943 2921 eos
2029 2856 2395 2921 distinxisse
2479 2856 2648 2920 inter

269 2970 490 3048 turpes
563 2960 895 3046 licitosque
965 2981 1210 3026 amores
1274 2966 1338 3025 et
1394 2962 1785 3046 improbasse
1847 2961 1996 3027 illos
2014 3010 2029 3039 ‚
2092 2962 2209 3026 hos
2272 2963 2646 3027 concessisse

265 3068 608 3135 iuvenibus
622 3088 640 3146 ;
711 3067 917 3133 veluti
983 3073 1164 3153 pater
1225 3070 1364 3155 ipse
1425 3066 1715 3145 Horatii,
1780 3070 1891 3152 qui
1948 3072 2164 3132 tamen
2226 3073 2371 3132 ante
2433 3068 2647 3131 omnia

269 3173 579 3261 pudicum
624 3194 873 3239 servare
919 3173 1213 3238 studebat
1229 3222 1245 3250 ,
1308 3173 1664 3238 deterrebat
1727 3172 1936 3238 filium
1995 3194 2032 3237 a
2099 3178 2129 3237 t
2142 3193 2187 3236 u
2202 3194 2234 3237 r
2250 3194 2291 3258 p
2309 3175 2334 3237 i
2401 3194 2470 3237 m
2489 3193 2523 3238 e
2539 3194 2571 3235 r
2588 3192 2648 3235 e-

269 3286 303 3345 t
317 3282 388 3344 ri
403 3300 437 3345 c
451 3280 478 3343 i
493 3300 522 3343 s
568 3300 606 3344 a
618 3300 689 3344 m
708 3299 744 3345 o
761 3301 794 3343 r
807 3300 842 3344 e
885 3279 1306 3364 monebatque
1352 3300 1431 3343 ne
1469 3283 1839 3363 sequeretur
1878 3280 2171 3344 moechas
2190 3328 2205 3357 ,
2248 3300 2281 3343 c
2296 3299 2333 3343 o
2349 3300 2390 3342 n
2412 3300 2445 3343 c
2461 3299 2495 3343 e
2512 3298 2543 3343 s
2560 3298 2589 3341 s
2608 3297 2645 3341 a

271 3406 454 3451 cum
518 3383 824 3451 Venere
894 3387 1022 3449 uti
1089 3390 1374 3471 posset
1442 3382 1533 3465 (S.
1580 3384 1612 3449 1
1660 3383 1722 3448 4.
1754 3384 1928 3465 113).
2001 3384 2133 3449 Nec
2195 3384 2506 3469 discrepat
2567 3383 2643 3448 ab

269 3490 466 3556 huius
536 3490 865 3578 disciplina
882 3540 899 3569 ,
973 3491 1144 3576 quod
1212 3491 1288 3556 de
1352 3511 1644 3557 concessa
1701 3494 2057 3557 iuventutis
2111 3490 2370 3557 licentia
2430 3488 2644 3577 palam

271 3596 742 3683 praedicaverat
779 3595 970 3684 paulo
1009 3604 1154 3663 ante
1192 3598 1449 3663 Marcus
1487 3596 1743 3663 'Pullius
1780 3600 1850 3662 in
1888 3604 2045 3663 orat.
2086 3619 2199 3684 pro
2225 3596 2437 3665 Caelio
2463 3600 2498 3683 ᾗ
2524 3598 2641 3663 28:

275 3702 520 3768 datur
588 3705 806 3768 enim
875 3723 1278 3770 concessu
1349 3706 1719 3769 omnium
1786 3705 1983 3769 huic
2053 3703 2327 3790 aliqui
2392 3702 2647 3769 ludus

274 3810 544 3875 aetati
607 3813 690 3873 et
745 3810 930 3894 ipsa
991 3816 1294 3876 natura
1351 3810 1798 3896 profundit
1844 3809 2481 3877 adolescentiae
2527 3832 2646 3877 cu-

271 3912 724 4000 piditates,
789 3936 996 3999 quae
1044 3918 1116 3981 si
1162 3918 1284 3981 ita
1327 3923 1813 4002 erumpunt,
1862 3922 1953 3981 ut
1999 3916 2332 3982 nullius
2378 3919 2645 3982 vitam

269 4018 814 4099 labefactent,
862 4020 1192 4087 nullius
1239 4021 1568 4089 domum
1617 4029 2028 4102 evertant,
2069 4022 2374 4088 faciles
2415 4029 2497 4089 et
2536 4030 2644 4091 to-

343 4307 400 4372 l)
431 4306 590 4359 sotira
613 4309 794 4375 scripta
819 4308 986 4375 procul
1013 4306 1156 4362 dubio
1181 4308 1232 4361 in
1261 4309 1499 4377 petulanti
1524 4308 1855 4363 adolescentia.
1883 4311 2110 4377 Sequitur
2138 4312 2189 4364 in
2207 4329 2262 4363 ea
2277 4328 2419 4379 qnam
2438 4314 2645 4366 maxime

269 4388 426 4456 patris
469 4405 675 4451 norem,
722 4391 952 4458 exemplis
994 4408 1206 4459 quaeque
1249 4397 1441 4454 notare,
1485 4410 1599 4445 nam
1644 4394 1857 4445 citantur
1888 4394 1999 4445 inde
2031 4409 2060 4444 a
2093 4395 2371 4461 Tigellio
2406 4413 2552 4463 usqne
2584 4398 2643 4447 nd

273 4470 528 4525 Fabium
559 4473 890 4541 exemplorum
924 4476 1116 4527 nomina
1149 4476 1365 4529 wdecim.

2321 4574 2354 4627 2
2389 4637 2401 4650 .
2526 4578 2543 4603 ⁸
