3192 5009
1038 243 1425 292 onsnRvAno
1474 243 1913 292 GRAMMAmoA.
2531 224 2659 290 395

292 417 509 476 utrum
557 411 777 477 eadem
824 411 1080 476 insolita
1123 410 1469 477 collocandi
1510 415 1675 476 ratio
1717 415 1914 476 etiam
1951 413 2019 475 in
2057 410 2198 478 aliis
2236 413 2448 478 verbis
2490 413 2664 476 auxi-

292 517 553 583 liaribus
612 519 895 583 obtinere
954 517 1154 583 soleat
1210 539 1423 584 necne.
1484 518 1818 604 Equidem·
1863 538 2068 583 unum
2111 518 2302 584 modo
2346 517 2662 583 eiusmodi

200 635 207 640 '
292 623 654 709 exemplum
699 624 941 690 adferre
984 644 1281 709 possum,
1332 645 1415 689 sc.
1459 622 1589 690 Cic.
1633 623 1817 689 Tusc.
1857 623 1940 689 Π.
1983 622 2088 689 42.
2131 627 2205 688 de
2244 625 2665 688 exercitatione

293 739 349 794 et
385 731 803 794 comuebadine
842 739 899 794 et
937 731 1413 794 commentatione
1453 731 1608 795 dixi.
1659 754 1766 812 aye
1811 731 1898 794 eie
1914 781 1930 809 ,
1981 754 2135 795 nune
2180 733 2254 794 de
2297 731 2533 794 ratione
2576 731 2665 794 vi-

292 839 528 900 deamus
546 886 561 913 ‚
622 837 746 900 nisi
807 837 956 921 quid
1014 837 1107 900 vic
1168 839 1251 900 ad
1294 839 1455 900 haec.
1506 839 1581 901 A.
1633 839 1838 918 qune
1885 844 1953 900 ut
1999 845 2056 901 te
2102 837 2529 919 interpellem?
2573 860 2616 899 n
2634 859 2664 900 e

290 945 425 1006 hoc
484 943 793 1028 quidem
858 943 1174 1006 vellem:
1221 945 1313 1007 ita
1356 967 1445 1009 me
1492 947 1574 1007 ad
1621 946 1970 1007 eredendum
2017 951 2123 1007 tua
2166 944 2402 1008 inducit
2447 944 2661 1007 oratiO.

286 1047 585 1116 Ceterum
610 1037 751 1114 'hac
799 1049 875 1114 de
920 1071 987 1114 re
1032 1048 1349 1135 „amplius
1387 1053 1511 1116 erit
1548 1050 2048 1136 quaerendum”.
2096 1050 2220 1116 Res
2257 1052 2396 1136 ipsa
2432 1053 2500 1113 in
2534 1071 2664 1116 1116-

284 1159 560 1222 moriam
619 1162 873 1221 revocat
926 1156 1243 1242 quendam
1288 1157 1590 1242 loquendi
1635 1178 1828 1222 usum
1847 1206 1863 1234 ,
1913 1161 2025 1243 qui
2071 1159 2338 1224 fortasse
2383 1164 2448 1224 et
2493 1159 2663 1243 apud

282 1261 442 1327 alios
504 1264 838 1347 scriptores
858 1311 874 1340 ‚
939 1263 1109 1348 apud
1178 1263 1618 1327 Tertulbianum
1681 1264 1942 1349 quidem
1989 1267 2241 1351 saepius
2287 1265 2454 1330 redit
2470 1314 2486 1342 ,
2537 1286 2662 1351 quo

280 1367 522 1434 scilicet
583 1375 640 1431 et
660 1394 743 1420 ---
766 1368 942 1431 etiam
990 1390 1114 1434 non
1160 1370 1478 1456 praecedit
1523 1370 1914 1436 vocabulum
1932 1420 1948 1448 ,
2000 1374 2106 1436 cui
2149 1374 2326 1437 vocis
2373 1373 2664 1458 emphasi

282 1478 661 1560 praecipuus
704 1477 773 1538 in
821 1478 1134 1540 sententia
1177 1475 1355 1541 locus
1402 1477 1733 1555 tribuitur,
1784 1479 1892 1543 sed
1941 1481 2300 1544 coniunctio
2347 1499 2475 1544 uno
2523 1478 2662 1564 plu-

280 1583 537 1646 ribusve
583 1581 911 1647 vocabulis
957 1602 994 1645 3
1038 1603 1193 1648 voce
1211 1631 1229 1660 ,
1278 1585 1382 1647 cui
1426 1605 1618 1648 sensu
1665 1584 1995 1663 adhaeret,
2045 1591 2394 1671 separatur.
2459 1581 2661 1651 Cuius

282 1708 438 1753 usus
500 1687 793 1773 exemplo
857 1690 1017 1752 sint:
1069 1689 1145 1753 de
1192 1688 1400 1774 Spect.
1456 1689 1561 1755 18.
1613 1689 1687 1755 Ο.
1736 1690 1979 1769 49,12.
2029 1691 2106 1755 Β.
2163 1692 2266 1756 19.
2294 1690 2401 1758 26.
2451 1692 2662 1777 quodsi

281 1803 337 1858 et
376 1795 636 1858 stadium
674 1797 991 1858 contendas
1034 1795 1102 1858 in
1146 1796 1466 1878 scripturis
1510 1797 1829 1876 nominari,
1877 1821 2022 1862 eane
2068 1797 2373 1875 obtinebis,
2421 1800 2466 1862 1.
2494 1820 2547 1863 6.
2597 1803 2662 1863 61

279 1904 347 1965 111
408 1902 739 1986 scripturis
800 1903 1145 1978 nominari,
1211 1923 1360 1966 113111
1422 1905 1490 1966 111
1536 1906 1616 1967 iis
1635 1952 1650 1980 ,
1700 1925 1859 1988 quae
1905 1904 2324 1989 praecedunt,
2373 1904 2450 1969 de
2497 1906 2659 1969 circo

280 2015 345 2072 et
408 2007 655 2072 theatro
710 2010 945 2094 agitur,
994 2029 1267 2094 quorum
1312 2010 1381 2072 in
1425 2008 1606 2074 libris
1653 2013 1847 2075 sacris
1892 2009 2070 2074 nulle
2115 2009 2188 2074 fit
2231 2012 2493 2075 mentio.
2544 2009 2661 2076 Est

280 2119 501 2178 autem
546 2111 979 2178 Tertullianus
1026 2135 1272 2179 memor
1317 2114 1644 2202 Epistolae
1691 2115 1772 2180 ad.
1819 2113 1964 2182 Gor.
2013 2115 2064 2179 I.
2113 2137 2208 2180 vs.
2261 2115 2370 2180 24.
2417 2116 2662 2180 nescius

279 2221 439 2305 quod
497 2218 550 2281 ii
568 2268 584 2297 ,
649 2219 753 2304 qui
811 2219 879 2282 in
926 2220 1123 2285 stadio
1170 2228 1451 2298 currunt,
1503 2245 1697 2285 omnes
1742 2223 1976 2308 quidem
2022 2229 2273 2286 currunt
2289 2271 2305 2299 ,
2354 2224 2461 2284 sed
2504 2245 2660 2286 unus

279 2324 504 2409 accipit
561 2326 878 2389 bravium?
936 2326 1024 2389 sic
1087 2327 1311 2390 currite
1370 2334 1439 2390 ut
1500 2329 2026 2410 comprehendatis.
2079 2365 2162 2378 —
2225 2328 2301 2393 de
2366 2327 2540 2394 Orat.
2593 2327 2655 2393 6.

279 2431 352 2496 O.
412 2430 699 2496 561.11.
764 2431 841 2496 R.
898 2431 1044 2496 185.
1075 2432 1136 2496 4.
1204 2439 1446 2512 (PANEM
1506 2451 1806 2500 NOSTRUM
1855 2453 2293 2510 Quormmun
2337 2453 2428 2499 m
2472 2453 2656 2501 nome

276 2557 473 2604 1101)OE
533 2538 902 2621 spiritaliter
952 2539 1161 2620 potius
1206 2541 1623 2620 intelleqamu-s·
1641 2591 1658 2619 ,
1717 2541 1988 2604 Christus
2036 2541 2190 2604 enim
2222 2541 2414 2624 panis
2460 2549 2658 2604 noster

277 2652 363 2708 est
379 2693 396 2722 ,
447 2644 591 2730 quia
634 2644 763 2732 viba
817 2645 1086 2708 Christus
1132 2652 1189 2708 et
1234 2647 1394 2708 vitae
1426 2647 1684 2728 panim).
1734 2650 1860 2735 sed*
1886 2655 1943 2710 et
1987 2647 2128 2732 quia
2178 2648 2507 2710 carnabiter
2553 2651 2658 2712 ad—

276 2749 539 2813 mittitur
584 2749 705 2812 ieta
749 2773 861 2812 voa:
880 2799 895 2826 ,
944 2772 1063 2813 non
1106 2750 1236 2813 eine
1282 2751 1573 2832 rebiqione
1607 2759 1810 2835 potest
1837 2753 1991 2835 fleri
2039 2759 2096 2816 et
2133 2752 2440 2835 spiritabie
2479 2755 2658 2818 disci-

266 2857 505 2940 pbinae,
553 2859 598 2921 i.
624 2878 677 2921 6.
726 2859 876 2941 quia
922 2862 987 2922 et
1031 2856 1364 2923 carnaliter
1409 2859 1778 2923 admittitur
1820 2861 1945 2923 ista
1991 2880 2139 2924 vox.
2192 2895 2278 2906 -—
2325 2858 2546 2924 Pudic.
2592 2860 2652 2927 6.

280 2962 351 3028 Ο.
401 2962 452 3027 Ι.
494 2961 782 3027 801.15.
832 2962 907 3027 R.
959 2962 1110 3028 228.
1140 2963 1247 3028 24.
1297 2967 1404 3027 sed
1447 2972 1504 3027 et
1548 2989 1768 3047 supra:
1816 2966 2060 3045 leqem
2109 2987 2290 3045 erqo
2338 2987 2657 3030 evacua-

278 3093 433 3133 mus
485 3092 633 3151 per
676 3069 1001 3154 fidem?
1060 3071 1305 3146 absit,
1368 3073 1506 3133 sed
1566 3071 1808 3151 leqem
1864 3071 2263 3147 eiecimus,
2310 3070 2542 3135 scilicet
2586 3072 2655 3136 in

218 3213 225 3218 ·
276 3176 373 3239 his
440 3199 589 3262 quae
657 3182 713 3239 et
784 3199 939 3238 nune
1008 3199 1153 3239 novo
1225 3183 1563 3240 testamento
1632 3177 1961 3240 interdieta
2025 3177 2204 3239 etiam
2267 3177 2656 3242 cumulatiore

266 3290 589 3365 praecepto
638 3281 1053 3362 prohibentur,
1118 3284 1162 3345 i.
1190 3304 1244 3346 e.
1297 3303 1456 3367 quae
1503 3286 1634 3347 13111
1682 3287 1866 3348 311163
1915 3287 2102 3347 vetus
2148 3284 2654 3349 instrumentum

275 3392 517 3465 vetuit,
581 3409 855 3474 quorum
915 3410 1066 3453 vero
1131 3389 1491 3455 interdictio
1552 3412 1720 3455 nunc
1785 3392 1980 3455 etiam
2043 3411 2209 3455 novo
2269 3394 2654 3456 testamento

277 3495 705 3561 confirmatur.
779 3534 862 3543 —
933 3494 1008 3560 de
1078 3497 1313 3560 Anima
1386 3495 1491 3562 47.
1582 3495 1655 3560 Ο.
1723 3496 1806 3560 II.
1860 3495 2010 3560 632.
2039 3494 2146 3560 29.
2220 3496 2294 3561 R.
2364 3493 2516 3562 378.
2547 3495 2651 3564 17.

277 3609 465 3687 (quae
528 3603 845 3667 somniant
898 3602 1134 3667 ethnici
1181 3623 1661 3687 nonnumquam
1710 3624 1746 3666 3
1794 3624 1944 3668 vero
1992 3602 2108 3667 deo
2155 3604 2422 3666 inmissa
2469 3610 2651 3682 sunt,

275 3709 483 3774 malus
532 3714 747 3780 contra
789 3708 1114 3773 interdum
1161 3709 1517 3773 visionibus
1563 3712 1632 3774 in
1681 3731 1905 3774 somno
1953 3711 2299 3794 conspectis
2350 3705 2656 3774 Christia-

280 3837 391 3881 nos
436 3820 759 3901 temptat.)
808 3815 971 3877 Sicut
1018 3837 1152 3895 erqo
1201 3815 1473 3895 diqrzatio
1520 3817 1620 3879 dei
1668 3824 1724 3879 et
1769 3816 1838 3879 in
1877 3815 2181 3892 'ethnieoe,
2229 3813 2323 3877 ita
2371 3821 2428 3876 et
2477 3822 2654 3899 temp·

278 3923 426 3985 tatio
484 3921 631 3984 mah·
688 3921 759 4004 in
818 3928 1083 3998 sanctos,
1146 3924 1190 3985 i.
1219 3942 1273 3986 e.
1340 3925 1677 4007 temptatio
1725 3921 1882 3986 111311
1929 3928 1985 3984 et
2031 3923 2098 3985 in
2148 3926 2414 3985 sanctos.
2467 3923 2522 3984 Α
2535 3945 2655 4004 90-

282 4027 695 4091 bardinus:
756 4027 848 4089 ita
909 4034 965 4090 et
1017 4027 1321 4109 temptatio
1372 4028 1518 4090 mali
1565 4035 1622 4090 et
1667 4028 1734 4090 in
1780 4034 2010 4090 sanctos
2027 4076 2042 4104 ,
2095 4027 2206 4092 ubi
2253 4027 2456 4092 scriba
2507 4031 2654 4093 scri-

279 4133 468 4198 bendi
511 4131 893 4198 Tertulliani
937 4135 1199 4197 rationis
1246 4154 1372 4197 non
1419 4136 1572 4197 satis
1618 4153 1854 4219 gnarus
1905 4135 2413 4197 coniunctionem
2453 4137 2653 4220 gemi-

284 4243 477 4304 navit.
558 4239 866 4302 Oehlerum
929 4260 1179 4324 quoque
1241 4239 1345 4304 hic
1410 4238 1601 4324 paulo
1664 4238 2033 4304 insolentior
2094 4239 2438 4304 verborum
2501 4241 2653 4306 ordo

286 4345 543 4423 fefellit,
592 4365 741 4410 nam
788 4345 867 4411 ad
913 4346 1054 4410 adv.
1108 4345 1328 4410 Herm.
1374 4345 1477 4410 34.
1532 4344 1604 4409 O.
1652 4344 1733 4410 II.
1777 4343 1929 4408 369.
1963 4344 2064 4409 11.
2118 4346 2342 4409 eaelum
2389 4353 2444 4409 et
2493 4355 2656 4412 terra
