3192 5009
580 166 714 231 200
1523 184 1992 234 Aronnononus.

578 346 913 414 Sabaiticis
982 372 1046 435 p.
1116 346 1244 417 174
1308 373 1503 438 quam
1572 355 1641 418 in
1706 356 1987 438 epitoma
2057 352 2362 419 Vaticana
2429 374 2577 441 pag.
2643 348 2748 417 70.
2837 350 2972 416 Est

580 461 797 521 tamen
859 456 1027 542 quod
1086 459 1156 522 in
1214 456 1347 524 illis
1410 481 1535 525 non
1597 459 1930 545 expediam
1951 509 1968 537 ,
2031 481 2260 545 nempe
2303 463 2371 525 in
2416 460 2660 525 verbis:
2707 454 2880 523 οὗτος
2937 458 2971 521 δ

579 564 799 641 Μόψος
851 565 981 641 περὶ
1032 574 1332 639 μαντικῆς
1377 563 1540 644 ἤρισε
1582 567 1917 645 Κάλχαντι
1958 567 2062 629 καὶ
2105 555 2476 646 Καλὲαντος
2521 566 2966 643 ἀνακρίναντος

581 669 794 750 έρινεοῦ
858 667 1211 744 ἑστώσης
1278 672 1485 749 »πόσα
1536 669 1716 753 ἔχεθ’
1767 673 2014 753 (πόσους
2065 673 2338 741 ὀλύνθους
2387 672 2554 751 Φέρει
2605 670 2800 751 Vim),
2849 674 2965 733 τοῦ

582 776 643 841 δὲ
686 776 957 847 εἰπόντος
1001 779 1231 856 »μύρια
1272 781 1537 859 (μυρίους
1579 777 1752 859 Vat.)
1795 782 1896 845 καὶ
1941 782 2141 863 μέτρῳ
2183 780 2406 860 (μέτρῳ
2435 800 2563 845 om.
2589 776 2732 843 vat.
2759 782 2964 853 recte)

581 883 868 959 μέδιμνον
917 884 1021 948 καὶ
1071 876 1130 948 ἓν
1180 883 1311 966 (ἕνα
1352 886 1588 952 ὅλυνθον
1626 884 1820 967 Vah),
1865 887 2211 966 περισσόν”,
2253 888 2354 949 καὶ
2405 886 2964 956 καταστήσας

582 989 857 1071 Κάλχας
928 991 1197 1069 μυριάδα
1257 988 1390 1072 εὗρε
1454 993 1558 1057 καὶ
1623 992 1908 1068 μέδιμνον
1973 993 2075 1058 καὶ
2140 990 2200 1058 ἓν
2250 990 2578 1073 πλεονάζον
2627 992 2797 1054 κατὰ
2847 994 2964 1061 τήν

579 1100 688 1160 τοῦ
733 1095 962 1178 Μόψου
1011 1097 1318 1175 πρόρρησιν
1356 1104 1497 1186 (pro
1536 1100 1639 1164 his
1678 1098 1819 1164 Vat.
1863 1099 1967 1163 καὶ
2007 1099 2328 1175 εὑρέθησαν
2369 1096 2588 1163 οὕτω.
2637 1096 2966 1162 Debuerat

581 1206 899 1285 τοσοῦτοι).
970 1203 1136 1284 Quid
1192 1204 1352 1271 latet
1411 1207 1531 1271 sub
1597 1203 2051 1279 xoeroecrtfooec?
2119 1206 2267 1271 Non
2325 1203 2673 1269 admodum
2727 1202 2967 1268 leniter

579 1311 919 1376 conieceris
964 1312 1472 1389 καταριθμήσεις,
1523 1312 1631 1377 sed
1675 1312 2001 1378 lenissime
2047 1314 2388 1377 correxeris
2434 1310 2962 1376 κατασείσας

581 1415 717 1482 scil.
779 1418 881 1480 τὸν
944 1417 1173 1494 ἐρινεόν,
1234 1416 1386 1484 licet
1442 1439 1549 1484 me
1611 1439 1735 1483 non
1794 1418 1991 1484 lateat
2035 1417 2386 1483 admodum
2432 1422 2717 1483 maturas
2761 1415 2964 1479 fuisse

582 1523 739 1588 ficus
756 1572 773 1601 ‚
845 1543 1004 1608 quae
1064 1543 1399 1589 concussae
1460 1524 1678 1589 arbore
1740 1545 1958 1590 omnes
2021 1523 2388 1589 deciderint.
2455 1520 2580 1588 Sed
2643 1542 2768 1606 quo
2835 1518 2962 1585 alio

581 1628 774 1694 modo
822 1626 1088 1695 Calchas
1132 1631 1404 1695 rationes
1450 1628 1800 1696 subducere
1835 1632 2118 1717 potuerit
2153 1652 2278 1694 non
2316 1635 2578 1716 exputo.
2627 1627 2965 1693 Praeterea

583 1757 734 1802 vero
802 1736 1003 1801 miror
1071 1736 1284 1815 ἐρινεοῦ
1358 1734 1710 1810 ἑστώσης
1781 1739 1900 1817 (ita
1970 1757 2218 1822 quoque
2288 1734 2458 1814 Vat.)
2529 1733 2776 1799 dictum
2844 1753 2962 1819 pro

586 1843 667 1907 ἑσ
688 1848 935 1913 τῶτος
957 1890 974 1919 ,
1026 1840 1196 1927 quod
1246 1840 1670 1928 Apollodorus
1717 1848 1885 1908 certe
1936 1841 2180 1907 dedisse
2227 1840 2549 1928 putandus
2593 1846 2710 1905 est.

674 2055 849 2135 Quae
909 2077 1057 2144 pag.
1113 2051 1218 2133 76,
1282 2055 1505 2121 XXIII
1558 2054 1640 2120 13
1687 2059 1967 2142 epitoma
2014 2054 2319 2121 Vaticana
2363 2055 2556 2121 habet
2601 2054 2679 2119 de
2724 2053 2962 2120 Dianae

584 2160 923 2227 simulacro
994 2168 1215 2227 evecto
1288 2162 1365 2227 ab
1436 2160 1658 2227 Oreste
1729 2183 1763 2227 e
1833 2161 2105 2227 Tauride
2174 2162 2458 2247 pleniora
2523 2160 2832 2247 leguntur
2890 2162 2960 2223 in

584 2269 815 2355 fragm.
881 2266 1023 2333 Sab.
1083 2290 1147 2353 p.
1203 2264 1351 2345 178,
1429 2288 1705 2353 quorum
1777 2274 2028 2353 partem
2104 2266 2556 2333 emendaturus
2618 2266 2960 2331 ascribam:

585 2374 691 2439 καὶ
753 2372 1078 2451 λαμβάνει
1143 2372 1447 2454 (Orestes)
1505 2375 1785 2455 χρησμὸν
1850 2377 2315 2452 ἀπαλλαγῆναι
2375 2381 2484 2447 τῆς
2538 2372 2747 2449 νόσου,
2795 2372 2846 2436 εἷ
2891 2372 2962 2435 τὸ

585 2482 647 2546 ἐν
706 2478 970 2560 Ταύροις
1030 2480 1502 2557 μετακομΙσειεν
1573 2483 1833 2561 (rectius
1896 2501 2091 2566 quam
2159 2481 2567 2556 μετακομὶσοι
2635 2476 2779 2543 vat.
2863 2478 2968 2542 An

585 2582 1080 2667 μετακομίσαιῖ)
1141 2584 1411 2663 βρέτας·
1476 2586 1528 2649 οἱ
1594 2586 1658 2650 δὲ
1722 2591 1951 2666 Ταῦροι
1999 2586 2181 2663 μοῖρα
2235 2587 2362 2649 ε’στι
2417 2587 2678 2662 Σκυθῶν,
2730 2576 2786 2648 οἳ
2824 2585 2962 2653 τοὺς

586 2694 785 2773 ξένους
848 2692 1167 2773 Φονεύουσι
1225 2691 1327 2755 κα)
1380 2692 1461 2763 εἷς
1511 2694 1578 2756 τὸ
1630 2693 1779 2768 ἱερὸν
1826 2696 2056 2773 (insere
2105 2697 2250 2773 πῦρ)
2299 2692 2612 2772 ῥίπτουσι·
2665 2694 2846 2754 τοῦτο
2895 2684 2962 2761 ἦν

586 2801 646 2864 έν
709 2804 791 2877 τῶ
849 2798 1088 2871 τεμένει
1137 2798 1239 2863 δια
1290 2821 1440 2868 τινος
1493 2798 1725 2879 πέτρας
1775 2799 2228 2874 ἀναφερόμενον
2277 2796 2347 2871 ἐξ
2395 2794 2609 2861 Αἴδου.
2659 2794 2966 2861 Voculam

584 2929 713 2973 non
772 2906 1184 2972 describentis
1243 2925 1448 2970 errore
1510 2908 1815 2970 omissam
1878 2926 2011 2971 esse
2074 2905 2183 2971 sed
2243 2924 2464 2970 revera
2522 2923 2559 2968 a
2607 2903 2816 2968 codice
2865 2902 2965 2967 ab·

586 3034 721 3080 esse
788 3012 1157 3078 confirmare
1226 3010 1482 3076 videtur
1552 3031 1716 3076 nova
1776 3009 2029 3076 collatio
2092 3008 2322 3076 Dielsii
2375 3015 2608 3097 rogatu
2671 3008 2837 3075 facta
2889 3008 2965 3072 ab

587 3119 673 3184 Η.
738 3117 962 3185 Acheli
1023 3124 1089 3184 et
1148 3119 1617 3182 communicata
1679 3138 1830 3182 cum
1887 3120 2047 3182 viris
2118 3117 2319 3183 doctis
2385 3117 2463 3182 ab
2510 3114 2626 3181 illo
2673 3118 2740 3179 in
2789 3113 2956 3179 Mus.

585 3226 887 3291 Rhenano
933 3221 1160 3300 XLVI,
1207 3244 1270 3307 p.
1322 3218 1476 3287 617.

720 3392 981 3442 smenon-0
1022 3389 1230 3440 mixta
1262 3391 1331 3439 aa
1362 3386 1463 3440 ιιι.
1500 3406 1559 3439 ι..
1596 3390 1840 3441 omnm·
1871 3407 1918 3441 a.
1956 3390 2097 3441 1801.
2131 3372 2147 3389 “

1296 3819 1383 3867 ΔΙ)
1430 3819 1742 3868 ΗΒΒΟΒΔΗ
1787 3822 1831 3869 Δ
1875 3822 1966 3869 ΜΒ
2010 3822 2272 3869 nurum.

680 3985 1013 4074 Kenyonis
1072 3986 1201 4050 viri
1258 3988 1537 4073 egregii,
1603 3989 1716 4071 qui
1762 3986 1966 4053 denuo
2013 4008 2333 4075 papyrum
2380 3988 2740 4065 consuluit,
2790 3988 2962 4054 bene-

589 4092 907 4160 volentiae
969 4090 1163 4156 debeo
1226 4090 1467 4178 aliquot
1514 4114 1712 4159 novas
1758 4092 2062 4159 lectiones
2079 4142 2096 4171 ‚
2146 4114 2419 4179 quarum
2465 4096 2632 4159 scitu
2678 4093 2961 4160 utiliores

591 4204 743 4265 noto
803 4199 1023 4264 hasce:
1098 4195 1261 4264 125
1324 4198 1523 4281 (adn.)
1582 4220 1726 4286 pap.
1791 4215 1994 4279 λικος,
2055 4221 2181 4265 non
2244 4220 2450 4279 αιιιος;
2517 4198 2601 4264 35
2649 4223 2858 4277 -ηναι,
2903 4206 2962 4266 et

590 4308 853 4375 fortasse
892 4307 1092 4381 -θηναι
1112 4323 1130 4383 3
1174 4302 1259 4369 46
1304 4352 1588 4373 .......
1617 4330 1645 4369 ν
1686 4326 1920 4387 numm
1963 4304 2050 4371 48
2091 4328 2438 4386 συνεγγυςς
2484 4305 2572 4372 50
2595 4328 2958 4387 ματακινης,

62 3824 91 3959 ’ἡ

70 3962 91 4053 1

68 4164 96 4263 ·,·
