3192 5009
527 359 658 426 368
1334 375 1421 426 Da
1469 377 1740 428 'rsupms
1786 375 2087 428 ROMANIS.

619 542 741 609 Sed
806 547 883 606 ut
942 542 1100 608 illuc
1159 549 1472 620 revertar,
1534 551 1878 628 antequam
1940 543 2386 630 perficerentur
2447 545 2565 610 hae
2632 547 2923 610 actiones

527 649 908 714 terminandi
951 655 1017 714 et
1061 649 1315 726 effundi,
1361 650 1517 715 fines
1553 651 1635 716 ab
1674 651 2031 737 auguribus
2068 651 2375 717 debebant
2411 657 2687 716 mente
2736 671 2927 716 con-

527 759 696 842 cipi
757 763 822 821 et
879 759 1332 834 constitui3
1385 759 1537 842 quin
1585 761 1821 834 etiam,
1872 759 2175 843 quoniam
2222 757 2299 822 de
2344 762 2517 823 certo
2564 757 2705 822 loco
2750 777 2923 821 cum

525 862 656 928 deis
696 862 1016 949 agendum
1052 869 1186 926 erat
1221 865 1284 926 in
1329 865 1628 948 auspiciis
1647 912 1663 940 ,
1704 863 1858 928 fines
1888 869 2105 929 mente
2127 866 2413 949 concepti
2436 885 2570 928 esse
2593 863 2923 928 debebant

526 974 868 1052 antequam
907 969 1187 1053 auspicia
1225 975 1651 1054 captarentur.
1689 969 1905 1034 Huius
1942 970 2038 1034 rei
2057 972 2449 1034 mentionem
2472 969 2622 1034 fecit
2644 969 2923 1033 Livius:

621 1073 678 1138 1.
711 1073 814 1139 10.
843 1074 918 1140 6:
973 1073 1374 1159 „(Romulus)
1425 1074 1623 1139 simul
1668 1097 1816 1140 cum
1864 1076 2025 1141 dono
2070 1074 2477 1161 (spoliorum)
2522 1076 2918 1162 designa-

523 1183 650 1246 vit
711 1179 950 1266 templo
1010 1179 1188 1244 Jovis
1241 1180 1454 1246 fines
1482 1228 1496 1244 .
1529 1229 1544 1244 .
1571 1232 1586 1248 .
1618 1229 1632 1245 .
1680 1181 1977 1268 Juppiter
2023 1182 2300 1260 Feretri,
2348 1184 2594 1267 inquit,
2646 1182 2805 1246 tibi.
2840 1231 2859 1247 .
2898 1230 2915 1245 .

525 1285 842 1372 templum
899 1286 1028 1350 his
1089 1287 1592 1372 regionibus
1656 1309 1855 1373 quas
1914 1287 2147 1353 modo
2204 1291 2479 1353 animo
2526 1293 2919 1353 metatus

523 1415 731 1470 sum,
780 1392 996 1457 dedico
1046 1391 1518 1478 (neglegentius
1564 1392 1810 1458 dictum
1858 1415 1971 1479 pro
2026 1395 2400 1472 ,‚voveo”)'’.

615 1510 680 1564 et
731 1497 788 1566 1.
823 1497 925 1563 12.
953 1497 1026 1563 6:
1088 1498 1262 1574 „hic
1308 1519 1429 1585 ego
1477 1500 1597 1564 tibi
1640 1498 1959 1585 templum
1999 1499 2237 1565 Statori
2274 1499 2425 1564 Jovi
2452 1549 2467 1565 .
2499 1548 2513 1564 .
2544 1549 2559 1565 .
2590 1549 2605 1564 .
2628 1500 2911 1566 voveo”.

516 1605 704 1671 Fines
748 1605 940 1669 huius
984 1603 1213 1690 templi
1255 1626 1411 1690 quos
1457 1611 1673 1671 mente
1717 1612 2083 1692 conceperat
2122 1605 2437 1671 Romulus
2456 1654 2473 1683 ,
2514 1627 2668 1670 mox
2704 1609 2917 1672 etiam

518 1713 595 1777 ab
643 1733 715 1776 eo
761 1731 894 1776 esse
940 1711 1184 1796 effatos,
1232 1731 1356 1795 quo
1403 1711 1567 1776 facto
1616 1710 1935 1798 templum
1982 1713 2335 1798 perfectum
2384 1717 2551 1777 esset
2596 1717 2663 1777 et
2712 1715 2783 1776 in
2828 1733 2915 1777 eo

518 1839 626 1884 ara
687 1820 1035 1882 consecrari
1094 1822 1338 1902 posset,
1403 1817 1579 1883 addit
1640 1818 1865 1883 Livius
1917 1816 2018 1884 10.
2049 1815 2155 1882 37.
2190 1816 2305 1881 15:
2358 1818 2632 1895 „Fabius
2678 1817 2915 1882 scribit

517 1928 584 1989 in
629 1946 702 1990 ea
763 1944 978 2010 pugna
1027 1924 1108 2008 (a.
1151 1922 1310 2007 294)
1357 1923 1536 1989 Jovis
1582 1923 1853 1990 Statoris
1900 1924 2118 1989 aedem
2166 1929 2419 2002 votam,
2466 1931 2541 1988 ut
2585 1923 2915 1989 Romulus

518 2036 662 2096 ante
733 2037 994 2096 voverat
1010 2050 1026 2106 3
1099 2029 1208 2095 sed
1267 2030 1489 2094 fanum
1548 2031 1651 2115 (Ξ
1694 2030 2026 2113 sacellum)
2092 2035 2345 2094 tantum
2365 2078 2380 2106 ,
2446 2031 2512 2095 id
2576 2037 2672 2095 est
2714 2029 2909 2096 locus

519 2136 760 2223 templo
806 2137 1028 2203 effatus
1049 2186 1064 2212 ,
1114 2137 1385 2202 fuerat''.

609 2243 774 2324 Quid
821 2247 904 2308 sit
954 2245 1402 2321 „terminare”,
1442 2265 1570 2308 non
1608 2265 1719 2330 per
1756 2265 1822 2309 se
1856 2243 2101 2309 clarum
2142 2249 2257 2310 est.
2300 2242 2465 2308 Nam
2506 2263 2907 2328 quamquam

516 2352 636 2416 hoc
685 2349 1068 2415 vocabulum
1106 2357 1275 2416 certe
1313 2349 1667 2437 significare
1704 2357 1915 2435 potest
1955 2353 2308 2428 „terminos
2346 2349 2642 2435 ponere'',
2678 2355 2903 2414 tamen

517 2463 761 2523 constat
819 2457 884 2521 id
945 2459 1142 2522 etiam
1189 2459 1480 2522 universe
1530 2456 1657 2521 dici
1702 2460 1985 2542 potuisse
2031 2476 2178 2542 pro:
2238 2455 2606 2535 „definire'',
2662 2457 2906 2532 „certis

516 2562 749 2628 finibus
799 2562 1377 2628 circumscribere’'.
1425 2561 1576 2626 Loci
1624 2564 1736 2646 qui
1778 2562 1905 2626 huc
1948 2564 2267 2648 pertinent
2315 2562 2587 2648 probant
2632 2561 2903 2646 quidem

517 2670 714 2732 omnia
751 2669 971 2751 templa
991 2668 1204 2753 fuisse
1242 2667 1558 2731 terminata
1576 2715 1591 2743 ,
1630 2667 1738 2732 sed
1775 2689 1897 2732 non
1938 2671 2091 2732 satis
2130 2667 2482 2747 declarant,
2534 2688 2658 2752 quo
2706 2687 2903 2732 sensu

517 2776 587 2840 id
633 2775 1070 2860 accipiendum
1119 2777 1238 2839 sit:
1770 2831 1776 2836 ,

606 2881 752 2947 Liv.
801 2880 861 2948 5.
890 2881 996 2946 50.
1024 2881 1100 2944 2:
1152 2877 1556 2962 „(Oamillus)
1604 2879 1729 2944 Sen
1775 2877 1973 2946 Gtum
2018 2880 2204 2957 facit,
2248 2880 2394 2946 fana
2434 2881 2679 2957 omnia,
2725 2880 2903 2964 quod

515 3007 588 3054 ea
649 2986 850 3052 hostis
906 2987 1320 3072 possedisset,
1369 2988 1889 3063 restituerentur,
1938 2989 2633 3062 terminarentur,
2683 2989 2899 3070 expia-

515 3093 924 3178 renturque'’.

613 3199 784 3265 Plut.
824 3196 1076 3266 Camill.
1113 3197 1233 3262 32:
1264 3199 1356 3274 „oi
1382 3197 1445 3262 δὲ
1469 3199 1607 3270 τοὺς
1635 3199 1823 3277 ἱεροὺς
1851 3197 2065 3269 τόπους
2097 3197 2449 3272 α’νῳλαβεῒν
2476 3197 2578 3262 καὶ
2623 3197 2855 3278 dplex
2876 3223 2897 3260 ι

517 3305 854 3387 ταχθέντες
909 3305 1022 3368 ὑπὸ
1069 3308 1174 3367 τοῦ
1226 3305 1578 3382 Καμίλλου,
1629 3305 2105 3384 συγκεχυμένων
2150 3303 2443 3367 ἁπάντων
2492 3352 2505 3368 .
2535 3351 2549 3367 .
2579 3303 2618 3366 .’
2648 3351 2662 3367 .

606 3410 681 3475 111
742 3411 865 3474 loco
923 3411 1078 3473 muri
1125 3413 1277 3495 quin
1323 3412 1460 3474 veri
1504 3413 1699 3495 positi
1746 3411 1983 3475 fuerint
2028 3412 2287 3474 termini
2336 3408 2606 3495 (lapides
2626 3457 2642 3486 ,
2692 3411 2891 3494 cippi)

516 3517 784 3583 dubium
851 3539 976 3582 non
1045 3523 1167 3595 est,
1232 3519 1383 3602 quia
1441 3520 1864 3583 terminorum
1926 3519 2192 3602 pomerii
2238 3517 2747 3602 frequentissima
2794 3521 2893 3580 est

516 3625 757 3689 mentio
771 3644 787 3701 3
850 3623 959 3688 sed
1019 3626 1088 3686 in
1151 3621 1413 3708 reliquis
1467 3623 1726 3708 templis
1774 3625 2033 3689 termini
2079 3627 2145 3687 et
2190 3621 2631 3687 collocationes
2674 3623 2893 3686 termi-

513 3751 745 3796 norum
791 3750 1148 3815 numquam
1186 3728 1480 3794 distincte
1521 3735 1974 3795 memorantur.
2019 3727 2198 3807 Quod
2240 3727 2463 3792 Livius
2507 3725 2635 3806 (45.
2666 3727 2729 3805 5)
2770 3733 2887 3792 tra·

515 3836 646 3914 dit,
709 3826 1028 3921 templum
1083 3832 1470 3920 Delphicum
1517 3838 1767 3900 stetisse
1820 3837 2028 3912 „intra
2074 3838 2347 3898 sacratos
2394 3833 2761 3910 terminos”,
2812 3833 2891 3898 ad

515 3941 758 4028 templa
801 3943 1088 4008 Romana
1133 3941 1458 4007 transferri
1501 3963 1628 4006 non
1675 3941 1845 4006 licet.
1892 3941 1987 4005 Ea
2032 3944 2251 4005 autem
2298 3960 2456 4026 quae
2502 3939 2669 4004 infra
2708 3961 2891 4024 expo-

515 4069 742 4114 nemus
788 4049 864 4114 de
911 4047 1152 4134 templo
1199 4050 1446 4112 minore
1487 4053 1550 4112 et
1584 4046 1661 4110 de
1699 4049 1931 4132 saeptis
1972 4045 2364 4132 templorum
2402 4048 2597 4112 etiam
2638 4045 2889 4111 obstant

516 4178 594 4222 ne
641 4155 1000 4232 credamus,
1049 4157 1118 4218 in
1165 4154 1396 4220 finibus
1443 4151 1832 4238 templorum
1851 4202 1866 4230 ,
1914 4175 1991 4218 ne
2038 4156 2107 4218 in
2148 4158 2423 4238 quatuor
2460 4151 2716 4238 angulis
2756 4154 2887 4236 qui-

517 4262 696 4340 dem,
758 4282 938 4327 veros
1003 4263 1306 4324 terminos
1357 4259 1558 4323 fuisse
1620 4261 1857 4344 positos
1875 4307 1890 4335 ,
1944 4279 2091 4323 cum
2140 4261 2399 4322 termini
2447 4261 2582 4343 apti
2630 4262 2885 4322 tantum

515 4370 642 4433 sint
686 4367 766 4433 ad
810 4366 946 4432 loca
991 4371 1208 4452 aperta
1254 4365 1668 4431 terminanda.
1710 4364 1931 4450 Itaque
1972 4363 2384 4428 statuendum
2423 4381 2557 4427 esse
2597 4361 2883 4440 videtur,

512 4473 669 4540 locis
725 4472 998 4538 laudatis
1061 4473 1236 4538 Livii
1282 4477 1346 4536 et
1391 4470 1727 4536 Plutarchi
1774 4470 2092 4534 terminare
2138 4474 2204 4534 et
2250 4466 2458 4548 ὁρίζειν
2503 4465 2667 4541 nihil
2714 4465 2887 4534 aliud
