3192 5009
418 986 1511 1079 OBSERVATIUNCULAE
1568 986 1708 1076 DE
1762 982 2022 1076 IURE
2077 980 2546 1075 ROMANO.

1360 1192 1608 1235 sompsrr

1035 1346 1095 1413 J.
1144 1344 1216 1413 C.
1263 1344 1557 1412 NABER
1600 1345 1666 1412 S.
1693 1347 1772 1410 A.
1796 1362 1918 1409 m..

770 1514 1241 1595 (Continuanbur
1286 1538 1359 1578 ex
1396 1513 1575 1577 huius
1635 1512 1764 1577 Vol.
1803 1534 1953 1595 paq.
2014 1509 2195 1591 112.)

1253 1818 1654 1854 ψ-

1359 2072 1597 2140 XVIII.

634 2281 780 2338 Qum
826 2280 951 2329 sm
994 2278 1227 2326 πωπω
1272 2278 1485 2325 mmm
1533 2308 1567 2337 „
1575 2276 1636 2325 s1
1681 2276 1936 2324 cnnmtm
1979 2258 2330 2325 annm'’.

392 2446 591 2513 Verba
652 2446 764 2524 „ei
824 2453 1116 2510 certum
1164 2444 1541 2527 pets-lust
1591 2446 1662 2507 in
1707 2442 1994 2531 Digestis
2040 2444 2138 2509 bis
2183 2453 2556 2525 occurrunt-‚
2604 2450 2674 2512 in

289 2553 546 2640 rubrica
605 2552 683 2617 D.
740 2552 841 2618 12.
874 2552 933 2631 1,
994 2554 1156 2617 item
1216 2550 1261 2615 l.
1318 2551 1351 2615 1
1404 2572 1498 2636 pr.
1547 2548 1626 2614 D.
1683 2549 1784 2615 13.
1814 2549 1876 2616 3.
1938 2549 2296 2635 Supersunt
2352 2559 2677 2637 praeterea

238 2700 245 2707 ·
289 2664 363 2725 in
432 2659 681 2724 rubrica
748 2658 1025 2745 quadam
1094 2655 1345 2724 Codicis
1414 2654 1796 2742 Gregoriani
1855 2655 1997 2736 (III.
2049 2654 2154 2735 12,
2202 2658 2335 2723 vid.
2381 2660 2671 2746 Append.

289 2765 422 2852 leg.
464 2764 781 2851 Visigoth.
821 2764 873 2830 Ι.
917 2763 1004 2845 5),
1049 2766 1211 2829 item
1256 2766 1325 2827 in
1370 2762 1618 2827 duabus
1655 2763 1923 2828 rubricis
1963 2760 2213 2829 Codicis
2253 2762 2676 2830 Theodosiani

292 2869 405 2951 (11.
454 2867 561 2949 27,
612 2867 747 2951 29),
812 2869 1081 2955 denique
1126 2871 1194 2933 in
1241 2868 1491 2933 rubrica
1538 2865 1789 2934 Codicis
1835 2866 2178 2933 Iustiniani
2225 2867 2371 2950 (IV.
2409 2870 2497 2950 2).
2561 2870 2680 2935 Va-

289 2979 501 3065 riatur
564 2979 727 3041 circa
776 2982 1132 3057 petetur,
1195 2995 1311 3060 pro
1374 2994 1498 3058 quo
1560 2995 1714 3039 mox
1749 2980 2108 3056 petatur,
2155 2995 2308 3038 mox
2342 2976 2680 3057 petitur

294 3084 608 3167 scriptum
644 3084 990 3147 invenitur.
1041 3078 1345 3147 Ceterum
1381 3078 1698 3145 Edictalia
1735 3100 1869 3144 esse
1887 3128 1903 3156 ,
1941 3079 2220 3144 dubitari
2251 3102 2377 3145 non
2403 3089 2674 3167 oportet.

292 3188 525 3253 Exstat
588 3190 760 3252 enim
823 3186 1013 3251 Pauli
1056 3189 1124 3249 in
1171 3185 1353 3250 libris
1402 3172 1483 3249 ad
1530 3184 1835 3250 Edictum
1884 3190 1976 3265 (et
2022 3186 2284 3271 quidem
2331 3208 2446 3252 suo
2494 3187 2630 3253 loco
2658 3238 2675 3266 ‚

292 3293 364 3359 id
409 3299 507 3358 est
547 3292 710 3358 libro
761 3290 1067 3373 XXVIII)
1114 3294 1291 3357 vocis
1338 3298 1636 3355 certum
1681 3292 2122 3376 interpretatio
2179 3291 2248 3372 (1.
2279 3290 2676 3375 6D.12.1).

296 3398 657 3464 Dicendum
726 3420 877 3486 ergo
897 3448 912 3477 ,
984 3399 1136 3464 haec
1196 3397 1389 3463 verba
1449 3397 1603 3483 quid
1665 3397 1786 3462 sibi
1832 3396 2072 3475 velint,
2122 3419 2246 3483 quo
2296 3399 2671 3465 referantur.

299 3505 523 3571 Ottoni
586 3505 846 3589 quidem
906 3503 1103 3569 Lenel
1172 3503 1466 3589 expedita
1527 3498 1628 3568 res
1689 3509 1804 3568 est.
1869 3503 2230 3569 Praemisss
2293 3506 2545 3572 rubrica
2592 3510 2682 3571 de

299 3612 527 3675 rebus
573 3611 921 3674 creditis
966 3612 1303 3697 subiungit
1346 3609 1512 3675 fflud
1561 3609 1672 3687 „ei
1721 3617 2013 3673 certum
2047 3612 2451 3693 petetur-’2
2503 3618 2683 3699 quasi

300 3716 584 3803 generali
630 3716 822 3782 titulo
869 3716 1210 3801 specialem
1257 3716 1549 3781 titulum.
1599 3714 1780 3795 Quod
1827 3718 1991 3781 tanti
2033 3718 2160 3782 viri
2196 3739 2348 3802 pace
2389 3719 2680 3798 dixerim,

302 3823 457 3888 haec
518 3825 679 3888 ratio
743 3821 903 3887 falsa
967 3823 1130 3899 mihi
1193 3823 1469 3889 videtur.
1522 3821 1907 3908 Refrsgatur
1949 3825 2154 3909 ipsius
2200 3822 2458 3910 Ulpiani
2509 3829 2686 3891 testi-

300 3929 595 3993 monium
643 3927 711 4007 (l.
768 3928 801 3992 1
851 3927 930 3992 D.
984 3927 1205 4008 121).
1254 3928 1416 3993 Ecce
1462 3928 1690 3993 verba:
1747 3986 1750 3989 ,

666 4035 729 4098 Ε
782 4057 847 4097 re
910 4041 996 4098 eet
1012 4084 1027 4111 ,
1079 4034 1432 4120 priusquam
1482 4036 1567 4098 ad
1610 4036 1913 4099 verborum
1959 4036 2510 4118 interpretabiomm
2554 4061 2689 4121 per-

576 4140 907 4218 veniamus,
984 4161 1191 4222 pauca
1274 4142 1349 4203 de
1414 4140 1857 4223 ciqnfficatione
1921 4141 2118 4223 ipsius
2188 4141 2359 4204 timu
2429 4144 2684 4228 refi’rre.

586 4246 876 4327 Quoniam
920 4245 1113 4327 iyitur
1154 4246 1341 4309 multa
1388 4248 1473 4309 ad
1516 4253 1852 4310 contractus
1897 4246 2097 4309 varios
2132 4247 2512 4330 pertinentia
2549 4250 2690 4315 iura

576 4352 680 4415 sub
728 4352 837 4415 hoc
881 4351 1058 4417 muco
1108 4352 1365 4417 Praetor
1411 4351 1702 4430 inseruit,
1744 4351 1878 4416 ideo
1918 4374 2114 4417 rerum
2151 4352 2512 4485 creditarum
2549 4356 2692 4420 titu-

580 4458 703 4521 bwm
736 4458 1059 4541 praemi-vit
1108 4505 1304 4522 .....

2344 4580 2409 4629 12
