3192 5009
992 238 1077 283 mi
1122 236 1272 282 mnu
1320 235 1774 282 onnuwrunm.
2446 209 2578 277 269

234 408 287 464 et
342 398 467 487 lege
522 399 703 465 Fufia
770 400 1033 486 quidem
1064 399 1128 482 ¹).
1182 398 1441 467 Crimen
1489 400 1661 485 quod
1705 402 1766 465 ei
1807 399 2274 486 imputabatur,
2323 417 2360 461 a
2407 394 2581 461 Cice-

232 526 359 569 rone
412 504 567 571 clare
630 507 969 584 indicatur,
1036 506 1163 570 fuit
1208 506 1328 571 hoc
1373 508 1592 591 ipsum
1642 506 1812 592 quod
1855 506 2156 571 adversus
2200 504 2414 591 legem
2461 503 2580 567 Ae-

231 609 365 675 liam
416 610 659 676 Fufiam
724 612 1187 690 „detrusisset”
1252 614 1515 677 comitia
1576 616 1646 677 in
1707 614 2079 698 proximum
2127 632 2366 675 annum
2384 657 2401 687 ,
2453 628 2579 694 quo

232 716 483 783 consules
546 722 747 784 creari
807 725 1067 805 possent
1131 717 1395 786 Crassus
1456 724 1523 785 et
1587 719 1934 804 Pompeius
1949 740 1966 797 ;
2029 717 2208 783 locus
2255 714 2578 783 Ciceronis

231 844 335 887 non
396 827 537 887 sinit
605 846 721 890 nos
784 824 1037 891 credere
1055 874 1072 903 ,
1137 846 1289 890 eum
1350 833 1723 915 accusatum
1782 845 1918 891 esse
1975 824 2145 909 quod
2191 821 2578 908 neglexisset

230 926 361 991 alias
412 930 712 1014 quasdam
772 938 985 1015 partes
1043 931 1211 1017 legis
1252 929 1472 996 Aeliae
1518 930 1736 996 Fufiae
1783 930 1966 995 nobis
2010 932 2298 1016 ignotas,
2347 927 2427 992 ad
2474 926 2580 992 ob—

228 1038 657 1101 nuntiationem
704 1058 829 1102 non
877 1041 1269 1122 pertinentes
1317 1037 1457 1117 (cfr.
1506 1058 1683 1122 supr.
1723 1057 1872 1123 pag.
1916 1034 2050 1101 262
2089 1035 2232 1101 adn.
2283 1035 2381 1115 l);
2424 1054 2579 1099 nam

230 1162 353 1205 oum
408 1139 620 1208 Cicero
681 1143 849 1209 dicat
914 1146 1054 1209 eius
1119 1142 1591 1208 absolutionem
1639 1142 1838 1209 fuisse
1884 1163 2001 1227 pro
2048 1141 2438 1227 praeiudicio
2485 1142 2578 1205 eis

229 1250 319 1330 qui
370 1249 629 1332 posthac
692 1252 999 1327 „comitia
1061 1248 1440 1315 detrudere''
1503 1248 1783 1326 vellent,
1831 1269 2083 1314 necesse
2131 1255 2228 1313 est
2275 1269 2427 1313 eum
2474 1248 2578 1313 ab·

226 1351 475 1418 solutum
534 1376 671 1420 esse
735 1356 855 1420 hoo
918 1356 1183 1420 crimine
1243 1354 1415 1440 quod
1462 1357 1769 1432 „comitia
1816 1353 2234 1419 detrusisset'’
2264 1351 2352 1435 ⁸);
2403 1352 2578 1418 idem

226 1458 391 1521 etiam
452 1460 677 1544 probat
746 1458 1060 1527 Catonem
1130 1461 1538 1524 obnuntiando
1561 1509 1578 1538 ,
1653 1482 1777 1525 non
1848 1462 2101 1546 proprie
2160 1460 2578 1523 intercedendo

226 1566 506 1645 (quamvis
574 1585 650 1630 eo
712 1564 1023 1631 vocabulo
1092 1586 1248 1630 usus
1316 1569 1402 1631 sit
1472 1566 1700 1631 Livius
1773 1569 1926 1651 epit.
2006 1564 2160 1646 105)
2232 1564 2576 1650 impedisse

226 1670 449 1733 comitia
465 1718 482 1747 ,
546 1691 701 1735 nam
762 1669 867 1735 lex
931 1669 1115 1736 Aelia
1172 1670 1354 1735 Fufia
1400 1691 1525 1736 non
1570 1674 1784 1737 vetuit
1829 1671 2171 1750 intercedi,
2221 1671 2352 1736 vid.
2401 1692 2574 1755 supr.

228 1794 347 1859 pag.
390 1773 519 1839 259
566 1776 711 1841 adn.
762 1775 803 1841 3
834 1774 905 1855 ³).
973 1779 1176 1862 Atqui
1243 1776 1433 1864 1636
1504 1777 1757 1842 Fufia
1827 1784 2159 1843 accusatus
2220 1782 2319 1842 est
2381 1774 2540 1843 Cato
2557 1797 2575 1854 ς

229 1886 439 1944 constat
494 1884 721 1968 igitur,
767 1885 1058 1968 primum
1102 1882 1317 1970 legem
1362 1883 1617 1948 Fufiam
1660 1886 1943 1949 vetuisse
1991 1884 2068 1949 de
2115 1882 2287 1948 caelo
2337 1883 2576 1947 servari

230 2004 347 2049 cum
412 1990 831 2073 mag-istratus
900 1996 1284 2067 crearentur,
1349 1989 1575 2054 deinde
1637 2010 1788 2055 vero
1809 2038 1826 2067 ,
1889 1988 2107 2076 legem
2170 1986 2466 2055 Clodiam
2510 1987 2580 2051 id

230 2110 327 2154 non
382 2095 693 2171 vetuiss03
756 2114 909 2158 nam
970 2096 1025 2159 si
1083 2093 1190 2159 lex
1254 2092 1476 2161 Clodia
1523 2098 1836 2160 vetuisset
1878 2095 2182 2180 impediri
2227 2096 2576 2159 creationes

232 2194 659 2277 obnuntiando,
724 2220 1065 2265 necesse
1125 2201 1441 2266 fuisset
1489 2206 1581 2265 ut
1631 2199 1836 2267 Cato
1883 2222 2040 2266 non
2089 2200 2283 2288 1636
2329 2200 2579 2264 Fufia

231 2301 341 2365 sed
380 2301 569 2390 1636
616 2302 915 2370 Clodia
960 2312 1530 2396 accusaretur.
1581 2306 1830 2372 Iudices
1879 2313 2135 2385 autem,
2185 2327 2336 2372 cum
2382 2304 2580 2371 absol-

232 2414 411 2473 verent
455 2406 770 2475 Catonem
817 2413 928 2495 qui
975 2412 1309 2477 manifeste
1350 2411 1724 2498 neglexerat
1761 2411 1977 2498 legem
2014 2410 2266 2477 Aeliam
2303 2411 2576 2489 Fufiam,

230 2510 321 2576 hoc
358 2516 491 2600 ipso
536 2515 775 2581 iudicio
824 2522 1222 2595 statuerunt,
1269 2517 1487 2604 legem
1531 2517 1786 2583 Aeliam
1834 2518 2088 2583 Fufiam
2133 2540 2260 2583 non
2298 2517 2577 2603 amplius

234 2618 401 2686 valere
418 2670 433 2699 ,
484 2628 550 2685 et
594 2621 808 2688 valere
853 2621 1068 2709 legem
1116 2600 1410 2689 Clodiam
1457 2644 1618 2708 quae
1665 2644 1808 2688 eam
1855 2626 2290 2710 abrogaverat.
2356 2624 2578 2708 Itaque

232 2726 579 2805 praesidium
615 2714 783 2813 legis
820 2726 1039 2793 Aeliae
1078 2726 1295 2793 Fufiae
1318 2776 1334 2805 ‚
1378 2729 1546 2813 quod
1580 2736 1768 2794 antea
1813 2729 2144 2796 sublatum
2183 2736 2320 2795 erat
2363 2728 2580 2793 suffra-

232 2832 329 2913 giis
382 2831 581 2917 plebis
626 2831 847 2919 legem
892 2830 1190 2899 Clodiam
1236 2836 1696 2919 accipientibus
1713 2884 1729 2912 ,
1781 2857 1950 2900 nunc
2001 2838 2200 2901 etiam
2247 2834 2578 2901 sublatum

232 2942 305 2999 est
342 2942 645 3003 sententia
704 2938 995 3004 iudicum
1014 2988 1031 3017 ,
1096 2962 1221 3025 quo
1284 2940 1543 3005 nullum
1600 2944 1669 3005 in
1729 2942 2055 3027 republica
2117 2944 2269 3007 ferri
2329 2946 2580 3027 poterat

232 3040 503 3107 iudicium
550 3047 833 3108 sanctius
880 3051 994 3110 aut
1034 3044 1311 3110 validius
1351 3046 1428 3111 de
1466 3049 1607 3111 iure
1645 3044 1892 3133 legum.
1943 3046 2069 3113 Sed
2105 3046 2576 3113 concedendum

234 3165 337 3211 esse
370 3148 639 3226 videtur,
679 3149 921 3216 iudices
960 3153 1074 3215 vix
1113 3150 1298 3217 aliter
1337 3152 1669 3217 decernere
1707 3156 1990 3237 potuisse
2007 3202 2024 3231 ,
2053 3174 2202 3218 cum
2225 3152 2580 3218 secundum

234 3252 339 3329 ius,
396 3276 516 3319 non
582 3254 936 3320 secundum
996 3255 1354 3321 utilitatem
1372 3306 1409 3335 ‚,
1453 3260 1545 3322 eis
1607 3258 2070 3323 decernendum
2127 3264 2326 3336 esset,
2376 3279 2580 3343 neque

238 3376 503 3444 umquam
564 3366 825 3427 senatus
885 3361 1228 3427 iudicasset
1246 3412 1262 3439 ‚
1326 3362 1503 3449 leges
1567 3361 1822 3429 Clodias
1885 3363 2094 3429 nullas
2141 3386 2308 3443 esse;
2360 3362 2580 3432 Cicero

240 3466 475 3531 nimium
520 3467 755 3532 tribuit
800 3470 1104 3552 potestati
1146 3469 1436 3534 iudicum
1484 3490 1636 3533 cum
1682 3469 1760 3534 de
1807 3470 1928 3534 hoc
1967 3469 2205 3536 iudicio
2247 3470 2576 3535 scriberet:

242 3594 329 3643 „er
368 3594 471 3657 quo
518 3573 885 3638 intellectum
932 3581 1051 3651 eet,
1101 3578 1684 3651 τριςαρειοπωγίτας
1729 3576 2042 3652 ambitum,
2085 3575 2324 3639 comitia
2343 3625 2360 3653 ,
2399 3576 2583 3638 inter-

242 3696 441 3755 reqmcm
458 3728 474 3758 ,
510 3678 897 3756 maiestatem,
938 3686 1119 3743 totam
1156 3680 1411 3765 denique
1449 3681 1868 3763 rempublicam
1874 3680 2058 3764 flocci
2083 3679 2476 3765 nonfacere'’
2508 3686 2578 3760 ⁴).

256 3856 358 3866 n

292 3946 337 4007 l)
364 3949 452 4000 (Ec.
485 3954 586 4002 Att.
621 3955 671 4002 4.
692 3953 771 4003 16.
794 3954 822 4001 5
858 3956 919 4014 (ι.
958 3952 1071 4016 54)=
1114 3968 1266 4003 cnunc
1299 3953 1359 4002 ad
1392 3968 1446 4001 ea
1481 3968 1604 4017 qnae
1638 3952 1828 4017 quaeris
1862 3953 1921 4001 de
1958 3952 2011 4000 C.
2047 3952 2242 4001 Catone.
2285 3952 2408 4015 Lege
2442 3949 2585 4001 Iunia

243 4030 279 4071 et
312 4028 475 4081 Licinia
516 4034 605 4084 scis
648 4034 947 4095 absolutum3
986 4034 1119 4085 Fufia
1154 4050 1241 4099 ego
1277 4034 1367 4084 tibi
1403 4035 1573 4084 nuntio
1608 4034 1879 4084 absolutum
1915 4034 2012 4093 iri,
2049 4049 2200 4097 neque
2237 4034 2452 4098 patronis
2486 4036 2586 4084 suis

246 4108 321 4157 hm
357 4109 595 4165 libentibus
639 4132 785 4180 quam
818 4114 1218 4167 accusator-ibae&
1264 4144 1331 4153 —
1374 4116 1427 4177 2)
1463 4116 1560 4165 Cic.
1603 4116 1705 4166 Att.
1740 4118 1887 4166 416.
1910 4116 1955 4163 ὅ.
1999 4117 2124 4165 Boot
2157 4114 2331 4180 (4.17.
2354 4116 2385 4165 2
2419 4117 2583 4180 Orell)

247 4186 295 4246 (2-
326 4193 425 4257 54)=
474 4200 669 4261 nputant
713 4197 817 4246 fore
862 4198 1071 4263 aliquem
1117 4198 1200 4263 qui
1245 4198 1441 4248 comitia
1476 4198 1527 4247 in
1562 4198 1822 4248 adventum
1858 4198 2076 4247 Caesaris
2111 4198 2368 4258 detrudat,
2403 4200 2582 4247 Catone

248 4276 481 4332 mrum
504 4277 766 4329 absoluto”.
800 4306 869 4320 -
903 4282 956 4341 8)
991 4280 1091 4329 ctr.
1129 4296 1259 4345 supr.
1296 4295 1401 4345 pag.
1436 4281 1533 4330 263
1572 4280 1681 4331 adn.
1710 4282 1758 4339 2,
1789 4283 1838 4329 et
1868 4296 1976 4345 pag.
2009 4282 2123 4330 248.
2167 4308 2234 4318 —
2266 4282 2325 4346 4)
2360 4282 2456 4330 Cic.
2479 4284 2582 4329 Att.

249 4352 283 4397 4-
303 4353 422 4417 ln,
452 4360 531 4411 cfr.
564 4376 685 4425 quae
717 4362 880 4411 adnot.
919 4378 961 4411 v.
997 4361 1057 4411 cl.
1097 4362 1235 4412 Boot.
