3192 5009
1026 291 1317 340 ommim
1362 291 1719 340 emaum.
2435 271 2566 340 353

306 458 611 524 Praeterea
672 457 937 522 Futurie
996 463 1274 522 utuntur
1335 465 1449 522 aut
1510 457 1776 543 plebeiis
1793 507 1809 536 ,
1873 465 1950 522 ut
1999 459 2114 522 ἐλῶ
2161 465 2266 538 (.--.
2291 461 2565 540 αἱρήσω),

237 564 501 646 ἐξιφελῶ,
539 564 778 630 καθελῶ
820 561 903 642 (V
945 561 1051 628 39.
1084 561 1233 628 155.
1261 561 1413 629 364.
1442 560 1594 628 367.
1623 561 1756 629 470
1781 585 1912 648 eqq.
1939 561 2070 644 aL),
2113 570 2228 629 aut
2265 565 2566 645 barbarie,

236 675 297 734 ut
334 669 603 746 θάνομαι,
672 671 1061 745 κατθάνομαι
1110 668 1263 747 (XII
1314 667 1419 733 36.
1472 668 1581 748 al.)
1631 669 1940 746 πέσομοιι,
1994 671 2402 747 »tamboanus
2448 671 2569 750 (III

235 773 324 838 83.
362 773 479 852 aL),
522 773 875 854 νηχῆσομοιι
926 773 1013 852 (Il
1058 771 1212 838 209.
1262 772 1394 853 81.),
1438 773 1732 850 &wifel-cat
1771 773 1827 852 (I
1871 772 2019 838 190.
2061 775 2214 839 XIV
2258 775 2404 841 147.
2435 776 2568 855 81.),

235 879 489 956 (Dircam
526 877 644 958 (III
687 877 865 958 791),
906 878 1199 955 adeonae
1245 878 1363 957 (XI
1412 877 1592 959 294),
1643 877 1938 959 Φύγομαι
1988 878 2107 958 (111
2155 879 2262 945 26.
2313 880 2409 944 XI
2457 881 2570 945 45.

236 983 339 1047 XII
378 982 473 1048 93.
497 983 651 1048 252.
678 981 841 1062 272)
902 991 967 1048 et
1029 983 1319 1048 δεικνύσει
1390 981 1537 1048 VIII
1584 981 1692 1060 57,
1765 984 1840 1048 de
1909 986 2094 1049 cuiue
2161 991 2377 1051 tamen
2444 987 2569 1052 loci

228 1093 544 1154 sinceritate
584 1089 830 1154 dubito.
880 1087 977 1156 Of.
1028 1109 1173 1175 pare
1219 1093 1455 1154 clitica.
1508 1089 1691 1170 Quod
1740 1097 1959 1155 autem
2008 1089 2096 1154 III
2147 1091 2280 1156 400
2326 1091 2570 1178 leg-itur

230 1197 485 1260 futurum
522 1215 685 1280 paee.
728 1197 982 1274 Φδεῖται
1004 1244 1019 1272 ,
1066 1195 1133 1258 id
1178 1202 1347 1261 recte
1394 1196 1602 1260 Rzach
1649 1202 1870 1260 tuetur
1914 1199 2228 1280 scriptura
2274 1197 2569 1263 codicum

232 1301 589 1386 quorundam
632 1301 905 1366 Homeri
952 1315 990 1364 λ
1018 1300 1149 1366 330
1198 1308 1263 1366 et
1309 1301 1532 1381 Quinti
1576 1301 1834 1396 Smgrn.
1885 1301 1976 1366 111
2028 1301 2131 1366 17.
2179 1302 2307 1368 XII
2355 1303 2506 1368 351.

304 1405 502 1492 Neque
547 1410 676 1471 rari
722 1412 873 1470 eunt
918 1406 1149 1470 Aorieti
1194 1409 1424 1471 novitii
1473 1413 1537 1472 et
1584 1410 1823 1471 vitiosi.
1874 1405 1980 1472 Sic
2029 1407 2056 1471 I
2106 1407 2258 1472 382.
2313 1407 2374 1473 II
2415 1409 2567 1474 260.

234 1510 301 1574 vl
347 1511 400 1576 6.
444 1509 531 1574 XI
579 1509 687 1576 47.
715 1507 799 1575 75
849 1517 915 1575 et
959 1510 1113 1576 alibi
1161 1515 1435 1596 reperies
1483 1509 1709 1591 ἔλειψα
1759 1519 1824 1576 et
1869 1509 2145 1592 ἔφευξας,
2197 1512 2252 1575 V
2299 1510 2424 1578 176
2465 1515 2568 1594 81.,

234 1611 437 1695 εὕρατο,
481 1616 596 1681 Vll
650 1615 799 1681 134.
840 1615 921 1681 al.
962 1616 1325 1695 Boc-dmm,
1368 1618 1535 1702 quod
1573 1620 1833 1684 omnino
1873 1621 1938 1681 in
1980 1621 2348 1703 sequiorum
2385 1623 2575 1706 scrip-

234 1725 301 1786 tie
344 1723 732 1808 perfrequens
771 1731 899 1800 eet,
941 1723 1050 1787 eed
1091 1725 1321 1800 etiam,
1362 1743 1522 1808 quae
1562 1729 1660 1788 eet
1698 1724 1901 1788 forma
1939 1727 2230 1789 omnium
2271 1727 2569 1809 pessima,

235 1829 490 1907 σχήσων
536 1828 632 1894 XI
678 1827 787 1894 23.
816 1825 923 1893 91.
956 1826 1105 1893 153.
1158 1827 1303 1893 XII.
1356 1827 1509 1894 221.
1537 1827 1692 1894 258.
1744 1828 1922 1894 Adde
1969 1831 2211 1909 τετύχῃ
2249 1827 2397 1895 VIII
2439 1830 2572 1895 202

240 1941 293 1997 et
329 1934 625 2016 τετύχωσι
671 1931 764 1999 ΙΙΙ
814 1933 965 2011 634,
1017 1933 1131 1999 ubi
1176 1934 1307 2000 vid.
1347 1933 1608 2000 Rzachii
1655 1941 1892 2000 notam.

309 2037 479 2106 Certa
523 2047 653 2122 eet,
710 2039 861 2105 licet
922 2040 1102 2105 codd.
1164 2041 1437 2106 habeant
1496 2039 1697 2121 ἄμφω
1762 2036 1954 2119 εἶχεν,
2012 2037 2164 2106 136
2221 2039 2578 2126 Imperfecti

238 2143 408 2210 forma
462 2148 693 2212 vitiosa
740 2145 1059 2226 ἅμφεχον,
1110 2149 1260 2230 quia
1305 2145 1631 2211 sollemnis
1679 2151 1775 2211 eet
1817 2149 1887 2209 in
1932 2148 2260 2230 epicorum
2304 2145 2577 2212 Alexan-

239 2249 527 2316 drinorum
570 2252 976 2318 carminibus.

311 2355 473 2436 Quod
514 2362 731 2423 minus
775 2356 950 2422 valet
995 2357 1073 2422 de
1112 2357 1387 2441 Perfecta:
1423 2357 1632 2422 forma
1670 2355 2068 2432 πεπειθμένος
2090 2405 2106 2432 ,
2149 2377 2344 2441 quam
2367 2357 2575 2423 Rzaoh

243 2460 407 2527 edidit
450 2462 481 2526 1
529 2462 637 2527 44.
704 2462 764 2528 II
810 2462 964 2528 266.
1029 2461 1180 2526 XIV
1228 2462 1381 2540 260,
1447 2469 1511 2527 et
1570 2464 1780 2547 primo
1828 2460 2088 2546 quidem
2135 2460 2274 2527 loco
2320 2483 2354 2527 e
2399 2484 2578 2528 mera

244 2569 561 2632 coniectura
577 2617 595 2644 ,
656 2589 851 2652 quam
909 2568 1195 2632 infirmat
1256 2571 1486 2634 tertius
1508 2615 1523 2644 ,
1585 2567 1701 2631 ubi
1755 2587 1976 2632 omnes
2019 2566 2170 2632 libri
2217 2572 2577 2655 conspirant

244 2672 297 2732 in
344 2674 530 2757 proba
592 2675 795 2739 forma
842 2673 1274 2751 πεπεισμένοι,
1322 2695 1437 2739 nec
1484 2675 1640 2738 satie
1687 2673 2021 2738 confirmat
2065 2673 2378 2739 secundus
2396 2723 2412 2752 ‚
2463 2677 2576 2740 ubi

244 2779 429 2844 tertiae
490 2779 709 2845 classis
769 2780 1011 2846 codices
1064 2780 1300 2845 habent
1346 2779 1614 2844 eandem
1631 2827 1648 2856 ,
1698 2785 1866 2844 recte
1911 2779 2242 2863 probatam
2286 2779 2346 2844 Ν
2349 2780 2578 2846 auckio

247 2885 297 2942 et
348 2881 727 2950 LudwichiO.
798 2883 929 2950 Nec
999 2885 1348 2970 quidquam
1416 2906 1523 2950 me
1584 2891 1806 2949 movet
1867 2883 2138 2949 allatum
2199 2885 2279 2949 ab
2339 2873 2580 2952 editore

249 2991 621 3068 κεκορυθμένος
664 2991 719 3070 (I
769 2989 853 3058 77
896 2991 1026 3071 81.),
1076 3011 1237 3076 quae
1282 2992 1488 3056 forma
1534 2992 1849 3055 constanti
1893 3011 2016 3054 usu
2065 2989 2408 3056 Homerico
2458 2999 2582 3057 sta-

248 3091 447 3174 bilitur,
496 3097 652 3163 dum
696 3097 1061 3163 inauditum
1108 3105 1205 3164 eet
1252 3096 1700 3176 κεκαρωμένος.
1751 3097 2178 3161 Rarissimum
2223 3103 2330 3192 est·
2363 3100 2431 3161 in
2479 3098 2580 3162 hie

250 3204 595 3268 carminibus
640 3203 1031 3281 βεβλημένος
1052 3252 1068 3280 ,
1116 3224 1231 3288 pro
1280 3223 1403 3288 quo
1450 3205 1787 3288 participio
1835 3223 2031 3287 paene
2077 3209 2438 3268 constanter
2484 3203 2586 3268 ad-

250 3301 461 3372 hibetur
518 3309 941 3388 βεβολημένος
962 3358 978 3387 ,
1029 3307 1207 3374 nulla
1252 3309 1469 3374 habita
1514 3311 1757 3373 ratione
1807 3308 2266 3373 observationis
2314 3310 2586 3373 Aristar-

256 3409 406 3478 cheee
459 3415 533 3482 de
593 3418 732 3481 eius
794 3436 918 3480 usu
978 3415 1345 3480 Homerico.
1410 3412 1697 3479 Tandem
1756 3411 2063 3477 notandae
2127 3419 2278 3477 eunt
2345 3413 2585 3479 formae

260 3510 487 3596 ἕσκηκαν
531 3521 589 3602 (I
638 3521 775 3602 35),
825 3523 1117 3602 πέφυκαν
1164 3520 1223 3602 (I
1270 3519 1430 3601 265)
1478 3527 1543 3584 et
1591 3517 1814 3600 ἓοργοιν
1859 3517 2037 3597 (XIV
2086 3517 2265 3598 250).

325 3627 599 3691 Adverbia
646 3623 831 3708 ἄχρις
879 3624 1193 3708 (ἔσοιχρις)
1240 3632 1307 3691 et
1352 3625 1574 3705 μέχρις
1624 3645 1747 3689 usu
1787 3627 2030 3690 novitio
2071 3644 2267 3710 paene
2307 3629 2590 3689 constan-

264 3731 334 3790 ter
369 3731 587 3798 habent
633 3735 845 3820 sig-ma
892 3731 1077 3798 finale
1095 3781 1111 3810 ,
1164 3753 1289 3816 quo
1336 3731 1467 3796 fere
1512 3737 1730 3796 carent
1773 3730 1888 3795 ubi
1936 3733 2075 3794 vim
2121 3729 2400 3794 induunt
2446 3751 2588 3794 con-

264 3831 650 3915 iunctionum,
712 3845 791 3903 ut
849 3836 904 3901 V
952 3835 1105 3904 267.
1134 3835 1267 3902 456
1327 3843 1391 3902 et
1455 3835 1545 3901 111
1591 3835 1744 3902 446.
1773 3833 1925 3900 570.
1975 3833 2126 3899 VIII
2177 3834 2339 3913 129;
2392 3835 2590 3912 πάλι,

268 3948 417 4017 prout
454 3949 735 4010 metrum
782 3942 1067 4029 postulat
1089 3990 1104 4020 ‚
1152 3949 1501 4028 usurpatur
1545 3945 1732 4006 iuxta
1779 3941 1974 4006 πάλιν
1992 3988 2008 4019 ,
2057 3947 2134 4004 ut
2183 3939 2249 4004 ΙΙ
2304 3942 2336 4004 1
2365 3962 2456 4026 eq.
2507 3940 2592 4006 al.

268 4035 498 4114 Pessime
568 4051 765 4114 ἐκεῖσε
835 4052 1121 4134 positum
1193 4069 1305 4134 pro
1369 4049 1499 4112 ἐκεῖ
1556 4069 1606 4111 e.
1673 4049 1852 4112 ἐκεῖθι
1920 4046 1951 4110 1
2001 4045 2155 4123 302,
2219 4068 2334 4112 nec
2378 4055 2596 4112 tamen

271 4151 410 4226 peius
450 4175 639 4240 quam
682 4154 925 4220 ibidem
954 4155 1333 4237 praepositio
1374 4155 1433 4218 ἐν
1475 4159 1824 4238 usurpatur
1861 4173 1976 4236 pro
2016 4153 2100 4223 εἷς
2123 4200 2139 4229 ,
2190 4151 2266 4216 de
2306 4173 2432 4237 quo
2472 4173 2596 4218 usu

273 4251 331 4315 cf.
362 4255 389 4320 1
424 4259 523 4326 84.
548 4260 656 4326 85.
685 4259 837 4326 305.
867 4260 998 4326 306
1048 4259 1129 4325 81.
1172 4260 1421 4326 Passim
1462 4281 1616 4324 vero
1663 4257 2032 4345 Sibyllietae
2079 4258 2244 4337 ἀτὰρ
2286 4263 2351 4322 et
2392 4259 2596 4338 αὐτὰρ

278 4357 524 4432 adhibent
574 4389 689 4454 pro
724 4366 983 4453 copula,
1026 4373 1101 4432 ut
1140 4366 1173 4430 Ι
1213 4363 1361 4431 173.
1392 4363 1545 4430 335.
1575 4363 1729 4430 351.
1771 4363 1864 4430 III
1916 4361 2019 4429 17.
2047 4361 2200 4428 691.
2245 4363 2330 4428 IV
2380 4362 2481 4428 18.
2511 4365 2592 4430 81.
