3192 5009
1348 255 1673 336 uoifflnus.
2575 230 2705 301 31¹7

300 422 597 486 conieci:
667 419 928 502 Φύλλων
991 419 1127 485 καὶ
1191 419 1604 497 καλάμων.
1677 419 1923 487 Eadem
1981 421 2320 486 coniuncta
2378 419 2709 506 reperietis

300 524 491 590 Plat.
536 525 697 612 Rep.
758 525 825 591 H
869 551 933 614 p.
987 524 1120 593 372
1144 527 1218 592 Β.
1280 523 1778 616 Simplicitatem
1819 528 2109 592 heroum
2165 525 2461 592 videmus
2520 548 2568 589 π
2592 522 2704 604 47,

294 631 430 697 ubi
476 631 803 698 Eumaeus
850 631 1040 699 herili
1082 632 1217 699 filio
1263 635 1490 699 sternit
1526 633 1781 713 χλωρὰς
1830 636 2036 714 ῥῶπας
2085 632 2187 698 καὶ
2231 636 2391 704 κῶας
2434 630 2700 713 ὕπερθεν.

400 851 682 918 LXXX.
742 851 977 919 Matris
1022 860 1173 920 eunt
1218 853 1300 919 ad
1342 853 1555 920 filium
1597 855 1794 921 verba
1838 867 1880 918 λ
1905 853 2067 920 2023

502 956 679 1025 άλλά
724 983 808 1037 με
854 957 957 1033 σός
1006 982 1074 1025 τε
1124 959 1299 1032 πόθος
1353 958 1557 1026 σά.τε
1605 960 1907 1039 μήδεα,
1957 959 2213 1042 φαίδιμ’
2261 957 2587 1040 Ὀδυσσεῦ,

319 1135 325 1140 ,
502 1065 581 1140 σοί
628 1065 690 1130 τ’
737 1065 1207 1150 ἀγανοφροσύνη
1258 1066 1561 1144 μελιηδέα
1613 1065 1796 1144 θυμὸν
1843 1067 2117 1146 άπηύρα.

292 1169 489 1236 Hinc
535 1171 860 1236 emendari
904 1174 1144 1261 poterit
1190 1170 1405 1238 1302:
1456 1168 1729 1252 ἔτερος
1781 1171 1848 1236 δέ
1896 1197 1980 1248 με
2031 1170 2275 1248 θυμὸς
2327 1168 2517 1250 ἔρυκε.
2581 1169 2705 1235 Vix

292 1297 467 1342 sana
534 1276 692 1342 haec
760 1297 895 1342 esse
964 1280 1399 1363 pronunciatis
1416 1326 1434 1355 ,
1502 1300 1706 1364 quum
1767 1277 1949 1354 θυμὸς
2016 1299 2130 1364 pro
2190 1277 2490 1340 sententia
2551 1273 2706 1342 alibi

286 1403 637 1468 nusquam
719 1389 1065 1468 usurpetur
1147 1388 1262 1448 aut
1344 1387 1643 1470 usurpari
1728 1385 2029 1469 potuerit.
2115 1382 2358 1450 Deinde
2444 1385 2706 1450 reiicitis

292 1485 596 1568 ιἕτεροις·
808 1490 1053 1567 μῦθος
1117 1495 1230 1555 aut
1295 1491 1525 1570 ἑτέρη
1737 1491 2034 1569 βουλή,
2101 1489 2210 1555 sed
2270 1490 2534 1555 fortasse
2581 1511 2708 1554 uon

288 1595 797 1682 improbabitis:
846 1592 1119 1677 ἕτερον
1168 1596 1230 1663 δὲ
1279 1620 1361 1675 με
1406 1596 1658 1676 μῆδος
1706 1594 1899 1676 ἔρυκε.

394 1813 715 1881 LXXXI.
777 1814 961 1881 Dona
1006 1816 1061 1879 si
1108 1813 1429 1892 dederitis,
1475 1813 1744 1902 Ulyssee
1791 1818 1884 1881 ait
1928 1830 1969 1881 λ
1995 1814 2130 1881 360
2150 1835 2194 1881 :-

598 1921 708 1985 καΙ
752 1921 810 1984 κ’
857 1917 1363 1999 αἰδοιότερος
1412 1920 1518 1985 καὶ
1568 1919 1857 2002 φίλτερος
1907 1920 2193 2002 άνδράσιν
2243 1919 2368 1995 εἵην

594 2027 784 2091 πᾶσιν
829 2019 953 2090 ὅσοι
997 2026 1069 2102 μ’
1118 2023 1428 2101 Ἰθάκηνδε
1476 2024 1706 2092 ἰδοίατο
1757 2028 2125 2102 νοςήσαντα.

290 2131 617 2197 Nauckio
665 2136 1033 2217 suspectum
1080 2137 1177 2197 eet
1222 2131 1618 2197 adiectivum
1665 2131 2046 2213 αἰδοιότερος.
2108 2130 2402 2199 Voltisne
2447 2153 2708 2198 mecum

294 2237 769 2304 commendare
815 2234 1396 2318 άΦνειότεροςῖ

402 2439 749 2506 LXXXII.
812 2440 995 2521 Quod
1039 2441 1321 2528 legimus
1366 2455 1407 2506 λ
1438 2439 1606 2505 542:

596 2548 662 2610 al
711 2545 762 2610 δ’
814 2545 1014 2612 ἄλλαι
1062 2546 1273 2628 ψυχαὶ
1325 2546 1543 2612 νεκύων
1591 2547 2106 2620 κατατεθνηώτων
2211 2617 2216 2620 ,

594 2647 829 2721 ἕςασαν
874 2652 1263 2733 ἀχνύμεναι,
1314 2653 1627 2732 εἵροντο
1675 2651 1740 2717 δὲ
1787 2651 1951 2727 κήδε’
1998 2652 2250 2732 Eaedem,

289 2762 439 2826 hoc
484 2758 642 2844 quid
685 2758 1042 2846 sig-nificare
1087 2758 1311 2824 debeat
1328 2809 1344 2836 ,
1396 2756 1684 2824 ostendet
1728 2784 1745 2824 ι
1778 2756 1894 2824 13:

503 2865 595 2928 σοὶ
641 2865 691 2929 δ’
742 2864 869 2940 ἐμὰ
914 2864 1108 2940 κήδεα
1159 2865 1339 2943 θυμὸς
1392 2865 1778 2945 ἐπετράπετο
1826 2865 2110 2932 στονόεντα
2135 2863 2553 2945 -ἐῖρεσθαι.,

294 2969 429 3038 sed
494 2971 826 3036 verissime
890 2971 1308 3037 adnotavistis
1366 2971 1515 3036 hinc
1578 2992 1838 3057 prorsus
1904 2972 2189 3038 alienum
2249 2994 2384 3039 esee
2449 2974 2706 3055 roqambi

292 3077 611 3144 verbum.
658 3075 951 3142 Dixerim
1000 3077 1299 3162 equidem
1345 3079 1620 3143 verbum
1666 3077 1879 3157 τείρειν
1921 3078 2025 3144 hic
2061 3078 2258 3144 latere
2298 3084 2364 3144 et
2401 3082 2703 3145 coniicio:

292 3190 587 3261 τεῒρον
649 3182 709 3246 δέ
772 3205 859 3246 τε
924 3181 1086 3258 κήδε’
1156 3180 1495 3260 ἓκάςην,
1563 3183 1675 3248 sed
1741 3183 2059 3269 quomodo
2119 3184 2354 3250 ultimo
2400 3183 2708 3251 vocabulo

294 3287 647 3355 Aeolicam
704 3288 964 3353 literam
1022 3287 1285 3366 addam,
1351 3310 1479 3354 non
1526 3291 1739 3376 mag-ie
1784 3289 1985 3356 habeo
2032 3312 2222 3376 quam
2273 3299 2331 3356 T
2362 3288 2514 3356 302.
2576 3290 2708 3356 Nec

297 3401 540 3462 tamen
582 3394 725 3460 ideo
772 3415 987 3461 meam
1032 3397 1489 3461 correctionem
1534 3416 1822 3484 premere
1869 3395 2051 3462 volui
2067 3444 2084 3474 ,
2133 3417 2285 3462 nam
2331 3421 2359 3462 ο
2384 3395 2462 3462 8:

1757 3502 1907 3567 ἀλλ’
1958 3500 2038 3567 ἐν)
2087 3503 2251 3583 θυμῷ

593 3604 906 3670 νύκτα-δι’
951 3605 1301 3686 ἀμβροσίην
1344 3606 1765 3686 μελεδήματα
1813 3608 2045 3687 πατρὸς
2094 3606 2434 3692 ἔγειρεν,

304 3709 537 3778 videte
584 3731 666 3775 an
712 3731 839 3776 non
884 3716 1164 3797 praestet
1211 3711 1242 3776 ἔ
1256 3735 1340 3776 τε
1361 3735 1380 3777 ι
1396 3737 1427 3793 ρ
1446 3737 1473 3776 ο
1492 3738 1521 3776 ν
1540 3762 1556 3791 ,
1607 3713 1774 3799 quod
1812 3713 2110 3799 equidem
2149 3719 2316 3780 certe
2354 3713 2706 3799 praeferam

302 3815 699 3882 Nauckiano
761 3812 1038 3898 ἔχεσκεν.
1107 3816 1291 3882 Nihil
1355 3820 1588 3883 attinet
1651 3818 2003 3886 adscribere
2062 3817 2269 3896 locos,
2333 3818 2444 3884 ubi
2495 3818 2707 3899 τείρειν

306 3923 493 4010 apud
539 3927 799 4007 poeta-m
844 3921 1107 4010 legitur.

404 4124 777 4191 LXXXIII.
826 4125 1154 4213 Improbat
1190 4127 1253 4192 Ν
1254 4127 1521 4193 auckiue
1562 4128 1731 4215 quod
1769 4129 1846 4193 de
1883 4127 2150 4194 Tantalo
2188 4128 2432 4215 legitur
2470 4143 2509 4192 λ
2537 4126 2704 4194 586:

775 4233 1045 4314 τοσσάχ’
1094 4231 1243 4318 ὕδωρ
1291 4234 1788 4300 ἀπολέσκετ’
1836 4235 2184 4317 ἀναβροχέν

304 4344 377 4408 et
438 4337 851 4404 commendat
913 4337 1217 4406 άπάεικεν.
1268 4339 1571 4406 Nondum
1617 4343 1772 4406 eatis
1821 4341 1991 4427 apud
2035 4362 2142 4407 me
2186 4345 2434 4408 constat
2481 4340 2706 4407 άπολέ-
