3192 5009
608 292 746 368 2⁹78
1619 312 1978 370 vnncmms.

698 484 1035 550 Eiusmodi
1094 484 1434 550 discrimen
1479 489 1555 548 ut
1599 483 1712 550 alii
1757 489 2035 562 taceant,
2083 484 2196 550 alii
2245 477 2607 570 periculum
2652 481 2992 550 imminens

606 588 829 656 Sinoni
864 589 1078 677 palam
1114 592 1563 668 vaticinentur,
1604 613 1731 656 non
1770 594 2068 657 convenit
2104 591 2256 656 huic
2295 613 2716 678 personarum
2737 591 2992 676 pulcrae

606 696 1033 783 descriptioni.
1082 695 1383 783 Quisque,
1431 696 1609 762 nullo
1657 703 1920 783 excepto
1939 746 1956 776 ,
1998 700 2226 763 anxius
2265 703 2364 764 est
2401 719 2480 765 ne
2519 704 2704 764 vates
2742 720 2814 764 se
2855 719 2992 763 arae

605 801 913 881 destinet,
962 823 1115 868 nam
1159 823 1253 868 vs.
1309 801 1437 868 130
1476 801 1762 890 leg-imus

1599 933 1751 995 quae
1796 907 1914 974 eibi
1958 909 2206 994 quisque
2251 910 2496 974 timebat

1053 1015 1235 1078 unius
1279 1014 1348 1077 in.
1392 1013 1595 1078 miseri
1645 1015 1894 1078 est-ibium
1941 1037 2222 1079 conversa
2267 1015 2477 1080 tulere.

602 1117 839 1187 Omnes
901 1141 1055 1208 ergo
1114 1121 1440 1186 tacebant:
1493 1123 1790 1206 quamvis
1837 1119 2094 1186 Sinonis
2144 1124 2495 1208 perniciem
2541 1121 2990 1208 praevidebant

600 1232 666 1293 et
712 1229 896 1292 taciti
941 1226 1345 1304 divinabant,
1392 1247 1581 1292 nemo
1631 1217 1849 1292 tamen
1893 1226 1964 1292 id
2008 1226 2224 1313 palam
2263 1227 2472 1292 dicere
2508 1248 2708 1292 ausus
2745 1227 2984 1294 fuisset.

600 1332 728 1398 Sed
788 1354 994 1418 quum
1057 1329 1325 1400 Calchas
1372 1355 1524 1399 eum
1570 1333 1876 1398 sacrificio
1925 1332 2305 1399 destinasset
2321 1382 2340 1412 ,
2389 1337 2536 1400 tum
2554 1383 2572 1412 ,
2620 1340 2806 1399 metu
2853 1333 2990 1398 sub-

596 1437 729 1504 lato
746 1487 762 1516 ,
836 1459 1056 1504 omnes
1122 1437 1468 1504 clamorem
1530 1437 1856 1503 tulerunt:
1909 1461 2208 1502 assensere
2255 1461 2467 1503 omnes.
2540 1438 2611 1504 Si
2659 1460 2810 1525 pars
2856 1459 2984 1503 rem

596 1547 730 1609 iam
778 1547 956 1632 prius
1004 1543 1334 1610 clamando
1384 1543 1784 1631 divulgasset
1804 1593 1822 1622 ,
1870 1547 2096 1610 ceteris
2143 1545 2502 1610 tacentibus
2557 1550 2739 1611 metu
2759 1593 2778 1623 ,
2833 1545 2987 1630 prio-

596 1671 698 1716 res
742 1648 844 1714 1111
890 1671 1038 1716 sane
1084 1671 1212 1715 non
1260 1653 1566 1716 timorem
1613 1650 1726 1716 sed
1771 1650 2107 1716 audaciam
2143 1649 2754 1737 periculosissimam
2791 1657 2985 1716 osten-

598 1755 839 1856 dissent
856 1803 873 1834 ,
919 1756 989 1820 id
1034 1755 1208 1840 quod
1253 1762 1445 1844 poeta
1490 1777 1606 1822 nec
1655 1756 1860 1822 dicere
1907 1755 2119 1823 voluit
2137 1805 2154 1834 ,
2203 1778 2318 1822 nec
2365 1757 2550 1823 dixit.

687 1859 855 1926 Nam
914 1867 1057 1926 tum
1115 1861 1365 1928 inutilis
1425 1883 1675 1948 quoque
1741 1867 1808 1928 et
1866 1862 2176 1950 languida
2222 1863 2453 1928 fuisset
2504 1867 2867 1940 ceterorum
2913 1863 2982 1924 ti·

595 1971 795 2034 moris
835 1968 1103 2034 adiectio
1120 2017 1138 2046 ,
1188 1989 1349 2054 quae
1392 1971 1486 2034 ita
1530 1971 1602 2035 in
1645 1965 1907 2033 illorum
1954 1967 2337 2034 iactabunda
2384 1967 2808 2034 declaratione
2865 1986 2980 2030 non

596 2074 1034 2141 animadversa
1094 2074 1324 2140 fuisset
1339 2123 1355 2151 ,
1422 2096 1627 2161 neque
1675 2077 1993 2139 rationem
2039 2073 2387 2139 habuisset.
2439 2072 2516 2139 Id
2562 2072 2734 2158 1111οᾶ
2786 2091 2980 2137 188811-

594 2182 875 2246 tissimos
921 2183 1304 2266 interpretes
1352 2179 1433 2244 ad
1478 2179 1663 2244 illam
1708 2182 2108 2264 opinionem,
2157 2200 2196 2244 a
2235 2200 2363 2264 qua
2401 2178 2688 2245 recedere
2731 2185 2976 2244 coactus

478 2363 482 2367 Ι
592 2306 741 2350 sum
757 2333 775 2364 ,
835 2285 1167 2372 perduxit,
1230 2285 1357 2350 fuit
1418 2285 1600 2351 credo
1662 2305 1789 2350 vox
1837 2285 2160 2364 canebant,
2211 2307 2372 2372 quae
2421 2289 2504 2351 iis
2549 2287 2690 2351 visa
2741 2289 2840 2351 est
2882 2304 2977 2366 op-

590 2394 743 2478 poni
786 2391 1011 2457 debere
1056 2393 1517 2470 taciturnitati,
1566 2397 1633 2457 et
1678 2395 2027 2457 necessario
2071 2392 2352 2458 indicare
2393 2391 2778 2458 clamorem:
2820 2387 2974 2480 quod

591 2517 773 2562 secus
826 2503 943 2562 est.
991 2496 1238 2584 Optimi
1284 2518 1538 2584 quoque
1586 2504 1874 2562 auctores
1920 2497 2248 2562 interdum
2292 2499 2487 2564 verbo
2535 2520 2751 2561 canere
2797 2503 2974 2560 utun-

589 2609 699 2668 tur
744 2604 822 2668 de
868 2604 1059 2667 tacita
1102 2606 1551 2670 vaticinatione
1596 2609 1662 2670 et
1707 2602 2157 2690 praedictione.

588 2709 716 2775 Pro
718 2731 780 2798 p.
829 2709 944 2788 111,
994 2709 1101 2790 IV,
1156 2709 1196 2774 3

907 2817 973 2880 Si
1017 2840 1136 2880 non
1178 2839 1337 2880 vana
1380 2823 1606 2880 canunt
1649 2838 1776 2879 mea
1822 2816 2127 2900 Lyqdame
2169 2814 2401 2880 somnia
2417 2863 2434 2893 ,
2483 2823 2684 2880 tector.

684 2919 1077 2989 Claudianus
1126 2922 1203 2988 de
1249 2921 1419 2989 bello
1469 2919 1844 2988 Ghildonico

912 3027 1033 3091 Per
1076 3050 1302 3091 somnos
1348 3027 1497 3090 mihi
1513 3077 1529 3105 ,
1578 3035 1780 3091 sancte
1814 3033 2019 3110 pater,
2068 3026 2190 3090 iam
2233 3049 2412 3110 saepe
2437 3028 2678 3112 futura

911 3133 1291 3211 Panduntur,
1334 3134 1671 3219 multaeque
1719 3140 1941 3198 canunt
1975 3123 2308 3216 praesc-qia
2353 3140 2568 3198 noctes.

589 3237 749 3304 Iust.
790 3237 929 3316 VH,
975 3238 1014 3303 6
1054 3240 1215 3303 Fata
1252 3263 1404 3325 quae
1449 3241 1939 3304 cecinerant.
2005 3239 2230 3325 Ipsum
2269 3240 2540 3326 denique
2585 3240 2968 3306 adjectivum

591 3345 810 3408 tacitus
855 3367 1339 3431 nonnumquam
1386 3349 1468 3412 iis
1515 3347 1728 3412 verbis
1777 3345 2032 3410 additur
2078 3367 2239 3433 quae
2287 3367 2519 3412 sonum
2565 3347 2850 3412 indicant
2868 3394 2882 3423 ,

590 3451 880 3538 Propert.
928 3449 980 3517 I.
1030 3451 1204 3530 XVI,
1256 3451 1340 3518 25
1390 3451 1547 3536 (Tu,
1597 3456 1820 3534 ianua)

1042 3559 1390 3641 Respondes
1435 3567 1514 3623 ta
1530 3560 1732 3624 citis
1777 3567 1982 3624 mutua
2026 3560 2392 3640 cardinibus,

590 3661 732 3729 Val.
780 3663 985 3730 Flacc.
1036 3663 1177 3743 VII,
1226 3664 1358 3730 488

1687 3772 1913 3836 Tacitis
1959 3795 2096 3836 nam
2142 3772 2414 3836 cantibus
2458 3772 2634 3838 illum

1048 3877 1352 3942 Fleoeerat.

590 3986 647 4048 si
690 3985 835 4068 quis
880 3987 1101 4047 autem
1148 3989 1402 4070 rog-aret
1421 4032 1436 4060 ,
1487 3984 1807 4068 quomodo
1856 3983 2054 4050 Sinon
2102 3987 2435 4051 resciscere
2484 3986 2762 4070 potuerit
2805 3979 2959 4048 mul·

588 4093 689 4153 tos
728 4090 1079 4174 perniciem
1117 4089 1239 4154 sibi
1279 4089 1665 4176 praedixisse
1683 4140 1699 4169 ,
1742 4113 1944 4177 quum
1984 4097 2300 4170 tacerent,
2332 4090 2698 4177 responderi
2721 4093 2954 4176 posset:

590 4215 793 4280 quum
856 4192 1220 4261 Calchantis
1281 4195 1595 4262 indicium
1656 4197 2047 4281 patefactum
2109 4203 2277 4264 esset
2292 4245 2311 4275 ‚
2375 4203 2490 4263 aut
2533 4197 2604 4262 hi
2647 4197 2808 4282 ipsi,
2853 4195 2956 4257 aut

589 4302 781 4366 amici
844 4299 1098 4366 Sinonis
1156 4299 1224 4364 id
1286 4303 1345 4365 ei
1408 4300 1830 4367 declararunt.
1895 4302 2113 4381 Quum
2171 4305 2381 4391 igitur
2439 4301 2604 4368 nihil
2661 4299 2956 4386 impediat

589 4408 931 4493 quominus
971 4408 1113 4491 quis
1153 4405 1334 4470 tacite
1372 4428 1591 4472 canere
1631 4408 1768 4474 sive
1805 4408 2162 4494 praedicere
2201 4407 2447 4496 aliquid
2476 4409 2740 4485 dicatur,
2763 4421 2956 4490 neque
