3192 5009
222 849 649 943 NOTULAE
704 854 1199 945 CRITICAE
1256 854 1402 943 AD
1464 850 1844 941 SILlUM
1903 848 2457 940 ITALICUM.

1204 1043 1451 1085 sempsrr

858 1171 867 1177 ’
974 1179 1033 1246 J.
1084 1179 1148 1245 S.
1197 1178 1373 1244 VAN
1420 1178 1672 1243 VEEN.

572 1304 1043 1385 (Continuantur
1086 1326 1158 1367 ex
1218 1302 1349 1366 Vol.
1402 1302 1654 1365 XVIII
1681 1324 1831 1385 paq.
1883 1298 2062 1380 306).

1143 1540 1517 1585 ψ.

272 1731 353 1796 VI.
392 1732 534 1801 560:
580 1738 701 1801 Ast
747 1734 943 1813 aliae,
990 1734 1215 1801 laceris
1262 1742 1536 1798 canentes
1582 1735 1864 1799 crinibus
1883 1782 1899 1812 ,
1948 1732 2080 1798 alta

576 1842 855 1907 Verrunt
904 1847 1073 1906 tecta
1118 1841 1353 1907 Deum.

217 1940 333 2009 cum
386 1967 526 2013 enno
586 1951 798 2034 priore
838 1947 1111 2013 notulas
1174 1950 1425 2012 criticas
1490 1946 1569 2011 ad
1628 1946 1872 2012 librum
1919 1946 2004 2011 VI
2051 1948 2314 2012 edebam
2332 1995 2348 2025 ,
2397 1968 2512 2032 pro

219 2060 441 2130 canentes,
498 2076 655 2140 quae
714 2054 905 2119 lectio
970 2075 1116 2118 meo
1176 2053 1414 2118 iudicio
1476 2058 1780 2138 corrupta
1845 2059 1978 2131 est,
2044 2056 2512 2131 coniecturam,

221 2177 327 2239 quae
360 2161 584 2245 probari
631 2165 876 2245 posset,
926 2162 1201 2244 reperire
1248 2179 1372 2223 non
1421 2166 1780 2243 potueram.
1829 2158 2150 2224 Putabam
2198 2160 2509 2236 verbum,

224 2264 345 2345 quale
393 2274 474 2329 est
529 2266 823 2330 attonitae
886 2268 1143 2351 requiri.
1205 2264 1436 2329 Postea
1482 2263 1700 2329 locum
1746 2268 1986 2329 iterum
2035 2271 2225 2350 atque
2271 2268 2513 2330 iterum

226 2367 449 2457 relegenti
507 2374 785 2457 suspicio
856 2378 994 2436 orta
1062 2372 1228 2437 mihi
1296 2378 1392 2435 est
1461 2379 1738 2434 canentes
1797 2378 2172 2455 corruptum
2235 2393 2370 2437 esse
2433 2392 2513 2435 ex

224 2477 494 2558 squalentes,
545 2481 727 2543 cuius
767 2478 947 2543 verbi
985 2480 1195 2564 prima
1231 2476 1419 2542 litera
1459 2483 1717 2563 propter
1755 2478 1933 2542 verbi
1969 2478 2185 2540 laceris
2207 2477 2513 2541 ultimam

227 2579 394 2647 literam
426 2584 599 2649 facile
640 2584 923 2649 excidere
964 2586 1197 2669 potuit.
1248 2580 1342 2649 Of.
1387 2581 1501 2647 Sil.
1530 2582 1612 2646 H.
1644 2582 1810 2647 668:
1838 2584 2200 2667 squalentem
2224 2602 2512 2661 comam;

225 2684 293 2749 111.
329 2689 455 2767 541;
506 2688 615 2753 VI.
666 2686 833 2753 405:
898 2689 1261 2773 squalentem
1318 2689 1539 2751 crinem
1585 2694 1651 2754 et
1697 2692 1912 2753 tristes
1957 2688 2275 2753 lacerabat
2322 2693 2515 2755 amic-

227 2810 313 2871 tus;
362 2794 523 2862 Ovid.
594 2796 768 2861 Fast.
832 2795 947 2859 III.
1016 2795 1148 2860 640
1166 2818 1183 2873 ;
1257 2794 1420 2860 Stat.
1486 2794 1685 2862 Theb.
1750 2795 1896 2859 XII.
1969 2795 2137 2861 363:
2214 2797 2514 2881 Comi-eque

225 2902 487 2984 *qualem-m
505 2931 533 2978 ;
584 2900 807 2968 Claud.
860 2901 937 2967 de
984 2900 1151 2966 bello
1203 2898 1376 2967 Gild.
1428 2900 1583 2966 408.

401 3176 517 3241 me
565 3175 828 3260 quidem
874 3176 1081 3240 socios
1126 3180 1317 3260 atque
1364 3195 1628 3261 aegram
1674 3174 1938 3241 vulnere
1983 3196 2282 3262 praeceps

400 3284 751 3347 Ausoniam
798 3282 1086 3346 armabat
1131 3281 1450 3367 viridique
1496 3281 1576 3345 ad
1624 3281 1783 3346 dura
1825 3281 2118 3347 laborum

398 3387 680 3453 Bellator
724 3389 901 3453 senio
946 3390 1078 3451 iam
1129 3392 1331 3452 castra
1377 3388 1680 3453 movebat
1724 3390 1792 3452 in
1838 3389 2111 3453 hostem.

398 3496 519 3558 Sed
558 3514 741 3559 mens
784 3494 1066 3558 humana
1114 3496 1321 3558 maior
1367 3515 1489 3558 non
1544 3492 1672 3559 tela
1718 3516 1832 3559 nec
1879 3516 2058 3561 enses

396 3600 534 3665 Nec
580 3600 772 3665 fortes
818 3600 1147 3685 spectabat
1193 3620 1406 3685 equos.
1458 3598 1581 3664 Tot
1627 3600 1814 3665 milia
1863 3607 2082 3667 contra

395 3706 765 3771 Poenorum
810 3707 1254 3791 invictumque
1301 3705 1565 3782 ducem,
1616 3711 1716 3770 tot
1763 3708 1833 3771 in
1880 3709 2141 3793 agmina
2191 3708 2364 3773 solus

392 3812 540 3877 Ibat
586 3816 651 3876 et
694 3815 762 3875 in
808 3832 943 3877 sese
990 3816 1219 3876 cuncta
1266 3831 1443 3876 arma
1488 3814 1786 3897 virosque
1833 3814 2116 3898 gerebat.

230 3912 299 3980 Pro
320 3920 393 3981 aed
428 3916 704 3981 Bothius
742 3920 1010 3983 coniecit
1046 3919 1135 3981 eie
1152 3966 1167 3995 ,
1212 3938 1373 4003 quae
1411 3918 1772 3983 emendatio
1808 3922 2032 3983 statim
2055 3921 2369 3986 reicienda
2393 3927 2509 4000 est,

230 4026 368 4109 quippe
394 4044 565 4110 quae
608 4022 751 4087 luce
799 4022 1032 4087 clarius
1079 4022 1319 4087 indicet
1366 4026 1587 4087 virum
1634 4023 2082 4089 doctissimum
2132 4024 2348 4091 locum
2385 4050 2512 4093 non

232 4130 537 4195 intellexisse.
608 4128 891 4215 Vulgata
957 4127 1147 4194 lectio
1218 4131 1463 4215 optima
1526 4137 1643 4194 est.
1712 4130 1828 4192 Sed
1887 4133 2058 4194 enim
2108 4136 2385 4215 pertinet
2433 4135 2513 4199 ad

121 4314 123 4319 ³
232 4236 395 4301 verbum
454 4235 723 4321 quidem,
771 4235 939 4321 quod
986 4257 1079 4300 vs.
1130 4236 1171 4299 2
1218 4235 1481 4321 legitur.
1534 4234 1717 4314 Quod
1765 4256 1888 4321 quo
1936 4236 2170 4302 melius
2217 4244 2516 4327 perspici-

121 4384 123 4387 >
234 4348 327 4419 atur,
356 4345 927 4429 interpunctionem
974 4349 1225 4408 mutare
1272 4342 1474 4407 velim
1493 4392 1510 4420 ,
1560 4350 1637 4408 ut
1682 4346 1772 4409 sic
1816 4342 2101 4430 legatur:
