3192 5009
521 360 655 432 366
1331 381 1415 431 nn
1461 383 1731 432 vaurms
1777 382 2075 433 nonme.

522 558 837 617 tectorum
906 547 1164 636 fastigia
1178 598 1194 626 ,
1265 570 1428 635 quae
1497 549 1957 617 adhibebantur
2023 552 2102 617 ad
2170 553 2533 638 pomerium
2593 573 2675 617 ex
2734 552 2913 616 Aroe

523 658 982 735 definiendum,
1049 678 1176 721 non
1242 657 1548 721 debebant
1612 662 1897 744 superari
1956 662 2139 725 novis
2202 657 2499 724 aedificiis
2562 658 2915 724 altioribus

523 770 702 830 extra
759 766 1120 849 pomerium
1183 765 1272 842 (in
1338 766 1536 849 agris)
1602 767 1941 830 exstructis
1960 815 1977 843 ‚
2024 785 2227 850 neque
2276 786 2425 830 vero
2472 763 2665 830 celari
2710 767 2913 830 novis

523 871 823 936 aedificiis
891 869 1148 934 urbanis
1219 868 1550 934 altioribus
1568 919 1607 954 ,Δ
1660 873 1809 955 quia
1878 874 1933 936 si
1992 871 2110 937 hoc
2172 871 2352 937 fieret
2412 871 2675 936 inutilia
2731 871 2917 937 facta

526 984 735 1043 essent
803 976 986 1043 effata
1057 978 1193 1041 sive
1260 974 1570 1040 formulae
1641 975 1983 1063 augurales
2044 977 2122 1042 de
2183 980 2467 1062 pomerio
2529 979 2915 1042 constituta.

522 1087 698 1164 Haec
744 1104 894 1149 cura
935 1103 1260 1168 augurum
1306 1084 1601 1168 inprimis
1642 1103 1679 1146 a
1718 1080 2015 1148 Cicerone
2055 1082 2311 1148 videtur
2350 1082 2671 1170 designari
2688 1131 2705 1160 ,
2746 1103 2913 1147 cum

521 1191 690 1256 dicat
745 1211 850 1254 eos
897 1190 1093 1251 urbem
1140 1195 1204 1252 et
1252 1209 1426 1269 ayros
1472 1187 1741 1252 liberata
1784 1209 2037 1254 servare
2087 1189 2331 1254 debere.
2381 1185 2549 1256 Cum
2595 1210 2747 1254 vero
2792 1209 2915 1274 ap-

524 1302 775 1382 pareat,
814 1296 974 1359 hanc
1015 1314 1235 1358 curam
1274 1314 1399 1358 non
1441 1297 1691 1378 proprie
1728 1297 2041 1379 pertinere
2082 1294 2162 1359 ad
2199 1297 2416 1380 ipsum
2437 1292 2659 1359 locum
2683 1297 2865 1358 muri
2886 1343 2907 1372 ,

526 1403 634 1468 sed
696 1404 911 1488 potius
960 1399 1038 1465 ad
1081 1398 1223 1464 loca
1263 1399 1650 1477 adiacentia,
1696 1404 1741 1464 i.
1768 1422 1822 1465 e.
1872 1401 1951 1466 ad
1996 1406 2209 1486 partes
2256 1401 2561 1486 quasdam
2606 1401 2785 1465 urbis
2830 1407 2913 1464 et-

525 1530 825 1596 agrorum
842 1557 859 1586 ,
924 1509 993 1571 in
1061 1526 1133 1571 ea
1191 1527 1258 1570 re
1303 1508 1582 1572 cernitur
1628 1506 1971 1592 probabilis
2018 1510 2177 1572 ratio
2224 1507 2405 1572 illius
2454 1506 2905 1573 translationis

517 1636 642 1701 qua
687 1634 840 1678 usus
885 1618 981 1678 est
1027 1609 1264 1678 Cicero.
1329 1611 1473 1675 Urbe
1513 1619 1570 1676 et
1608 1635 1748 1693 ayer
1765 1661 1782 1690 ,
1824 1633 2017 1697 quam
2058 1633 2337 1699 augures
2375 1612 2643 1678 liberata
2683 1618 2909 1678 tenere

517 1721 776 1798 debent,
827 1719 990 1784 nihil
1037 1718 1212 1784 aliud
1259 1725 1354 1784 est
1402 1741 1595 1804 quam
1630 1727 1979 1802 prospectus
2028 1743 2099 1783 ex
2146 1725 2295 1784 Arce
2341 1721 2409 1784 in
2454 1721 2649 1784 urbem
2698 1742 2913 1800 uaros-

517 1851 628 1912 que
690 1847 880 1912 quem
942 1825 1167 1890 Livius
1227 1830 1546 1891 memorat
1614 1823 1671 1889 1.
1704 1823 1808 1888 18.
1838 1823 1875 1890 ’7
1895 1874 1911 1901 ,
1962 1829 2073 1910 qui
2120 1828 2253 1911 ipse
2300 1835 2398 1890 est
2432 1833 2783 1908 prospectu-5
2826 1825 2905 1888 in

505 1933 854 2016 pomerium.

606 2037 721 2102 ΙΙΙ.
770 2036 880 2102 De
926 2034 1110 2101 loco
1157 2035 1717 2101 terminando.

606 2143 681 2207 In
737 2141 1075 2208 condendis
1135 2140 1394 2228 templis
1452 2143 1574 2207 hoc
1616 2144 1909 2227 inprimis
1956 2143 2297 2228 agebatur,
2346 2149 2424 2207 ut
2450 2147 2616 2227 fines
2662 2164 2899 2209 eorum

516 2269 710 2336 quam
769 2250 1238 2313 accuratissime
1301 2250 1855 2313 constituerentur.
1914 2247 2009 2312 Ea
2073 2270 2140 2313 re
2203 2247 2365 2313 nihil
2426 2249 2571 2336 plus
2633 2248 2899 2314 valebat

516 2355 596 2420 ad
656 2357 964 2420 rationem
1011 2352 1400 2439 templorum
1421 2403 1435 2430 ,
1483 2357 1619 2418 sine
1664 2375 1738 2418 ea
1782 2356 1987 2420 omnis
2036 2353 2379 2420 tollebatur
2421 2354 2669 2420 utilatis
2712 2359 2901 2420 inau-

515 2463 872 2549 gurationis
941 2465 1005 2524 et
1075 2458 1490 2523 emittebatur
1557 2459 1623 2522 id
1683 2462 1898 2545 ipsum
1960 2458 2129 2545 quod
2190 2463 2485 2546 consequi
2547 2460 2901 2526 voluerunt

514 2567 786 2634 Romani
845 2564 1102 2650 templis
1165 2564 1642 2630 constituendis.
1706 2562 2061 2631 Consilium
2122 2569 2295 2631 enim
2313 2615 2329 2642 ,
2393 2587 2517 2651 quo
2564 2566 2807 2652 templa
2854 2589 2897 2632 a

514 2675 786 2742 Romani
822 2672 1087 2749 fiebant,
1131 2672 1248 2735 hoc
1294 2673 1509 2756 ipsum
1556 2677 1691 2736 erat
1737 2671 2113 2752 (secundum
2158 2672 2223 2736 id
2271 2672 2437 2757 quod
2476 2672 2576 2757 §5
2626 2693 2663 2737 a
2708 2674 2893 2740 nobis

515 2779 1074 2858 demonstrabitur)
1134 2784 1207 2841 ut
1265 2775 1403 2843 loca
1457 2777 1763 2842 haberent
1826 2799 1985 2862 quae
2048 2776 2182 2842 deis
2243 2780 2400 2863 ipsis
2460 2778 2685 2843 idonea
2748 2781 2891 2843 visa

512 2909 646 2953 esse
707 2890 875 2952 certo
938 2886 1170 2948 scirent
1229 2885 1296 2946 in
1359 2883 1590 2968 quibus
1650 2905 1749 2948 res
1796 2882 2047 2968 publice
2092 2889 2425 2969 gereretur
2468 2903 2505 2948 a
2550 2887 2893 2971 magistra-

512 2994 686 3058 tibus
755 2997 820 3055 et
881 2989 1341 3066 sacerdotibus;
1405 2989 1522 3054 hoc
1583 2989 1923 3054 consilium
1985 2990 2265 3075 peribat,
2334 2993 2457 3055 nisi
2518 2989 2885 3076 plenissime

513 3104 776 3164 cautum
823 3101 956 3162 erat
1000 3102 1074 3160 ut
1120 3117 1194 3160 ea
1237 3094 1374 3160 loca
1434 3116 1511 3160 ne
1557 3103 1811 3180 possent
1856 3117 1971 3181 pro
2019 3096 2279 3160 arbitrio
2326 3096 2605 3161 humano
2654 3117 2691 3162 a
2736 3117 2887 3182 quo-

515 3225 707 3290 quam
769 3202 935 3267 clam
995 3203 1237 3265 mutari
1284 3222 1442 3265 neve
1491 3204 1737 3266 moveri
1755 3250 1770 3278 ,
1819 3207 2016 3286 utque
2064 3207 2321 3286 possent
2366 3204 2587 3266 statim
2632 3205 2889 3267 restitui

514 3313 570 3376 si
632 3330 792 3396 opus
853 3315 1036 3374 esset.
1103 3307 1256 3372 Inde
1319 3307 1561 3372 factum
1608 3314 1738 3384 est,
1786 3313 1863 3372 ut
1910 3309 2029 3372 hoc
2076 3310 2293 3392 ipsum
2337 3313 2501 3373 esset
2552 3311 2885 3394 proprium

512 3415 902 3502 templorum
945 3397 1460 3500 insignissimum
1479 3463 1495 3490 ,
1540 3416 1609 3477 in
1656 3434 1781 3498 quo
1828 3414 1957 3479 fere
2002 3417 2209 3479 omnis
2248 3417 2617 3479 consisteret
2657 3435 2881 3481 eorum

513 3525 712 3598 rati0‚
776 3527 851 3585 ut
912 3525 1119 3585 essent
1177 3523 1554 3596 immota,
1602 3519 1984 3597 stabilia,
2034 3523 2573 3605 sempiterna.
2622 3520 2761 3586 Hoc
2808 3531 2883 3587 ut

512 3629 984 3715 provideretur,
1048 3625 1210 3691 nihil
1269 3629 1480 3713 magis
1539 3629 1964 3691 necessarium
2026 3632 2163 3691 erat
2225 3647 2419 3712 quam
2482 3633 2557 3691 ut
2603 3627 2759 3692 fines
2779 3676 2795 3705 ,
2846 3649 2881 3693 e

513 3736 743 3822 quibus
803 3733 1114 3820 pendebat
1173 3732 1378 3797 forma
1438 3731 1592 3808 loci,
1654 3735 1748 3796 ita
1809 3740 1883 3797 ut
1944 3754 1981 3798 a
2042 3735 2351 3819 principio
2398 3733 2475 3797 ab
2524 3732 2877 3820 augffibus

511 3843 795 3927 concepti
877 3845 1116 3916 essent,
1203 3846 1413 3904 essent
1483 3845 1771 3904 accurate
1842 3841 2173 3904 constituti
2243 3845 2307 3905 et
2375 3841 2563 3904 certis
2631 3838 2881 3904 indiciis

510 3947 875 4036 plenissime
937 3947 1201 4032 cogniti.
1260 3943 1433 4010 Haec
1493 3945 1726 4010 indicia
1785 3949 2023 4031 partim
2082 3948 2421 4010 consistere
2480 3951 2768 4031 poterant
2813 3947 2881 4010 in

505 4056 697 4136 siquis
756 4055 1140 4140 conspicuis;
1205 4054 1369 4117 actio
1430 4072 1555 4138 qua
1608 4055 1893 4137 primum
1939 4051 2255 4117 eiusmodi
2305 4055 2491 4138 signa
2532 4055 2602 4116 in
2648 4051 2875 4118 finibus

506 4162 632 4227 loci
693 4161 1087 4246 ponebantur
1104 4208 1119 4235 ,
1168 4158 1272 4224 vel
1318 4163 1484 4223 certe
1531 4179 1657 4244 qua
1700 4158 2097 4224 indicabatur
2139 4159 2254 4223 ubi
2298 4158 2585 4244 ponenda
2630 4165 2843 4224 essent
2860 4209 2875 4236 ,

508 4267 836 4333 dicebatur
894 4267 1346 4331 terminare
1407 4264 1641 4330 locum.
1707 4263 1831 4330 Sed
1892 4267 2075 4350 signa
2136 4263 2335 4329 semel
2394 4267 2635 4350 posita,
2686 4285 2876 4350 quan-

507 4377 674 4439 tavis
711 4372 862 4438 licet
903 4392 1053 4437 cura
1091 4393 1165 4437 ea
1202 4375 1534 4436 tuerentur
1573 4391 1881 4457 augures,
1923 4377 2216 4455 poterant
2253 4371 2487 4436 auferri
2508 4377 2573 4435 et
2598 4369 2839 4435 destrui
2854 4389 2871 4448 ;

507 4477 648 4548 aljis
691 4479 940 4544 indiciis
983 4482 1243 4564 insuper
1291 4498 1450 4563 opus
1497 4484 1633 4544 erat
1681 4489 1953 4562 quorum
2000 4479 2205 4542 maior
2248 4479 2443 4542 etiam
2483 4483 2647 4542 esset
2684 4475 2836 4568 fides
2854 4526 2869 4556 ,
