3192 5009
1058 397 1142 448 An
1185 398 1441 449 nannum
1485 399 1945 449 menam.
2537 379 2667 447 299

391 561 461 632 Ο.
511 563 617 631 97.
646 564 685 629 5
757 565 1009 650 denique
1077 565 1336 630 Romani
1401 573 1624 630 veteres
1692 565 1943 650 novique
1960 614 1976 643 ,
2044 572 2101 629 et
2163 567 2229 629 ob
2293 589 2364 630 ea
2422 566 2673 630 scientes

297 670 441 735 becci
458 720 475 750 ,
539 673 738 757 siquos
798 673 958 735 locu-3
1018 679 1125 735 aut
1185 693 1356 734 casm
1416 671 1807 735 coniunxerat
1828 717 1844 748 ‚
1907 671 2065 735 orbis
2092 673 2317 758 faeere
2361 679 2537 757 atque
2579 671 2671 736 ita

296 779 370 839 ab
407 778 670 841 omnibus
693 777 978 860 partibus
1013 777 1195 840 simut
1231 778 1370 841 tecti
1411 784 1468 840 et
1505 777 1789 841 instructi
1824 778 2077 842 hostium
2100 778 2219 841 vim
2241 779 2671 844 sustentabant.

370 881 667 960 ,Wfilfflin
720 886 1052 969 proposuit
1096 883 1236 946 novi
1279 890 1613 968 veteresque
1630 931 1646 961 ‚
1694 883 1863 969 quod
1909 891 1967 947 et
2010 885 2077 948 ob
2128 907 2198 947 ea
2240 885 2489 948 scientes
2528 885 2673 949 belbe

297 995 553 1055 tantum
613 989 691 1054 ad
751 997 972 1054 veteres
1033 996 1314 1075 spectare
1375 997 1643 1075 possunt
1657 1009 1673 1067 ;
1739 989 1879 1056 ideo
1941 989 2052 1055 alii
2112 991 2363 1077 nov-ique
2422 991 2670 1057 delent:

297 1095 678 1162 facillimum
724 1095 1098 1161 emendandi
1158 1093 1396 1182 genus!
1461 1095 1498 1160 J
1501 1095 1735 1161 ordano
1789 1096 2093 1162 videntur
2150 1103 2297 1162 ante
2360 1105 2418 1162 et
2478 1100 2544 1162 ob
2604 1121 2675 1162 ea

294 1201 544 1266 scientes
605 1202 749 1266 betti
811 1203 1125 1288 quaedam
1185 1201 1490 1267 excidisse
1536 1205 1753 1287 eisque
1802 1201 1919 1268 illa
1965 1209 2190 1267 veteres
2234 1204 2485 1289 novique
2533 1205 2677 1270 sub-

301 1310 534 1374 stituta
580 1329 734 1374 esse.

391 1414 720 1504 Rogatum
743 1413 942 1480 velim
966 1414 1121 1499 quid
1143 1435 1347 1480 novae
1371 1417 1568 1480 etiam
1594 1416 1991 1480 coniecturae
2016 1413 2094 1478 ad
2115 1413 2208 1479 l.l.
2235 1435 2273 1480 a
2293 1417 2450 1481 viris
2474 1415 2677 1482 doctis

301 1527 750 1607 proponantur,
814 1541 963 1586 cum
1007 1523 1140 1585 iam
1183 1518 1445 1585 Dietsch
1492 1519 1918 1606 corruptelam
1963 1519 2317 1586 sustulerit.
2367 1519 2573 1588 Verba
2594 1567 2597 1570 -
2620 1529 2677 1586 et

302 1629 370 1691 ob
418 1651 488 1691 ea
527 1628 775 1691 scientes
820 1627 964 1690 betti
1012 1626 1183 1692 haud
1230 1626 1420 1692 dubie
1467 1647 1502 1691 e
1548 1629 1842 1713 margine
1879 1629 1950 1691 in
1989 1633 2245 1692 textum
2285 1630 2677 1714 irrepserunt

301 1755 506 1819 neque
573 1734 642 1798 id
707 1735 776 1797 in
843 1732 1061 1798 locum
1131 1753 1324 1797 suum
1345 1781 1361 1809 ,
1429 1736 1540 1818 qui
1604 1740 1741 1798 erat
1799 1734 1967 1798 inter
2026 1741 2247 1797 veteres
2296 1739 2361 1799 et
2404 1737 2677 1821 novique.

302 1839 640 1905 Praeterea
687 1837 919 1905 sciolus
967 1839 1238 1904 scribere
1285 1839 1507 1904 debuit
1551 1846 1609 1902 et
1654 1839 1720 1902 ob
1780 1839 1851 1902 id
1906 1839 2157 1904 scientes
2202 1839 2365 1906 bem.

394 2056 464 2125 Ο.
519 2057 667 2123 101.
697 2058 736 2124 6
794 2057 977 2122 simul
1024 2057 1299 2138 yladium
1358 2057 1649 2137 sanquine
1705 2057 1953 2120 oblitum
2013 2059 2316 2122 ostendere
2331 2106 2349 2136 ,
2397 2081 2563 2144 quem
2607 2058 2677 2122 in

291 2187 508 2247 puqna
551 2164 704 2228 eatis
749 2164 1000 2246 impiqre
1045 2164 1229 2227 occi-30
1264 2160 1478 2245 pedite
1521 2169 1720 2226 nostro
1768 2169 2203 2228 cruentaverat.

395 2269 552 2336 Vide
598 2290 806 2334 annon
852 2291 966 2354 pro
1004 2269 1248 2351 pedite:
1299 2268 1494 2353 equite
1541 2267 1946 2333 scribendum
1996 2271 2100 2333 sit.

395 2377 510 2441 Est
547 2377 703 2442 haec
741 2375 968 2460 proelii
1014 2375 1384 2460 descriptio:
1438 2373 1662 2452 „Sulla
1706 2395 1899 2460 quem
1945 2377 2232 2460 primum
2277 2376 2490 2441 hostes
2536 2379 2681 2440 atti-

299 2488 560 2570 gerant,
610 2482 971 2548 cohortatus
1019 2502 1163 2546 suos
1203 2480 1505 2544 turmatim
1541 2488 1607 2546 et
1647 2501 1841 2564 quam
1878 2483 2160 2547 maxime
2199 2483 2492 2568 consertis
2514 2483 2679 2568 equis

299 2592 440 2675 ipse
509 2589 749 2675 aliique
816 2587 1078 2653 Mauros
1145 2587 1491 2665 invadunt,
1555 2590 1751 2651 ceteri
1810 2588 1879 2652 in
1938 2586 2077 2652 loco
2141 2592 2469 2653 manentes
2518 2591 2587 2669 (i.
2621 2609 2677 2654 e.

297 2697 570 2783 pedites)
631 2697 708 2761 ab
762 2695 990 2761 iaculis
1035 2696 1286 2760 eminus
1334 2696 1582 2759 emissis
1630 2714 1890 2780 corpora
1941 2700 2154 2782 tegere
2171 2744 2188 2773 ,
2239 2701 2338 2773 et,
2390 2697 2558 2781 siqui
2607 2697 2676 2760 in

297 2823 528 2868 manus
587 2807 922 2878 venerant,
987 2801 1380 2867 obtruncare.
1429 2798 1585 2865 dum
1632 2821 1704 2865 eo
1753 2799 1944 2867 modo
1989 2801 2213 2885 equites
2257 2800 2671 2886 proeliantur,

299 2908 591 2974 Bocchus
651 2928 800 2972 cum
845 2907 1164 2992 peditibus
1216 2953 1231 2970 .
1260 2953 1274 2970 .
1305 2954 1320 2971 .
1355 2952 1370 2969 .
1418 2911 1810 2992 postremam
1854 2905 2290 2971 Romanorum
2338 2908 2539 2972 aciem
2584 2909 2680 2972 in-

299 3015 564 3081 vadunt.
636 3019 779 3078 tum
847 3012 1095 3077 Marius
1154 3011 1325 3097 apud
1372 3012 1606 3094 primos
1661 3012 1893 3098 agebat
1910 3061 1927 3090 ,
1994 3012 2164 3097 quod
2223 3013 2316 3079 ibi
2361 3012 2678 3100 Iugurtha

300 3142 452 3186 cum
512 3119 807 3206 plurimis
869 3125 1024 3184 erat.
1087 3118 1230 3182 dein
1275 3117 1558 3183 Numida
1603 3121 1859 3204 cognito
1904 3118 2140 3184 Bocchi
2185 3119 2464 3184 adventu
2510 3118 2678 3185 clam

301 3248 453 3292 cum
511 3227 730 3313 paucis
777 3226 860 3288 ad
891 3225 1130 3306 pedites
1174 3224 1467 3287 convortit
1513 3231 1620 3300 (ex
1668 3245 1792 3309 quo
1840 3244 1991 3289 eum
2038 3223 2244 3290 adhuc
2292 3225 2461 3311 apud
2507 3228 2681 3311 equi-

301 3338 399 3399 tes
469 3333 663 3398 fuisse
732 3330 914 3397 facile
981 3328 1266 3416 intelligi
1336 3336 1593 3417 potest).
1666 3331 1759 3396 ibi
1828 3330 2055 3396 Latine
2130 3379 2145 3396 .
2177 3379 2192 3396 .
2226 3379 2241 3396 .
2274 3379 2288 3396 .
2362 3329 2678 3397 exclamat

303 3445 550 3505 nostros
610 3439 844 3503 frustra
904 3457 1189 3523 pugnare
1205 3484 1221 3514 ‚
1286 3435 1478 3522 paulo
1538 3440 1685 3502 ante
1746 3435 2033 3502 Marium
2082 3457 2199 3502 sua
2244 3458 2441 3503 manu
2488 3441 2681 3503 inter-

201 3535 208 3540 ’
304 3545 562 3610 fectum.
613 3543 813 3608 simul
857 3565 911 3609 e.
938 3564 997 3628 q.
1025 3542 1120 3607 s.”

391 3649 468 3715 In
512 3649 660 3736 §10
706 3654 1092 3735 sequuntur:
1147 3651 1447 3726 „interim
1490 3646 1739 3713 Marius
1788 3649 2026 3736 fugatis
2073 3649 2396 3736 equitibus
2446 3657 2556 3731 (sc.
2599 3651 2677 3716 ab

303 3759 593 3842 equitatu
651 3755 1108 3836 Romanorum)
1171 3754 1452 3820 adcurrit
1496 3752 1736 3819 auxilio
1782 3757 1915 3819 suis
1933 3803 1950 3833 ,
2000 3774 2158 3840 quos
2204 3753 2362 3840 pelli
2406 3757 2538 3820 iam
2584 3777 2682 3822 ac-

305 3861 618 3948 ceperat’'.

373 4066 468 4135 .G.
523 4065 670 4132 105.
697 4067 740 4132 2
786 4067 841 4130 ic
885 4065 1096 4130 miuus
1141 4089 1268 4129 eum
1303 4064 1621 4148 praecidio
1669 4065 1927 4150 equitum
1973 4071 2150 4151 atque
2184 4066 2493 4146 peditum,
2543 4067 2683 4129 item

284 4175 682 4259 funditorum
728 4174 1083 4238 Balearium
1097 4201 1126 4248 ;
1155 4179 1476 4256 praeterea
1519 4171 1645 4236 iere
1687 4171 1999 4253 eayittarii
2047 4179 2104 4235 et
2144 4173 2347 4236 cohors
2385 4172 2683 4252 Paebiqna

302 4302 432 4344 cum
479 4279 830 4343 velitaribus
876 4279 1077 4343 armis.

395 4382 595 4471 Capes
665 4384 926 4466 (Oxford
943 4435 960 4463 ‚
1033 4382 1387 4451 Clarendon
1462 4381 1699 4462 1889):
1777 4385 1909 4462 „As
1970 4384 2080 4450 the
2140 4384 2501 4472 'sagittarii'
2560 4386 2684 4452 and

298 4481 643 4580 ‘Paeligni’
709 4514 872 4559 were
931 4492 1218 4579 infantry
1237 4541 1254 4572 ,
1317 4491 1426 4557 the
1487 4489 1662 4556 word
1703 4490 2047 4576 ‘peditum’
2094 4493 2151 4557 is
2198 4499 2313 4558 out
2360 4492 2433 4559 of
2467 4490 2645 4580 place
2662 4541 2681 4574 ‚
