3192 5009
1297 261 1620 314 nonanus.
2523 239 2656 308 299

366 427 591 496 xvm.
640 433 893 497 Aeneae
934 431 1131 497 verba
1174 438 1328 496 sunt
1372 439 1423 496 E
1451 430 1624 497 227:

537 538 693 603 ἀλλ’
739 535 866 618 ἄγε
916 541 1016 603 νῦν
1066 536 1325 616 μάςιγα
1378 536 1482 602 κα)
1534 537 1674 613 ήνΙα
1721 533 2108 615 σιγαλόεντα

536 641 747 724 δέξαι,
798 645 922 723 ἐγὼ
970 644 1021 709 δ’
1068 643 1271 711 ἵππων
1320 645 1736 736 ἀποβήσομαι
1783 644 1948 725 ὄφρα
1993 642 2335 723 μάχωμαι.

284 745 398 812 Hic
460 749 846 816 adnotastis:
914 750 1362 829 ,,ἆποβήσομαι
1425 751 1536 816 Ar.
1599 753 1678 816 A.
1745 751 1854 835 D.]
1919 749 2304 828 ἐπιβήσομαι
2365 749 2512 815 zen.
2579 745 2654 816 O.

284 855 481 941 inepte
502 902 518 933 ‚
580 879 847 923 currum
906 861 1080 950 enim
1143 879 1597 925 conscensurus
1661 865 1758 924 est
1802 863 2074 944 uterque
2122 856 2279 938 (vid.
2323 861 2421 923 vs.
2470 853 2651 936 239).

282 957 489 1026 Verte:
535 986 639 1045 eqo
684 987 821 1028 vero
868 971 1025 1046 (cum
1059 965 1401 1030 Diomedem
1440 965 1698 1030 aesecuti
1737 965 1979 1044 erimus)
2019 966 2094 1027 de
2131 986 2312 1027 curru
2354 961 2652 1040 desiliam,

284 1073 345 1128 ιιι
386 1089 511 1131 eum
555 1071 899 1151 aqqrediar,
947 1071 1491 1157 quemadmodum
1539 1073 1675 1157 ipse
1722 1091 1976 1158 quoque
2021 1069 2363 1135 Diomedes
2408 1090 2535 1133 non
2575 1066 2652 1132 de

284 1191 459 1238 curru
504 1182 788 1262 pugnat,
837 1178 916 1242 cf.
963 1198 1057 1242 vs.
1118 1176 1219 1255 13,
1253 1174 1379 1244 107
1407 1199 1565 1264 sqq„
1611 1176 1764 1244 249.
1812 1178 2085 1262 Propter
2126 1195 2388 1240 versum
2437 1179 2653 1240 tamen

284 1275 404 1342 294
462 1280 751 1348 dubitare
815 1282 971 1350 licet
1032 1305 1113 1349 an
1162 1283 1338 1350 aliud
1390 1285 1662 1350 verbum
1708 1283 2080 1365 (neyla'yendi
2126 1287 2343 1362 sensu)
2388 1280 2650 1346 lateat''.

282 1383 503 1468 Aperte
565 1387 775 1454 dicam
793 1437 810 1466 ,
874 1389 979 1454 hic
1042 1390 1207 1454 mihi
1268 1411 1394 1454 non
1460 1391 1886 1476 persuasistis.
1935 1388 2068 1475 Ipsi
2113 1385 2456 1452 conceditis
2501 1387 2654 1449 απο-

282 1487 542 1567 βῆσομαι
587 1494 693 1559 hic
738 1516 867 1559 non
913 1499 1070 1560 satis
1116 1495 1445 1562 commode
1495 1495 1620 1561 dici
1640 1545 1656 1573 ‚
1701 1496 1811 1562 sed
1844 1493 2066 1559 videor
2101 1493 2266 1558 mihi
2307 1491 2652 1558 ostendisse

282 1596 343 1658 in
398 1596 515 1677 Qu.
574 1600 843 1666 Homer.
906 1623 968 1687 p.
1026 1601 1150 1667 111
1218 1601 1655 1668 Zenodoteum
1714 1600 2096 1678 ἐπιβήσομαι
2146 1599 2299 1664 adeo
2345 1619 2471 1663 non
2516 1619 2653 1664 esse

282 1704 557 1787 ineptum
573 1756 590 1786 ,
638 1712 718 1771 ut
762 1706 954 1794 longe
1002 1707 1354 1774 faciliorem
1401 1707 1890 1794 explicationem
1939 1706 2261 1772 admittat.
2303 1703 2544 1770 Verum
2583 1725 2650 1770 re

287 1805 474 1874 denuo
512 1819 801 1879 accurate
839 1835 1147 1900 perpensa
1164 1863 1180 1892 ,
1221 1819 1564 1900 utramque
1586 1814 1929 1880 lectionem
1953 1810 2372 1878 abiiciendam
2394 1831 2645 1888 censeo;

218 1999 221 2003 ¹
284 1931 471 1996 neque
533 1919 975 1998 ἀποβήσομαι,
1040 1941 1245 2006 neque
1308 1921 1694 1998 ἐπιβήσομαι
1765 1919 1892 1984 huc
1953 1920 2109 1984 satis
2172 1916 2470 2003 quadrat,
2533 1937 2650 1982 nec

278 2019 487 2082 tamen
549 2024 625 2091 de
686 2025 1059 2112 negligendi
1123 2025 1316 2115 verbo
1378 2026 1771 2092 restituendo
1833 2025 2146 2112 cogitabo.
2212 2023 2478 2089 Dixerat
2521 2025 2648 2087 nisi

252 2119 425 2188 fallor
501 2131 778 2197 Aeneas:
826 2132 926 2196 vel
969 2154 1071 2212 eqo
1116 2155 1297 2195 curm
1344 2139 1401 2195 te
1448 2133 1668 2213 auriqa
1713 2139 1854 2195 utar
1897 2139 1966 2194 ut
2008 2153 2097 2193 me
2141 2131 2209 2194 in
2255 2153 2382 2194 eam
2407 2136 2646 2212 partem

268 2231 569 2318 conse-ram
586 2287 602 2316 ,
652 2237 757 2300 ubi
800 2238 1119 2302 Diomedes
1162 2245 1465 2318 versatur-2
1502 2239 1602 2303 vel
1648 2246 1714 2302 tu
1751 2261 1880 2301 cum
1933 2237 2206 2301 Diomede
2243 2259 2478 2300 manum
2517 2259 2648 2299 con-

286 2361 393 2406 cere
412 2393 427 2422 ,
487 2345 623 2408 dum
686 2366 790 2425 eqo
837 2344 1071 2408 interea
1120 2345 1285 2430 equis
1330 2346 1693 2410 moderabor.
1743 2343 1818 2408 Id
1865 2342 2182 2430 quomodo
2231 2339 2470 2408 Graece
2519 2341 2646 2406 dici

289 2447 515 2530 potuit?
560 2447 827 2516 Contuli
872 2449 1203 2536 equidem:

366 2552 565 2621 Η172
658 2551 826 2627 οὗτος
876 2559 1003 2636 γὰρ
1053 2558 1125 2630 δή
1170 2556 1363 2630 ὀνήσει
1418 2557 1788 2634 ἐϋκνήμιδας
1841 2554 2164 2636 Ἀχαιούς.

363 2659 567 2728 Α’763
660 2663 865 2742 αὐτὰρ
910 2661 1254 2741 Ἀχιλλεύς
1306 2701 1390 2710 -
1438 2659 1553 2734 οἷος
1605 2660 1671 2739 ἧς
1719 2664 1940 2741 α’ρετῆς
1991 2662 2388 2736 ἀπονήσεται.

362 2777 411 2832 Π
480 2767 560 2833 31
906 2767 971 2833 τί
1014 2771 1105 2833 σε’
1153 2767 1347 2840 ἄλλος
1398 2770 1677 2844 ὀνήσεται
1727 2768 2008 2846 ὀψίγονος
2057 2789 2204 2846 περ;

364 2881 403 2937 1>
489 2872 573 2940 35
668 2873 800 2939 οὐδὲ
848 2875 961 2952 μὲν
1007 2873 1143 2940 οὐδέ
1191 2911 1277 2924 —-
1326 2872 1392 2950 ἧς
1440 2872 1595 2953 ἥβης
1647 2875 1935 2949 ἀπόνητο.

362 2993 397 3043 λ
453 2979 582 3046 324
676 2978 795 3059 ήγε
841 2981 953 3058 μὲν
1004 2979 1129 3046 οὐδ’
1174 2980 1467 3056 ἀπόνητο.
1713 2964 1722 2974 ’

360 3108 387 3161 ρ
449 3085 581 3152 293
676 3085 853 3166 θρέψε
898 3087 1011 3165 μὲν
1062 3087 1186 3152 οὐδ’
1235 3087 1525 3161 α’πόνητο.

284 3187 476 3278 ltaque
520 3197 581 3259 si
624 3193 889 3281 Ulysses
937 3216 1017 3278 ex
1062 3216 1213 3260 cane
1260 3215 1377 3260 suo
1395 3244 1412 3272 ,
1464 3215 1616 3259 nam
1663 3194 1740 3259 de
1786 3215 1862 3260 eo
1907 3199 2270 3280 postremus
2306 3193 2484 3259 locus
2521 3199 2636 3273 est,

284 3297 503 3364 nullam
548 3304 833 3387 percepit
877 3301 1236 3368 utilitatem
1255 3350 1271 3379 ,
1320 3301 1593 3366 dixerim
1632 3300 1916 3367 Aeneam
1953 3305 2150 3366 etiam
2187 3301 2411 3367 eodem
2447 3300 2638 3368 modo

282 3409 536 3487 potuisse
604 3406 861 3472 dicere:—
924 3409 1045 3484 ἐγὼ
1120 3407 1173 3470 δ’
1239 3404 1467 3474 ἵππων,
1507 3407 2028 3483 απονήσομαι
2091 3407 2254 3487 ὄφρα
2317 3407 2638 3488 μάχωμαι

282 3511 599 3599 eodemque
644 3514 837 3578 verbo
883 3512 1213 3579 Pandarus
1264 3515 1439 3579 brevi
1477 3521 1624 3579 ante
1663 3535 1818 3578 usus
1855 3514 2062 3578 fuerat
2101 3513 2176 3579 de
2217 3535 2366 3578 arcu
2387 3562 2403 3591 ,
2445 3535 2638 3599 quem

278 3727 508 3791 tantum
552 3747 657 3791 me
704 3725 873 3792 male
919 3726 1146 3804 habet,
1199 3726 1370 3812 quod
1408 3737 1450 3792 Ρ
1482 3725 1616 3792 480
1656 3729 1793 3791 sine
1831 3724 1966 3791 ulla
2004 3725 2401 3812 corruptelae
2437 3729 2638 3811 suspi-

278 3833 431 3897 cione
471 3831 701 3897 itidem
746 3831 1024 3918 legitur:

524 3935 731 4015 δέξαι,
780 3939 902 4016 ἐγὼ
949 3937 1004 4003 δ’
1048 3935 1251 4003 ἵππων
1295 3938 1701 4016 ἀποβήσομαι
1751 3938 1914 4020 ὄφρα
1961 3936 2302 4020 μάχωμαι.

278 4039 413 4107 Dixi
453 4043 529 4110 de
576 4065 649 4109 eo
694 4042 832 4109 loco
876 4041 1123 4110 Mnem.
1177 4043 1351 4110 1884
1398 4068 1461 4131 p.
1512 4043 1666 4110 347.

355 4249 523 4316 XIX.
580 4251 820 4317 Itidem
866 4259 1160 4338 suspecta
1204 4253 1403 4318 verba
1447 4258 1601 4318 sunt
1646 4261 1698 4317 E
1728 4250 1895 4317 395:

522 4365 640 4431 τλῆ
690 4356 742 4422 δ’
792 4355 1010 4431 Ἀΐδης
1062 4359 1135 4422 ἐν
1182 4366 1395 4422 τοῖσι
1448 4362 1736 4436 πελώριος
1787 4358 1938 4424 ὠκὺν
1985 4358 2162 4424 ὅιςόν.
