3192 5009
1303 339 1388 386 An
1435 337 1761 388 rmelcos.
2575 321 2704 387 433

341 507 466 572 Pro
505 506 743 577 δικαίας
786 528 913 572 non
952 505 1120 571 male
1158 504 1452 571 Schmidt
1489 508 1817 592 proposuit
1856 505 2173 583 ἀκμαίας,
2214 506 2325 571 sed
2363 509 2475 592 qui
2498 507 2707 572 lenius

338 616 732 700 rescripserit
791 612 1106 683 δίκαιος
1173 635 1224 677 s.
1291 611 1663 691 δικαίως,
1710 613 1905 678 huius
1953 614 2057 677 οὐκ
2105 611 2223 677 ἔσθ’
2270 609 2430 686 ὅπως
2479 615 2704 686 δίκαιος

339 726 550 797 μῶμος
591 717 831 796 ἕψεταί
871 741 1039 783 ποτε.
1085 717 1147 782 N
1149 739 1218 784 ec
1258 725 1471 784 tamen
1510 721 1663 784 satis
1706 717 1875 806 apud
1908 741 2015 784 me
2052 726 2328 798 constat,
2370 720 2706 808 vulgatam

340 826 490 892 ferri
535 848 662 890 non
707 847 909 912 posse.
959 824 1127 904 Quid
1173 827 1346 890 enim
1391 827 1650 891 vetabat
1695 833 1951 911 poetam
1998 828 2259 901 σπουδήν
2302 829 2371 892 in
2417 849 2484 893 re
2525 829 2705 906 bona,

336 935 540 1010 iusta,
589 934 938 998 necessaria
985 951 1206 997 vocare
1251 928 1537 997 δικαίανῖ

426 1167 607 1233 Idem
666 1169 734 1231 in
791 1165 1047 1233 Comici-3
1093 1167 1169 1234 fr.
1220 1166 1373 1233 301.
1439 1166 1701 1232 Roberti
1748 1170 2143 1245 coniectura,
2189 1167 2405 1234 locum
2448 1167 2706 1235 Zenobii

336 1273 400 1352 4,
427 1273 514 1340 92
574 1296 652 1341 ex
714 1272 1085 1359 Apollodori
1147 1273 1543 1339 Bibliotheca
1604 1272 1863 1338 fluxisse
1883 1323 1899 1351 ,
1957 1295 2124 1340 nunc
2172 1273 2498 1340 stabilitur
2540 1275 2707 1362 frag·-

335 1383 572 1446 mentis
619 1379 938 1446 Vaticanis
981 1378 1046 1445 11
1091 1401 1154 1466 p.
1203 1379 1288 1444 56
1336 1380 1433 1446 ed.
1483 1378 1781 1466 Wagner.

1796 1524 1812 1570 ι

423 1614 602 1680 Idem
646 1617 715 1680 in
771 1614 930 1678 Orici
975 1614 1284 1699 Sabyrica,
1332 1615 1407 1680 fi.
1459 1612 1627 1680 333:

692 1721 795 1786 καὶ
845 1721 916 1795 33,
963 1721 1148 1799 Φάρει
1197 1719 1336 1801 τῷδ’
1381 1725 1472 1793 ὥς
1523 1723 1680 1802 ἐμῷ
1730 1722 2158 1797 mmm-oum.

331 1827 624 1894 Schmidt
683 1829 756 1898 ὥς
820 1826 946 1906 ἔχω
995 1831 1296 1906 coniecit,
1345 1827 1455 1894 sed
1499 1830 1743 1894 nemini
1786 1828 1880 1892 fas
1929 1833 2027 1894 est
2070 1831 2137 1893 in
2185 1827 2401 1893 fabula
2445 1849 2701 1913 prorsus

327 1937 650 2022 incognita
671 1984 686 2012 ,
750 1956 829 2000 ex
889 1955 1014 2020 qua
1073 1935 1178 1999 hic
1238 1957 1404 1999 unus
1466 1933 1823 2000 versiculus
1888 1942 2176 2000 servatus
2236 1942 2365 2013 est,
2415 1941 2699 2010 mutere,

330 2040 498 2126 quod
555 2040 849 2128 intellegi
909 2046 1137 2126 potest.
1211 2040 1376 2120 Quid
1440 2043 1615 2106 enim
1662 2062 1893 2126 quaeso
1940 2061 2191 2106 sumere
2236 2045 2446 2118 vetat,
2496 2062 2574 2106 ex
2618 2040 2702 2104 fa-

328 2147 517 2214 bulae
566 2147 894 2236 Satyricae
942 2151 1224 2234 personis
1271 2151 1481 2214 nescio
1521 2169 1716 2234 quam
1755 2147 1962 2214 aliena
1997 2153 2174 2214 veste
2210 2169 2326 2233 pro
2366 2169 2481 2213 sue
2516 2167 2702 2212 usam

329 2251 504 2320 esse?

418 2487 598 2553 Idem
640 2491 708 2553 in
768 2488 1015 2553 Vatibus
1061 2489 1136 2556 fr.
1188 2487 1354 2555 366:

685 2592 752 2668 ἦν
797 2597 910 2670 μὲν
956 2597 1084 2675 γὰρ
1130 2595 1242 2666 οἷὸς
1293 2596 1576 2673 μαλλός,
1628 2593 1693 2671 ἦν
1741 2597 1789 2661 δ’
1838 2598 2213 2670 ἀμπέλου

683 2702 911 2776 σπουδή
958 2727 1030 2766 τε
1076 2703 1180 2766 καὶ
1230 2701 1346 2780 ῥάξ
1391 2698 1458 2767 εὗ
1505 2702 2054 2784 τεθησαυρισμένη·
2105 2704 2234 2768 κτέ.

319 2807 556 2872 Lenius
602 2829 795 2893 quam
841 2808 1171 2893 hucusque
1219 2809 1462 2874 factum
1508 2809 1695 2875 video
1744 2813 2097 2896 corrigam:

1403 2909 1469 2988 ἦν
1516 2914 1568 2979 δ’
1618 2911 1840 2992 (ἅμ’)
1889 2917 2177 2992 ἀμπέλου
2227 2914 2353 2979 κτὲ.

410 3149 589 3216 Idem
633 3152 701 3214 in
756 3150 951 3228 TereO,
1001 3150 1075 3215 fr.
1127 3147 1293 3215 532:

678 3247 739 3319 ἓν
785 3259 980 3333 Φῦλον
1032 3257 1346 3332 ἀνθρώπων
1398 3255 1489 3330 μί’
1543 3255 1729 3336 ἔδειξε
1781 3257 2010 3335 πατρὸς

679 3362 780 3424 καὶ
830 3362 1063 3436 ματρὸς
1111 3359 1376 3438 ἀμέρά
1419 3360 1557 3431 τοὺς
1613 3362 1892 3434 minae·
1947 3363 2076 3426 κτὲ.

318 3467 574 3531 Primus
633 3467 1051 3552 depravatum
1112 3487 1247 3532 esse
1310 3467 1445 3531 vidi
1512 3467 1754 3544 ἀμέρα,
1818 3466 1928 3532 sed
1974 3470 2187 3532 minus
2233 3473 2500 3532 venuste
2550 3489 2689 3553 pro-

319 3577 500 3659 posui
563 3572 772 3638 ἀδυνά.
836 3572 1074 3638 Verum
1123 3573 1289 3640 vidit
1336 3594 1539 3659 nuper
1585 3571 1753 3638 Weil
1800 3575 1955 3638 scite
2002 3579 2067 3638 et
2112 3571 2437 3660 eleganter
2482 3595 2689 3639 emen-

205 3679 218 3692 “
320 3679 469 3745 dans
517 3679 862 3758 ἀρμογά.

405 3909 584 3978 Idem
629 3915 698 3976 in
753 3911 1136 3994 Tmsptolemo,
1187 3914 1261 3978 fr.
1313 3913 1482 3979 553:

672 4019 897 4094 βρῦτον
946 4017 1008 4082 δὲ
1055 4021 1156 4084 τὸν
1203 4028 1492 4099 χερσαῖον
1542 4021 1621 4083 οὐ
1668 4019 1907 4084 δυεῖν.

316 4120 597 4189 Coniecit
663 4121 930 4188 Knaack
989 4125 1054 4187 οὐ
1121 4131 1401 4206 (φίλων)
1467 4133 1661 4202 metm
1726 4125 1949 4210 quidni
2010 4145 2161 4190 vero
2226 4125 2432 4191 multo
2478 4126 2685 4192 lenius

317 4230 498 4308 οὖ<χ
561 4228 683 4303 ab}
700 4229 815 4306 ὺ<ν
881 4228 1162 4306 noerae?
1223 4231 1560 4297 Praeterea
1622 4251 1771 4296 vero
1838 4231 2061 4296 dubito
2125 4253 2283 4296 num
2330 4253 2554 4298 sanum
2600 4236 2685 4299 sit

315 4339 624 4414 χερσαῖον,
695 4355 808 4420 pro
876 4355 1000 4420 quo
1074 4337 1484 4422 expectabam
1549 4338 1808 4415 περιδαῖον
1874 4342 2068 4416 (recte
2127 4337 2511 4416 formatum,
2576 4339 2685 4405 sed

317 4461 440 4504 non
484 4440 794 4505 traditum
841 4448 1283 4528 praeterquam
1328 4445 1394 4508 in
1443 4443 1712 4523 κριθάία)
1738 4469 1817 4496 =
1842 4444 2103 4523 κρίθινον.

2327 4565 2393 4614 29
