3192 5009
532 229 618 299 18
1541 248 1851 299 necinus.

527 419 700 484 enim
741 414 900 481 locis
944 412 1112 481 male
1159 414 1467 483 vocabula
1513 415 1737 481 divisit
1780 422 1845 482 et
1889 416 2057 483 male
2101 415 2298 504 legit,
2339 416 2605 483 subinde
2650 436 2901 502 quoque

525 526 809 610 spatium
853 542 1134 589 vacuum
1177 521 1440 608 reliquit
1487 521 1895 608 explendum.
1941 521 2209 589 Mendas
2255 524 2333 590 ab
2382 543 2455 589 eo
2503 526 2901 601 commissae,

526 632 722 696 erasis
767 629 1085 715 prioribus
1103 676 1120 707 ,
1167 629 1451 714 itemque
1496 628 1755 694 lacunas
1796 627 1941 695 illas
1987 627 2253 695 sustulit
2274 650 2544 696 coaevus
2565 629 2863 695 librarius
2880 674 2899 706 ,

527 741 663 801 tam
699 737 943 822 peritus
988 733 1247 821 legendi
1293 755 1488 820 quam
1534 736 1937 801 correctionis
1983 736 2301 803 faciendae
2347 741 2413 801 et
2452 735 2899 814 occultandae;

526 840 793 909 subinde
832 847 1050 907 tamen
1087 840 1194 907 vel
1243 862 1356 926 per
1394 860 1687 906 rasuram
1731 847 2037 926 apparent
2082 844 2325 928 primae
2369 841 2641 908 litterae.
2690 840 2903 907 Facile

527 953 747 1014 autem
795 949 1164 1036 agnoscitur
1208 945 1322 1013 illa
1357 968 1588 1012 manus
1626 949 1966 1013 atramenti
2005 946 2228 1015 colore.
2279 947 2617 1034 Nusquam
2641 953 2903 1035 apparet

524 1076 678 1122 eum
745 1052 1082 1121 librarium
1147 1075 1225 1120 ex
1287 1053 1413 1119 alio
1479 1051 1771 1140 exemplo
1832 1056 2245 1121 correctiones
2305 1056 2610 1140 petivisse
2626 1102 2643 1131 ‚
2708 1072 2903 1139 quam

525 1161 694 1248 quod
739 1163 914 1247 prior
957 1163 1415 1246 usurpavisset.

614 1267 713 1332 Ab
747 1268 866 1333 hoc
902 1266 1284 1332 mendorum
1323 1273 1674 1332 correctore
1714 1267 1875 1332 duae
1905 1288 2135 1332 manus
2158 1268 2351 1353 probe
2376 1267 2864 1355 distinguendae
2883 1313 2902 1344 ,

524 1392 685 1459 quae
731 1376 1024 1459 quamvis
1067 1372 1351 1439 diversae
1397 1375 1567 1438 inter
1613 1394 1679 1438 se
1725 1378 1940 1438 tamen
1986 1373 2272 1440 eiusdem
2318 1375 2546 1439 aetatis
2592 1380 2742 1439 sunt
2758 1422 2776 1451 ,
2827 1379 2903 1438 ut

523 1478 801 1545 ostendit
862 1480 940 1544 sm
993 1478 1126 1545 cod.
1194 1478 1330 1557 93¹²,
1384 1485 1669 1544 ceterum
1717 1482 1941 1565 utique
1987 1478 2236 1545 saeculo
2283 1483 2658 1547 recentiores
2706 1500 2903 1566 quam

522 1588 896 1674 primitivus
941 1582 1262 1650 librarius.
1309 1584 1551 1650 Earum
1597 1583 1799 1650 altera
1845 1584 2181 1671 adscripsit
2226 1588 2293 1651 in
2342 1588 2632 1674 margine
2679 1606 2902 1652 versus

522 1694 770 1758 incuria
817 1694 1084 1757 omissos
1129 1691 1479 1778 grandibus
1515 1691 1753 1756 litteris
1792 1696 1858 1755 et
1895 1712 2100 1781 crasso
2140 1691 2403 1771 calamo,
2450 1691 2669 1771 altera,
2710 1691 2901 1779 paulo

523 1799 932 1865 nitidioribus
977 1797 1213 1863 litteris
1257 1801 1428 1863 intra
1471 1817 1698 1864 versus
1742 1800 2293 1884 interpretationes
2343 1804 2407 1865 et
2445 1801 2654 1866 varias
2690 1797 2903 1865 lectio-

523 1926 635 1971 nes
683 1904 947 1971 addidit.

614 2012 747 2079 Nec
792 2018 1009 2078 tamen
1054 2030 1129 2077 ea
1175 2010 1344 2089 sola;
1395 2010 1505 2077 sed
1551 2017 1629 2077 ut
1665 2010 1773 2089 fit,
1816 2008 1927 2076 alii
1964 2010 2257 2099 deinceps
2293 2011 2419 2077 alia
2457 2017 2897 2091 correxerunt;

523 2139 680 2206 quos
726 2139 764 2184 a
808 2118 1054 2184 duabus
1097 2115 1231 2183 illis
1274 2138 1470 2203 quam
1515 2119 1684 2183 inter
1729 2138 1795 2182 se
1842 2116 2237 2205 distinguere
2282 2116 2510 2183 utilius
2557 2122 2675 2184 est.

613 2224 846 2290 Versus
891 2223 1306 2310 interpolatos
1354 2223 1385 2287 I
1433 2222 1792 2288 436—439
1840 2222 2176 2309 adscripsit
2217 2226 2288 2288 in
2334 2226 2627 2311 margine
2674 2244 2903 2289 manus

522 2352 681 2398 saec.
729 2328 881 2395 XIV
927 2337 1060 2396 aut.
1110 2327 1230 2395 XV
1278 2335 1367 2410 (v.
1419 2328 1551 2395 440
1601 2334 1755 2410 om.)
1802 2348 1839 2393 a
1887 2330 2320 2415 superioribus
2368 2330 2637 2395 diversa.

612 2436 714 2501 Ad
782 2441 1058 2501 aetatem
1127 2434 1362 2501 codicis
1432 2434 1616 2516 (olim
1688 2433 1988 2520 discerpti
2053 2437 2121 2499 in
2187 2436 2344 2501 duas
2409 2442 2622 2522 partes
2671 2434 2899 2513 I—VI,

519 2542 820 2625 VII—X)
898 2541 1320 2607 definiendam
1395 2540 1653 2606 nullum
1728 2562 1923 2606 usum
1992 2541 2185 2606 habet
2258 2543 2449 2607 series
2519 2541 2896 2627 pontificum

517 2652 585 2715 in
654 2648 777 2714 fine
834 2646 986 2713 libri
1041 2647 1128 2712 VI
1191 2648 1426 2733 scripta
1444 2695 1461 2724 ,
1524 2649 1825 2733 quoniam
1889 2668 1964 2712 ea
2024 2670 2151 2713 non
2214 2647 2294 2713 ad
2357 2646 2758 2734 Stephanum
2806 2646 2894 2712 IV

521 2761 593 2837 (†
616 2754 798 2835 891),
860 2754 970 2820 sed
1031 2753 1110 2819 ad
1170 2752 1569 2839 Stephanum
1629 2756 1917 2839 primum
1963 2756 2391 2831 continuatur,
2442 2756 2554 2839 qui
2618 2756 2901 2820 numeris

517 2862 714 2927 huius
792 2859 1046 2926 tabulae
1123 2862 1490 2946 supputatis
1569 2862 1973 2946 cognoscitur
2051 2862 2231 2925 annis
2318 2858 2450 2925 269
2472 2908 2488 2935 ,
2574 2861 2901 2926 mensibus

524 2967 630 3046 11,
695 2967 916 3033 diebus
983 2965 1067 3031 10
1129 2974 1277 3053 post
1337 2966 1515 3032 Petri
1576 2966 1961 3044 adventum,
2026 2968 2069 3030 i.
2108 2988 2162 3032 e.
2229 2987 2391 3031 anno
2457 2964 2589 3033 270
2652 2973 2902 3053 (paene)

518 3070 599 3153 -Ι-
625 3071 709 3138 39
733 3097 814 3123 --
839 3070 970 3137 309
1031 3093 1094 3157 p.
1144 3089 1201 3139 ο.
1264 3070 1502 3138 electus
1566 3093 1699 3138 esse
1718 3121 1733 3150 ,
1802 3077 2017 3137 contra
2076 3070 2418 3159 vulgarem
2464 3074 2777 3139 rationem
2824 3092 2903 3137 ex

521 3200 646 3266 qua
707 3177 839 3244 253
896 3182 1182 3243 sanctam
1228 3178 1444 3245 sedem
1489 3181 1846 3264 occupavit.
1920 3176 2017 3245 Of.
2080 3176 2158 3242 R.
2214 3179 2290 3242 A.
2351 3178 2608 3263 Lipsius
2626 3226 2643 3257 ,
2709 3175 2905 3245 Chro-

519 3285 777 3372 nologie
832 3284 944 3349 der
987 3285 1345 3350 romischen
1393 3284 1685 3351 Bischofe
1732 3286 1829 3351 bis
1876 3306 1989 3350 zur
2034 3284 2229 3349 Mitte
2276 3284 2385 3350 des
2432 3286 2678 3349 vierten
2724 3283 2762 3349 J
2764 3284 2903 3349 ahr-

519 3392 826 3457 hunderts
845 3438 862 3469 ,
903 3389 1056 3456 Kiel
1073 3438 1090 3469 ,
1137 3389 1310 3456 1869
1335 3413 1398 3477 p.
1429 3390 1535 3469 98,
1563 3412 1697 3477 sqq.
1741 3390 2069 3457 Steinhart
2091 3394 2159 3455 in
2185 3389 2409 3477 Symb.
2437 3390 2671 3456 Philol.
2698 3390 2899 3456 Bonn.

518 3520 584 3585 p.
634 3496 788 3563 290.
849 3495 945 3561 Μ.
994 3496 1192 3561 Hertz
1240 3502 1306 3562 et
1351 3496 1424 3562 L.
1475 3496 1836 3563 Bethmann
1881 3496 2245 3562 Steinharto
2298 3502 2460 3562 teste
2508 3496 2604 3561 XI
2650 3496 2901 3563 saeculo

520 3604 946 3689 antiquiorem
993 3601 1276 3667 codicem
1323 3624 1449 3668 non
1495 3605 1885 3669 existimant.
1936 3601 2017 3668 N.
2066 3602 2372 3667 Heinsius
2412 3623 2565 3668 cum
2602 3602 2677 3667 E.
2706 3602 2902 3690 Span-

519 3711 733 3776 hemio
795 3707 1052 3773 nullum
1097 3708 1339 3773 Lucani
1384 3708 1664 3774 codicem
1708 3715 1935 3773 notum
1979 3729 2115 3774 esse
2162 3711 2591 3793 antiquiorem
2630 3709 2901 3794 putabat

519 3815 750 3902 (Epist.
799 3814 880 3879 ad
923 3814 1094 3879 Phil.
1146 3814 1222 3879 de
1267 3813 1332 3880 la
1377 3813 1558 3881 Mare
1607 3815 1667 3880 d.
1709 3815 1796 3881 24
1836 3814 2001 3880 Nov.
2050 3811 2271 3896 1667),
2312 3818 2530 3901 itaque
2571 3813 2899 3880 Vossianis

524 3921 558 3986 1
611 3926 676 3986 et
722 3920 784 3999 2,
825 3919 926 3985 illi
966 3922 1259 4007 cognitis,
1302 3924 1742 3987 vetustiorem.
1792 3919 2055 3987 Saeculo
2093 3920 2159 3985 X
2198 3920 2498 3986 adscribit
2538 3919 2900 3986 Oudendor-

518 4029 665 4116 pius
682 4075 698 4104 ,
761 4032 931 4091 recte
979 4029 1236 4113 opinor;
1288 4027 1540 4093 litterae
1588 4026 1832 4093 similes
1880 4034 2030 4093 sunt
2079 4029 2216 4093 eius
2264 4031 2491 4093 aetatis
2541 4028 2860 4094 codicibus
2878 4076 2895 4105 ,

519 4154 792 4220 quorum
839 4138 1010 4198 aetas
1057 4135 1332 4198 externis
1369 4134 1619 4198 indiciis
1660 4140 1924 4199 constat.
1990 4132 2086 4201 Of.
2127 4134 2334 4199 Arndt
2350 4183 2367 4212 ,
2410 4135 2539 4199 tab.
2588 4133 2669 4199 18
2696 4141 2761 4200 et
2787 4133 2895 4200 46.

517 4239 812 4305 Eundem
880 4236 1310 4304 characterem
1379 4238 1691 4304 scribendi
1760 4240 1994 4305 habent
2064 4239 2309 4326 aliquot
2373 4238 2666 4326 exempla
2728 4240 2897 4327 apud

519 4344 872 4423 Chatelain,
931 4343 1138 4413 veluti
1196 4341 1329 4423 73⁸,
1387 4342 1524 4423 87⁸,
1587 4366 1748 4432 quae
1805 4346 1885 4411 ad
1930 4368 1979 4412 e.
2029 4345 2126 4410 IX
2172 4346 2550 4424 referuntur,
2601 4346 2711 4411 sed
2758 4348 2895 4411 sine
