3192 5009
559 211 687 279 152
1562 234 1912 282 Housman.

827 397 959 477 δέξο
1010 395 1171 475 ἄναξ
1220 399 1510 479 Κρονίδα,
1556 406 1678 466 Ζεῦ
1733 399 2090 480 Ὀλύμπιε,
2145 403 2335 468 καλὸν
2386 398 2665 478 ἄγαλμα

914 504 1070 586 ἱλάῳ
1119 507 1286 586 θυμῷ
1334 515 1458 578 τοῖς
1508 508 2042 584 Λακεδαιμονίοις.

555 614 874 679 Haeccine
922 615 1291 699 scripserint
1335 611 1822 679 Lacedaemonii
1869 635 2020 680 suae
2068 615 2356 699 ipsorum
2403 613 2664 700 linguae
2715 609 2960 679 obliti?

552 723 810 787 hiatum
880 717 1010 796 δέξο
1081 717 1248 797 ἄναξ
1316 720 1692 786 admiserint
1765 723 1874 798 „in
1937 719 2217 786 formula
2279 742 2314 786 e
2377 723 2728 786 vetustiore
2775 721 2962 804 poesi

554 828 885 904 desumta,
951 848 1065 891 cur
1126 829 1220 890 ita
1284 826 1565 891 dicerent
1623 829 1749 913 ipsi
1798 849 1923 892 non
1968 823 2506 913 intellegentes”?
2555 825 2626 891 Si
2669 825 2962 890 Homeri

552 935 624 1001 hi
680 953 903 999 versus
964 939 1172 997 essent
1191 980 1207 1009 ‚
1269 934 1363 996 ita
1421 932 1672 998 credere
1719 955 1849 998 ·nos
1894 934 2190 997 iuberent
2235 935 2363 997 viri
2410 931 2612 1009 docti,
2662 952 2959 1017 quorum

555 1042 926 1126 opinionem
964 1038 1175 1102 verbis
1224 1035 1455 1104 Caneri
1494 1059 1688 1124 supra
1727 1041 2191 1125 expressimus:
2233 1060 2401 1103 nunc
2440 1060 2567 1103 non
2605 1043 2706 1102 est
2728 1058 2962 1102 veren-

555 1146 711 1210 dum
775 1166 852 1210 ne
913 1146 1055 1229 quis
1099 1147 1195 1208 ita
1242 1144 1365 1208 sibi
1410 1144 1823 1230 persuadeat,
1871 1165 2024 1210 nam
2068 1144 2148 1210 ad
2194 1144 2547 1210 socordiam
2591 1147 2734 1209 sive
2786 1143 2960 1208 Pau-

555 1255 766 1318 saniae
828 1253 965 1316 sive
1028 1251 1383 1316 scribarum
1430 1250 1886 1315 confutandam
1931 1255 2056 1336 ipsi
2105 1254 2240 1316 iam
2285 1250 2531 1336 lapides
2581 1270 2964 1314 consurrex-

556 1365 761 1426 erunt.
832 1354 1169 1444 Olympiae
1236 1377 1399 1420 anno
1466 1354 1639 1422 1876
1703 1359 1966 1422 inventa
2011 1361 2108 1422 est
2156 1358 2311 1423 haec
2357 1363 2604 1432 statua,
2657 1359 2962 1440 superest

555 1463 790 1530 titulus
836 1460 1073 1527 saeculi
1122 1461 1227 1525 VIi
1274 1482 1471 1546 paene
1518 1464 1805 1549 integer:
1856 1463 2010 1547 quid
2055 1459 2342 1549 legitur?

666 1545 2958 1634 ...OfANAcPONIAAAETOA‘f'MmEKAAONAI'AAMAHIAEFO

560 1682 1657 1741 ...MOITOIAAKEAAIMONIQ
1679 1723 1696 1752 ,

558 1781 625 1846 id
675 1787 805 1847 est:

740 1883 931 1971 [δέξ]ο
976 1884 1222 1970 εαξν[αιξ]
1271 1886 1519 1965 Κρονίδα
1569 1888 1747 1969 [Ζ]εὖ
1797 1886 2154 1964 Ὀλύμπιε,
2205 1886 2396 1951 καλὸν
2445 1883 2767 1964 ἄγαλμα,

836 1995 1069 2075 ἱληΓὼΒ
1090 1991 1143 2076 Y]
1195 1993 1427 2076 [δάμῳ
1475 1994 1559 2072 τῷ
1607 1994 2190 2076 Λακεδαιμον1ω[ν].

563 2099 706 2164 Vid.
776 2098 1004 2164 Rom
1066 2097 1237 2165 IGA.
1306 2095 1389 2164 75
1454 2114 1520 2164 et
1580 2100 1747 2176 add„
1821 2098 2078 2164 Kfflmn
2139 2099 2358 2181 Epiqr.
2424 2096 2575 2176 743,
2651 2098 2962 2167 Bonane

562 2205 919 2290 Epiqraphy
968 2227 1031 2290 p.
1080 2203 1235 2270 262.

654 2403 920 2472 Constat
965 2407 1174 2490 igitur
1222 2426 1300 2470 ex
1346 2406 1447 2470 1118
1495 2425 1654 2490 quos
1692 2404 2034 2471 attulimus
2075 2405 2392 2470 erroribus
2432 2404 2788 2490 multisque
2810 2404 2965 2470 aliis

562 2512 852 2579 eiusdem
899 2513 1150 2599 generis
1169 2559 1185 2588 ,
1238 2511 1568 2597 digamma
1609 2532 1646 2576 a
1684 2510 1960 2577 librariis
1999 2515 2112 2577 vix
2153 2533 2426 2597 usquam
2460 2514 2780 2577 intactum
2819 2533 2965 2578 esse

564 2624 915 2685 servatum.
981 2617 1205 2702 Itaque
1268 2637 1393 2682 non
1454 2616 1523 2682 id
1584 2620 1829 2681 mirum
1875 2623 1972 2684 est
2019 2617 2188 2704 quod
2235 2621 2434 2682 etiam
2481 2639 2560 2683 ex
2603 2616 2962 2684 Homerico

564 2731 750 2791 textu
795 2725 1094 2801 evanuit,
1146 2722 1256 2787 sed
1298 2723 1465 2808 quod
1504 2725 1695 2787 citius
1734 2744 1811 2787 ex
1857 2723 1991 2788 11118
2031 2725 2418 2788 carminibus
2456 2745 2652 2810 quam
2691 2745 2771 2789 ex
2809 2723 2964 2790 aliis

565 2839 861 2897 veterum
909 2829 1203 2915 operibus
1252 2831 1585 2894 evanuisse
1633 2830 1909 2895 videtur.

658 2935 982 3021 Quidquid
1042 2935 1110 3000 id
1157 2941 1255 3000 est
1302 2971 1387 2983 —
1438 2955 1589 2999 nam
1635 2955 1866 3020 parum
1911 2937 2170 3021 prodest
2215 2939 2550 3002 immorari
2597 2940 2960 3022 quaestioni

452 3081 459 3090 -
566 3065 726 3132 quae
789 3044 868 3108 ad
932 3045 1182 3107 exitum
1244 3040 1505 3127 perduci
1567 3048 1841 3128 nequeat
1903 3079 1988 3090 —
2053 3042 2469 3108 Alexandrini
2540 3047 2958 3130 grammatici

565 3151 853 3216 litteram
902 3149 1232 3236 digamma
1277 3151 1344 3212 in
1392 3147 1679 3213 Homero
1727 3170 1853 3213 non
1901 3149 2330 3234 reperiebant,
2378 3171 2584 3235 neque
2629 3153 2838 3238 igitur
2886 3153 2960 3215 in

568 3255 920 3341 exemplari
983 3255 1351 3319 Antimachi
1416 3252 1828 3339 Colophonii,
1898 3257 2011 3340 qui
2071 3254 2362 3320 Platonis
2424 3269 2560 3320 erat
2628 3256 2916 3341 aequalis
2939 3305 2956 3334 ,

568 3362 793 3428 aliisve
839 3359 1020 3424 libris
1068 3363 1343 3426 vetustis
1363 3409 1379 3438 ‚
1429 3382 1585 3446 quos
1635 3360 1714 3425 ad
1757 3366 2012 3426 textum
2059 3362 2578 3427 constituendum
2624 3361 2724 3426 illi
2779 3362 2964 3428 adhi-

567 3469 833 3545 bebant,
883 3471 1019 3531 erat
1066 3472 1339 3531 exarata.

662 3573 786 3640 Sed
848 3572 1024 3638 aliud
1087 3578 1183 3637 est
1245 3593 1474 3637 sonum
1534 3572 1750 3638 littera
1809 3595 1934 3638 non
1997 3573 2276 3640 indicare
2293 3623 2310 3653 ‚
2376 3573 2553 3639 aliud
2614 3597 2741 3640 non
2809 3597 2960 3660 pro-

572 3682 735 3747 ferre
796 3699 972 3744 voce.
1038 3677 1220 3742 Nihil
1279 3678 1489 3743 obstat
1554 3683 1899 3764 quominus
1961 3700 2330 3746 censeamus
2377 3682 2616 3746 vixisse
2662 3681 2962 3746 Ionicum

573 3807 700 3852 vau
762 3787 829 3849 in
894 3784 1279 3850 carminibus
1340 3784 1702 3851 Homericis
1761 3785 1874 3850 diu
1921 3791 2262 3872 postquam
2310 3807 2386 3851 ex
2434 3785 2668 3852 Ionum
2714 3789 2966 3854 Attico-

574 3912 803 3956 rumve
852 3895 1138 3956 sermone
1186 3891 1553 3976 quotidiano
1599 3895 1992 3970 evanuisset;
2045 3895 2283 3958 vixisse
2324 3894 2631 3979 quamdiu
2668 3897 2737 3959 in
2773 3895 2964 3981 rhap—

576 3997 878 4063 sodorum
942 4018 1049 4063 ore
1108 3999 1249 4082 ipsa
1311 4000 1593 4063 carmina
1640 4001 1817 4083 epica
1864 4000 2175 4064 viverent.
2225 3998 2422 4065 Nulla
2467 4006 2564 4065 est
2612 4021 2800 4066 causa
2847 4023 2964 4066 cur

576 4125 885 4191 negemus
958 4103 1105 4168 illos
1182 4107 1353 4169 viros
1429 4106 1724 4169 recitasse
1787 4105 2102 4183 Ἀτρεΐδης
2184 4129 2255 4170 τε
2334 4103 2524 4181 πίναξ
2609 4107 2830 4184 ἀνδρῶν
2896 4117 2964 4174 et

578 4209 829 4276 ἔδευσεν
871 4210 920 4274 δ’
964 4210 991 4274 ὅ
1031 4208 1238 4290 γέρων,
1274 4213 1529 4276 etiamsi
1564 4212 1632 4274 in
1680 4212 1973 4276 omnibus
2021 4211 2240 4276 Hiadis
2285 4212 2759 4298 exemplaribus
2807 4219 2964 4279 tunc

577 4322 654 4383 ut
698 4315 885 4382 hodie
933 4314 1097 4393 ἄναξ
1143 4323 1207 4382 et
1254 4317 1475 4382 ἔδεισεν
1523 4316 1762 4382 fuerint
1799 4323 2072 4384 exarata.
2121 4317 2291 4384 Nam
2333 4317 2459 4384 tale
2496 4321 2960 4405 pronunciandi
