3192 5009
570 995 1258 1090 SPICILEGIUM
1317 993 2208 1087 OBSERVATIONUM
2268 985 2931 1084 CRITIGARUM

1063 1135 1206 1224 AD
1267 1134 1894 1226 SCRIPTORES
1952 1130 2447 1224 GRAECOS.

1624 1339 1870 1382 SCRIPSIT

1289 1493 1368 1564 G.
1415 1496 1509 1561 M.
1558 1493 2203 1562 SAKORRAPHUS.

1075 1648 1546 1729 (Continuantur
1590 1671 1663 1712 ex
1724 1649 1782 1712 V
1775 1648 1853 1712 ol.
1904 1647 2029 1711 XX
2054 1671 2204 1730 paq.
2255 1643 2433 1725 310).

1516 1921 1941 1964 -οοροςομ-

557 2153 806 2219 lenus.
849 2155 1194 2219 Aconntm'r
1233 2171 1377 2220 n001
1417 2151 1729 2218 Sorfloon.
1769 2151 1955 2216 Pan..
2002 2149 2153 2216 631.
2195 2150 2529 2216 Dimoem.
2568 2147 2748 2224 XIX,
2776 2145 2939 2214 257.

1149 2261 1456 2325 Anecm.
1507 2257 1590 2337 ΙΙ,
1648 2256 1796 2324 147.
1845 2257 1959 2336 ΙΠ,
2013 2256 2163 2334 122,
2192 2255 2345 2322 208.

653 2475 1016 2559 Antequam
1079 2478 1373 2560 aegrotos
1436 2471 1600 2537 Isaei
1644 2470 1814 2537 locos
1863 2472 2078 2537 ordine
2124 2491 2481 2559 persequar,
2532 2468 2722 2534 liceat
2766 2469 2941 2532 mihi

561 2580 686 2646 duo
734 2601 918 2646 sanos
955 2579 1123 2645 locos
1169 2600 1482 2666 apponere
1500 2627 1516 2657 ,
1568 2587 1644 2644 ut
1690 2579 1994 2644 dictiones
2040 2577 2345 2663 quaedam
2386 2576 2731 2641 illustrem.

647 2685 763 2764 IX,
833 2685 913 2751 16
999 2683 1152 2750 ὥστε
1236 2686 1394 2750 πολὺ
1463 2685 1538 2750 ἂν
1612 2686 1831 2749 θᾶττον
1892 2685 2237 2760 διαθέμενον
2302 2682 2534 2762 μηδένα
2597 2683 2748 2746 ποτὲ
2811 2687 2940 2745 τῶν

556 2795 780 2858 ἑαυτοῦ
858 2792 1084 2857 οἰκείων
1153 2791 1553 2874 διαλεχθῆναι
1627 2791 1853 2857 Κλέωνι
1921 2795 2171 2869 μᾶλλον
2241 2791 2273 2865 ἢ
2347 2792 2447 2855 τὸν
2519 2788 2734 2855 τούτου
2806 2789 2941 2853 υἱὸν

562 2898 991 2973 ποιησάμενον.

645 3003 741 3069 De
822 3002 975 3068 ὥστε
1058 3027 1171 3089 per
1237 3007 1683 3070 attractionem
1752 3025 1902 3068 cum
1972 3005 2306 3090 participio
2377 3004 2715 3069 coniuncto
2788 3003 2930 3067 vid.

555 3109 875 3175 Kuehner.
925 3115 1040 3174 art.
1083 3131 1358 3197 gramm.
1399 3108 1482 3188 II,
1527 3107 1679 3187 586,
1712 3108 1772 3174 3.
1816 3108 2177 3174 Schneider.
2218 3108 2297 3173 ad
2336 3108 2525 3174 Isocr.
2566 3107 2673 3186 IV,
2701 3107 2811 3173 64.
2846 3145 2939 3157 —

559 3216 958 3281 Adverbium
1020 3219 1262 3292 μᾶλλον
1324 3237 1450 3281 non
1513 3215 1591 3281 ad
1655 3216 1793 3280 vim
1839 3215 2200 3301 augendam
2246 3217 2663 3300 comparativi
2708 3215 2945 3279 θᾶττον

559 3323 663 3402 (de
728 3344 850 3407 quo
911 3344 1037 3387 usu
1081 3323 1208 3387 vid.
1259 3321 1486 3388 Thom.
1534 3323 1714 3409 Mag.
1764 3344 1902 3386 e.v.
1952 3326 2216 3398 μᾶλλον.
2263 3322 2525 3388 Porson.
2576 3322 2656 3388 ad
2700 3321 2941 3408 Eurip.

559 3428 715 3494 Hec.
765 3428 915 3493 618.
964 3427 1187 3493 Monk.
1239 3429 1318 3493 ad
1363 3428 1623 3515 Hippoi.
1667 3426 1817 3494 487.
1870 3427 2167 3514 Blaydes.
2207 3427 2285 3493 ad
2322 3428 2645 3514 As‘ietoph.
2686 3427 2943 3494 Eccles,

563 3534 786 3616 1131),
857 3534 966 3599 sed
1037 3534 1116 3599 ad
1169 3538 1508 3600 notionem
1573 3535 2136 3622 redintegrandam
2198 3535 2554 3601 evidentiae
2617 3537 2945 3600 sermonis

559 3640 949 3706 adiuvandae
995 3660 1184 3705 causa
1221 3643 1506 3726 positum
1543 3646 1659 3706 est.
1710 3645 1883 3720 Quae
1924 3640 2311 3706 abundantia
2351 3641 2579 3706 multis
2619 3641 2944 3728 exemplis

561 3746 938 3812 defenditur.
1003 3743 1100 3812 Cf.
1148 3744 1306 3811 Isae.
1355 3745 1406 3824 Ι,
1458 3743 1564 3810 43.
1615 3745 1696 3823 11,
1754 3744 1855 3811 15.
1904 3745 2019 3824 IX,
2073 3747 2178 3812 10.
2242 3747 2521 3826 Lincke,
2572 3747 2647 3812 de
2694 3745 2943 3813 elocut.

559 3851 720 3918 Isaei
781 3875 842 3938 p.
893 3851 1000 3917 23.
1067 3849 1368 3929 Gehlert‚
1433 3852 1509 3916 de
1574 3851 1803 3917 elocut.
1869 3851 2126 3918 Isocrat.
2172 3875 2235 3938 p.
2284 3851 2392 3918 25.
2445 3891 2529 3904 -
2576 3853 2943 3919 Notissima

561 3966 656 4026 est
740 3959 1116 4046 significatio
1210 3961 1628 4045 comparativi
1696 3960 1917 4024 θᾶττον
1986 3963 2055 4024 in
2126 3959 2437 4025 eiusmodi
2509 3959 2902 4026 dictionibus
2924 4009 2941 4038 ,

561 4066 764 4154 qualis
811 4072 905 4132 eet
949 4065 1112 4132 Isaei
1156 4072 1222 4131 et
1267 4087 1422 4151 quas
1471 4087 1641 4132 nunc
1688 4067 1997 4132 dabimus.
2049 4065 2237 4133 Isocr.
2286 4067 2463 4146 XIX,
2508 4067 2593 4132 29
2636 4064 2727 4133 ὅτι
2766 4067 2941 4133 πολὺ

559 4173 637 4238 ἂν
698 4176 918 4237 θᾶττον
963 4171 1209 4250 ἑλοίμην
1255 4173 1580 4237 ἀποθανεῖν
1630 4173 1662 4249 ἢ
1712 4175 1917 4239 ’κεῖνον
1968 4173 2247 4253 περιιδεῖν
2293 4176 2779 4249 τελευτήσαντα.
2831 4172 2943 4240 Of.

559 4277 728 4364 546.
769 4277 948 4356 XXI,
992 4277 1053 4344 3.
1095 4277 1250 4365 Lyc.
1293 4301 1347 4344 c.
1387 4277 1607 4346 Leocr.
1652 4279 1757 4346 30.
1800 4279 2062 4346 Lucian.
2104 4278 2397 4345 Pseudol.
2444 4280 2548 4345 11.
2588 4279 2817 4346 Timon
2842 4280 2943 4346 28

557 4389 777 4450 θᾶττον
825 4385 902 4450 ἂν
948 4387 1056 4461 τὴν
1102 4387 1388 4466 κεφαλὴν
1440 4386 1473 4460 ἢ
1521 4388 1590 4451 τὸ
1641 4395 2007 4464 προσωπεῖον
2047 4386 2337 4466 πρόοιντο.
2380 4385 2709 4452 Demosth.
2743 4385 2938 4466 XIX,

561 4490 694 4562 254
742 4494 963 4558 θᾶττον
1011 4492 1137 4574 γὰρ
1185 4490 1260 4557 ἂν
1308 4496 1412 4557 τοῦ
1461 4489 1729 4569 αἵματος
1778 4493 1811 4567 ἢ
1865 4494 2051 4572 λόγου
2091 4492 2469 4569 μεταδοῦναί
2507 4515 2644 4558 τινι.
2690 4491 2938 4580 Saepe,
