3192 5009
1253 276 1564 329 monus.
2512 258 2595 327 31

245 447 383 531 petit
441 446 686 513 imbelli
745 450 928 534 signa
989 444 1311 532 Canop0.’'
1380 445 1518 511 VH.
1565 444 1734 510 841:
1784 448 1875 511 sic
1922 467 2171 532 quoque
2216 468 2342 512 non
2390 450 2599 512 omnis

253 552 496 639 populus
557 556 848 640 pervenit
911 554 988 619 ad
1034 574 1175 619 ossa
1215 552 1226 639 Ι
1265 555 1459 637 inque
1508 552 1674 617 feras
1724 550 2078 638 discerptus
2124 552 2291 619 abIt:
2340 574 2463 617 non
2509 555 2605 617 in-

251 663 388 726 tima
423 667 663 726 curant.
710 660 826 725 IX.
862 660 1028 727 205:
1071 659 1229 726 olim
1265 680 1416 723 vera
1454 658 1609 723 fides
1649 657 1831 725 Sulla
1868 658 2205 745 Marioque
2242 661 2511 747 receptis
2551 659 2562 744 Ι

251 766 536 831 libertatis
597 767 764 845 ob1t3
829 766 1140 852 Pompeio
1203 766 1393 832 rebus
1457 765 1755 851 adempto
1797 770 1809 851 Ι
1850 788 2017 832 nunc
2080 772 2145 831 et
2206 766 2353 832 ficta
2399 772 2568 852 per1t
2584 812 2603 843 ,

251 894 358 937 non
372 922 388 950 ‚
430 871 570 939 rell.
619 872 728 937 VI.
774 871 904 938 529
954 874 1232 938 viventis
1279 874 1524 937 animas
1571 909 1659 921 —
1700 870 1711 957 Ι
1751 871 1985 937 infodit
2031 874 2259 939 busto:
2308 873 2457 938 fatis
2504 871 2607 937 de-

251 979 516 1043 bentibus
579 999 774 1044 annos
815 980 825 1065 Ι
865 1000 1038 1043 mors
1098 981 1306 1044 invisa
1366 979 1540 1044 sub1t
1555 1028 1572 1057 ,
1638 999 1935 1065 perversa
1996 979 2217 1045 funera
2277 998 2513 1065 pompa
2552 978 2565 1064 Ι

251 1084 472 1150 rettulit
531 1106 572 1150 a
632 1084 922 1151 tumulis.
969 1083 1139 1149 VIIL
1193 1080 1320 1150 701
1371 1085 1490 1150 hac
1536 1084 1793 1151 fortuna
1836 1085 1957 1152 fide
2005 1086 2237 1173 Magni
2286 1089 2424 1150 tam
2468 1104 2609 1171 pro-

251 1212 404 1277 spera
461 1192 596 1256 fata
633 1192 644 1277 Ι
687 1190 979 1277 pertulit;
1059 1192 1176 1257 hac
1235 1190 1432 1255 illum
1493 1212 1749 1256 summo
1810 1192 1886 1257 de
1951 1191 2230 1258 culmine
2296 1213 2516 1258 rerum
2555 1190 2568 1275 Ι

252 1304 427 1362 morte
483 1303 686 1384 peut,
748 1296 1080 1383 cladesque
1142 1318 1361 1363 omnes
1423 1301 1641 1385 exegit
1699 1301 1769 1362 in
1828 1320 1978 1363 uno.
2041 1298 2212 1363 VIII.
2271 1296 2402 1364 320
2452 1318 2609 1382 quas

253 1406 433 1490 mag-is
491 1406 566 1468 in
625 1410 824 1469 terras
889 1410 1184 1469 nostrum
1229 1403 1520 1469 felicibus
1567 1408 1725 1470 actis
1765 1406 1776 1490 Ι
1817 1426 2049 1470 nomen
2096 1406 2231 1470 ab1t
2280 1410 2395 1469 aut
2438 1396 2609 1469 unde

253 1510 389 1574 redit
431 1512 677 1575 maiore
722 1510 1075 1595 triumpho.
1116 1510 1384 1576 Duobus
1430 1512 1637 1598 igitur
1677 1509 1833 1576 locis
1878 1510 1964 1575 X.
2007 1509 2094 1575 64
2147 1516 2212 1576 et
2258 1508 2431 1576 VIII.
2474 1508 2606 1576 320

253 1616 582 1701 perfectum
641 1622 1037 1681 contractum
1097 1616 1326 1699 (petit,
1378 1616 1529 1697 abit)
1579 1622 1725 1683 ante
1773 1616 2025 1683 vocales
2072 1623 2302 1682 natura
2344 1616 2609 1703 longam

253 1722 411 1797 habet
469 1722 733 1788 finalem
747 1744 764 1801 3
829 1724 1060 1808 quibus
1113 1724 1328 1787 missis
1374 1722 1623 1810 syllada
1666 1726 1737 1787 in
1782 1730 1833 1786 -t
1877 1726 2147 1790 metrica
2165 1772 2182 1801 ,
2230 1743 2359 1788 non
2404 1743 2615 1815 proso-

252 1828 430 1907 disca,
489 1830 740 1895 ratione
801 1828 1175 1915 producitur
1231 1828 1314 1893 Π.
1367 1827 1520 1908 561,
1586 1828 1663 1893 V.
1711 1827 1865 1907 522,
1930 1830 2047 1895 ΙΧ.
2103 1827 2257 1908 417,
2322 1828 2403 1895 ad
2450 1850 2612 1915 quae

251 1936 360 2001 iam
403 1934 662 2001 accedat
707 1933 848 2000 VII.
899 1931 1049 2001 7¹73.

324 2148 469 2215 805.
522 2148 712 2227 „Non
757 2150 1152 2234 interpositis
1197 2154 1468 2212 urantur
1513 2168 1777 2234 corpora
1822 2146 2100 2213 flammis
2120 2196 2137 2225 ,
2179 2148 2190 2233 Ι
2232 2154 2347 2213 aut
2390 2151 2615 2236 generi

253 2256 296 2319 si
327 2276 523 2341 poena
558 2256 749 2323 iuvat
787 2274 1012 2320 nemus
1049 2258 1306 2319 exstrue
1342 2252 1602 2318 Pindi.’'
1642 2253 1972 2319 Patienter
2002 2253 2291 2340 plerique
2324 2255 2617 2321 tulerunt

253 2368 477 2426 mma.
527 2361 940 2427 Burmannus
987 2360 1162 2425 solus
1210 2360 1534 2425 duriorem
1578 2359 1969 2426 locutionem
2013 2363 2245 2427 merito
2293 2361 2613 2448 appellat,

253 2488 357 2551 qua
417 2466 853 2555 significatur:
925 2471 1181 2532 exstrue
1241 2489 1476 2547 νομῆι·
1505 2487 1540 2530 e
1601 2487 1857 2532 nemore
1918 2466 2129 2531 Pindi.
2178 2467 2347 2533 Mire
2396 2474 2615 2535 tamen

251 2571 444 2639 laudat
504 2572 683 2638 VIII.
733 2571 864 2639 695
934 2593 1162 2651 „mons
1223 2571 1630 2637 exstructus''
1681 2578 1757 2637 ut
1802 2574 1872 2636 in
1918 2571 2155 2638 tradita
2200 2572 2471 2640 lectione
2520 2595 2619 2639 ac-

253 2682 544 2764 quiescet3
621 2700 773 2745 nam
829 2678 1007 2745 locus
1065 2678 1177 2744 ille
1237 2700 1388 2744 cum
1449 2676 1591 2743 aliis
1609 2726 1626 2756 ‚
1688 2680 1759 2741 in
1822 2678 2051 2763 quibus
2112 2685 2209 2744 est
2255 2701 2451 2767 rogus
2511 2679 2617 2747 vel

253 2806 490 2852 acervus
527 2791 915 2865 exstructus,
956 2788 1350 2852 contrarium
1388 2785 1634 2870 probat.
1682 2783 1930 2850 Maiore
1953 2806 2105 2851 cum
2126 2789 2267 2851 iure
2292 2786 2617 2853 attulisset

252 2891 320 2957 II.
367 2892 493 2959 158
558 2900 887 2959 exstruere
947 2894 1171 2959 robora
1217 2892 1412 2957 busti.
1475 2889 1715 2956 Merito
1762 2890 1937 2958 idem
1984 2895 2228 2978 sprevit
2270 2893 2613 2980 Lengerm.

255 2997 574 3065 lectionem
645 3001 908 3063 extrahe.
978 2998 1175 3063 Ashb.
1247 2999 1440 3064 habet
1508 3020 1648 3061 erue
1663 3046 1680 3076 ‚
1755 3000 1889 3064 sine
1956 2998 2149 3064 dubio
2210 3006 2379 3065 recte
2397 3049 2413 3077 ,
2462 3018 2616 3087 pro:

255 3106 418 3171 caede
463 3105 704 3171 silvam
721 3154 739 3184 ‚
786 3104 982 3171 effode
999 3154 1016 3183 ,
1066 3103 1335 3170 eradica.
1384 3103 1772 3169 Dubitatum
1818 3110 1917 3169 est
1962 3105 2227 3171 subinde
2272 3106 2349 3171 de
2388 3106 2616 3171 ruendi

257 3214 574 3277 transitiva
629 3210 1090 3297 significatione
1109 3260 1125 3289 ‚
1191 3232 1318 3276 non
1361 3210 1438 3276 de
1487 3210 1771 3275 eruendi.
1820 3208 1917 3277 Of.
1971 3209 2079 3275 IV.
2128 3210 2261 3278 223
2308 3234 2434 3277 non
2480 3212 2621 3277 cher-

255 3314 866 3403 lybem—eruerent.
931 3316 1044 3381 III.
1114 3315 1240 3381 156
1313 3319 1563 3383 eruitur
1634 3315 1874 3403 templo
1938 3337 2182 3381 census.
2252 3314 2478 3384 Claud.
2543 3318 2619 3383 de

261 3420 438 3488 Itaud.
485 3423 742 3489 Stilich.
790 3423 822 3489 I
873 3422 1000 3489 128
1050 3421 1247 3488 silvas
1290 3423 1566 3488 umbone
1614 3423 1858 3488 ruebat.
1922 3423 2079 3489 Hor.
2130 3422 2261 3489 Sat.
2311 3424 2393 3489 II.
2444 3423 2503 3489 5.
2532 3424 2619 3489 22

262 3528 500 3596 divitias
547 3533 835 3616 aerisque
883 3550 1071 3595 ruam
1112 3529 1213 3594 dic
1258 3550 1470 3616 augur
1515 3549 1793 3594 acervos.
1860 3528 2048 3617 Verg.
2102 3527 2338 3617 Georg.
2385 3530 2436 3595 I.
2493 3529 2619 3596 105

265 3635 665 3723 cumulosque
688 3638 821 3701 ruit
842 3635 1010 3700 male
1035 3637 1296 3722 pinguis
1319 3655 1560 3700 arenae.
1589 3632 1686 3701 Of.
1714 3636 1871 3699 Aen.
1898 3633 1949 3701 I.
1978 3634 2086 3711 35,
2114 3634 2221 3701 85.
2248 3636 2439 3721 Apud
2462 3635 2623 3702 Hor.

263 3738 378 3806 Sat.
422 3741 474 3807 Ι.
517 3742 584 3807 4.
610 3740 697 3807 25
737 3748 920 3808 teneo
961 3742 1128 3829 quod
1167 3741 1324 3807 olim
1360 3740 1678 3827 plerisque
1715 3741 2037 3807 editorum
2058 3741 2335 3827 placuit:
2366 3764 2627 3829 „quem-

263 3849 349 3912 vis
387 3849 604 3915 media
648 3871 784 3913 erue
830 3848 1096 3927 turba‚”
1147 3848 1315 3935 quod
1357 3850 1425 3912 in
1464 3848 1644 3912 bonis
1685 3848 1862 3912 codd.
1906 3847 2002 3928 (F.
2028 3846 2123 3912 M.
2165 3849 2334 3934 apud
2357 3848 2625 3932 Mewes)

261 3950 482 4020 lectum
543 3976 660 4041 per
717 3954 871 4036 ebiye
922 3962 988 4020 et
1034 3955 1200 4037 m'pe
1244 3953 1674 4040 explicatum,
1726 3956 1827 4018 his
1872 3956 1942 4018 in
1992 3954 2134 4019 aliis
2182 3955 2360 4021 codd.
2408 3956 2624 4023 locum

265 4063 466 4141 mein
509 4064 908 4147 exquisitum
944 4060 1206 4126 eruendi
1243 4060 1634 4126 vocabulum
1670 4082 1795 4125 non
1836 4066 1935 4126 est
1957 4062 2622 4148 interpretamentum,

268 4164 362 4229 sed
415 4172 634 4232 contra
679 4166 835 4247 ebiqe
850 4215 867 4244 ,
918 4166 1084 4252 quod
1129 4166 1513 4232 vocabulum
1559 4171 1730 4231 caret
1781 4168 2039 4231 notione
2086 4166 2337 4233 fortuiti
2382 4175 2447 4233 et
2493 4192 2631 4255 pro·

269 4273 480 4337 miscui
496 4321 513 4351 ‚
577 4273 670 4338 ibi
714 4274 1078 4338 necessaria.
1127 4272 1202 4337 In
1248 4293 1321 4338 eo
1369 4294 1622 4359 quoque
1670 4294 1797 4337 non
1845 4293 2075 4359 sequor
2122 4272 2596 4362 Kiesslingium
2611 4326 2627 4355 ‚

271 4378 420 4463 quod
463 4381 787 4469 superiore
833 4401 1024 4446 versu
1060 4385 1216 4457 „aut
1253 4380 1320 4443 ob
1361 4382 1703 4445 avaritiam
1740 4384 1855 4445 aut
1890 4382 2127 4446 misera
2149 4380 2403 4462 (malim
2425 4382 2629 4465 miser)
