3192 5009
1310 377 1645 427 nomme.
2582 360 2667 427 35

292 544 763 631 „Aphroditens
824 542 1188 630 Satzungen
1248 543 1466 625 ffihre,
1516 563 1850 629 gestingen
1896 542 2146 609 werden
2196 543 2381 611 soll”.
2454 543 2671 610 Simili

289 651 368 717 de
429 670 620 716 881188
681 649 950 736 fingitur
1007 652 1132 715 iter
1191 646 1494 715 Galateae
1511 698 1528 726 ,
1597 648 1880 726 „welche
1926 652 2072 729 (wie
2118 652 2189 713 in
2239 648 2333 713 III
2388 650 2499 731 11)
2547 651 2667 716 den

294 756 748 843 „mythischen
794 754 959 821 Stoff
995 776 1078 819 an
1123 756 1262 820 eine
1307 753 1727 820 individuelle
1775 753 2099 820 Situation
2148 775 2228 820 an
2268 777 2347 819 zu
2384 755 2671 843 kniipfen

295 862 467 941 „und
509 862 626 927 11111
672 884 742 927 so
789 861 882 927 als
925 862 1308 949 Erzeugniss
1344 860 1585 949 lyrisch
1626 865 2007 948 angeregter
2047 860 2429 950 Stimmung
2451 862 2672 950 glaub-

293 970 472 1048 „haft
517 990 596 1033 zu
641 970 912 1035 macheu
957 968 1211 1034 sucht’'.

383 1074 508 1141 Sed
545 1082 729 1161 roget
764 1073 1030 1160 aliquis:
1073 1074 1228 1160 quid
1265 1080 1483 1139 contra
1521 1072 1830 1139 Venerem
1869 1075 2193 1139 commisit
2238 1073 2418 1161 Lyde
2438 1124 2453 1153 ,
2504 1098 2667 1162 quae

286 1182 559 1269 fingitur
605 1180 911 1247 tenellula
953 1180 1168 1269 puella
1185 1230 1202 1259 ,
1250 1178 1624 1267 nuptiarum
1672 1200 1893 1266 expers
1941 1185 2007 1245 et
2052 1181 2246 1246 cruda
2285 1182 2490 1248 adhuc
2532 1204 2671 1269 pro-

287 1294 470 1354 tervo
517 1291 784 1366 marito,
832 1306 1116 1373 quaeque
1163 1288 1509 1352 obstinatas
1549 1287 1777 1352 habuit
1814 1306 1997 1351 aures
2036 1307 2188 1373 erga
2225 1288 2445 1353 modos
2484 1292 2673 1356 eroti-

288 1416 394 1461 808
414 1443 431 1473 ,
497 1393 649 1481 (1111(1
709 1396 1033 1460 commisit
1089 1392 1237 1471 illa,
1287 1398 1363 1457 ut
1406 1393 1721 1458 monenda
1765 1395 1849 1457 sit
1895 1396 2252 1460 narratione
2302 1394 2553 1461 sceleris
2604 1402 2669 1462 et

291 1490 530 1588 poenae
577 1497 944 1566 Danaidum
983 1496 1376 1586 impiarum?
1423 1498 1669 1563 Harum
1679 1519 1756 1564 ne
1802 1498 2042 1564 infelici
2089 1520 2237 1565 88811
2279 1507 2391 1565 8111
2429 1504 2673 1568 miseri—

286 1606 500 1673 cordia
558 1606 1102 1695 Hypermnestrae
1162 1604 1416 1691 impelli
1473 1607 1739 1689 poterit,
1805 1612 1881 1668 ut
1927 1604 2159 1669 ludum
2204 1605 2557 1690 puellarem
2605 1611 2671 1672 in

291 1716 534 1799 campis
577 1714 818 1779 incidat
861 1715 1202 1798 minusque
1247 1716 1499 1777 metuat
1545 1713 1727 1797 tangi
1766 1731 1812 1778 ,8
1847 1708 2123 1775 marito?
2172 1709 2352 1792 Quod
2392 1715 2449 1778 si
2486 1713 2674 1780 finxit

291 1818 515 1907 Lyden
533 1868 550 1897 ,
592 1825 666 1883 ut
706 1819 1062 1885 auditorem
1099 1820 1308 1899 (einen
1331 1816 1564 1897 Horer)
1605 1824 1842 1882 crearet
1858 1865 1875 1894 ,
1909 1820 2013 1881 cui
2036 1822 2183 1903 apte
2207 1822 2673 1905 praeciperetur

292 1926 447 1991 11888
506 1923 722 1989 fabula
739 1974 756 2003 ,
802 1928 1014 2011 inepte
1060 1924 1264 1988 finxit.
1313 1922 1446 1988 Nec
1489 1928 1707 1987 tamen
1752 1920 2005 1987 tollitur
2048 1924 2204 1988 haec
2250 1929 2674 2012 repugnantia

295 2033 351 2096 si
412 2035 726 2096 certam
771 2029 1055 2116 aliquam
1101 2028 1384 2116 puellam
1430 2030 1547 2093 81111
1595 2031 1851 2093 8018188
1896 2028 2107 2117 Lydes
2156 2029 2376 2096 docere
2428 2032 2636 2097 voluit
2655 2080 2669 2109 ,

294 2155 456 2222 quae
517 2157 752 2223 poenae
811 2142 1110 2201 maneant
1167 2134 1422 2220 culpam
1469 2135 1588 2199 sub
1636 2131 1830 2199 Orco:
1880 2155 2028 2199 nam
2076 2140 2450 2221 proponitur
2496 2139 2676 2203 nobis

292 2244 813 2307 innocentissima
875 2240 1177 2327 nullaque
1239 2262 1316 2307 811
1378 2246 1556 2327 parte
1606 2262 1754 2305 cum
1799 2238 2189 2305 Danaidibus
2236 2244 2673 2329 comparanda.

294 2348 372 2413 In
419 2353 554 2413 toto
602 2350 882 2413 carmine
927 2347 1090 2413 nihil
1129 2350 1425 2413 convenit
1461 2348 1530 2411 in
1568 2346 1794 2433 Lyden
1828 2346 2053 2411 modos
2084 2340 2512 2427 aversantem,
2553 2352 2677 2415 nisi

295 2475 370 2520 88
418 2473 579 2540 (11188
625 2456 853 2519 cecinit
898 2462 1085 2540 poeta
1133 2454 1208 2519 de
1253 2456 1322 2518 vi
1367 2452 1675 2518 Mercurii
1721 2458 1786 2518 et
1831 2452 2171 2517 testudinis
2217 2454 2295 2518 ad
2340 2456 2676 2521 trahendos

299 2561 610 2625 animatos
656 2564 722 2625 81
766 2562 1139 2624 inanimata.

388 2663 554 2732 Cum
616 2668 824 2751 igitur
889 2664 1065 2731 nulla
1126 2668 1288 2731 ratio
1347 2659 1705 2730 intercedat
1754 2666 1925 2729 inter
1969 2664 2181 2752 Lydes
2222 2668 2431 2731 nescio
2482 2688 2677 2753 quam

297 2770 556 2857 culpam
623 2770 894 2851 (Frevel)
965 2780 1029 2837 et
1096 2772 1345 2837 fabulae
1416 2772 1844 2837 characterem
1905 2770 2213 2837 moralem
2233 2821 2249 2850 ‚
2314 2774 2469 2839 haec
2531 2774 2673 2840 ideo

295 2884 556 2943 tantum
615 2883 909 2945 narratur
971 2899 1008 2943 a
1065 2884 1254 2963 poeta
1273 2926 1288 2955 ,
1355 2884 1429 2941 ut
1496 2877 1769 2943 oblectet
1840 2882 1904 2943 et
1973 2877 2251 2944 detineat
2322 2900 2504 2946 aures
2576 2881 2679 2946 ob-

295 2986 562 3049 stinatae
625 3005 1000 3071 quacunque
1060 2983 1534 3050 narratiuncula
1597 2983 1823 3049 auditu
1870 2984 2148 3048 iucunda
2193 2984 2425 3069 puellis
2444 3035 2461 3065 ,
2516 3007 2676 3052 rem-

296 3110 420 3175 que
484 3092 578 3154 ita
646 3093 941 3177 proponit
1010 3092 1189 3176 quasi
1260 3111 1409 3155 88811
1473 3092 1543 3154 in
1614 3109 1757 3154 eam
1828 3089 2187 3155 devenerit:
2254 3089 2433 3170 Tibi,
2497 3091 2641 3180 lyra
2658 3142 2675 3171 ,

293 3194 649 3261 blandienti
694 3198 882 3261 cessit
930 3193 1275 3274 Cerberus,
1325 3197 1468 3261 risit
1513 3194 1731 3271 Ixion,
1782 3198 2036 3260 stetit
2080 3216 2285 3261 urna
2332 3197 2676 3282 paulum

297 3303 524 3367 sicca
591 3300 1087 3379 Danaidum,
1160 3320 1433 3386 quarum
1491 3321 1592 3365 res
1656 3306 1771 3365 tua
1817 3321 1933 3385 ope
1980 3306 2045 3366 et
2091 3301 2397 3366 Mercurii
2443 3305 2536 3368 ita
2582 3325 2677 3369 ca-

297 3428 447 3473 nere
494 3407 658 3472 mihi
706 3406 910 3485 detur,
959 3412 1036 3471 ut
1082 3407 1374 3472 audiat
1431 3406 1657 3493 Lyde
1706 3412 1823 3487 (vs.
1874 3405 2008 3489 25).
2054 3406 2225 3472 Hinc
2274 3430 2398 3473 non
2444 3412 2678 3474 miran-

299 3512 459 3579 dum
529 3520 641 3578 aut
701 3514 1197 3599 improbandum
1262 3514 1432 3599 quod
1493 3515 1563 3577 in
1609 3516 1749 3599 ipsa
1793 3516 2149 3579 narratione
2197 3513 2427 3579 desinit
2472 3536 2675 3601 neque

299 3619 379 3685 ad
424 3618 708 3704 puellam
753 3619 958 3684 denuo
1004 3641 1070 3685 88
1117 3622 1461 3696 convertit,
1511 3639 1665 3683 nam
1710 3618 1887 3683 nulla
1932 3640 2091 3704 opus
2138 3625 2235 3685 est
2279 3620 2676 3686 conclusione

297 3725 506 3791 ethica
564 3728 634 3789 in
693 3724 925 3790 fabella
972 3727 1154 3790 cuius
1201 3746 1301 3790 res
1347 3724 1510 3789 nihil
1556 3726 1877 3810 pertinent
1923 3724 2001 3789 ad
2047 3724 2273 3810 Lyden
2290 3773 2307 3802 ,
2356 3726 2465 3792 sed
2515 3748 2677 3811 (11188

296 3852 448 3918 prae
509 3830 653 3896 aliis
712 3831 854 3895 ideo
902 3834 962 3896 ei
1007 3833 1331 3908 recitatur,
1381 3832 1533 3916 quia
1579 3836 1872 3894 versatur
1916 3831 1985 3893 in
2034 3833 2271 3895 amoris
2318 3833 2672 3918 peripetiis,

293 3940 665 4025 gratissimo
711 3939 1039 4002 iuventuti
1085 3943 1484 4024 argumento.

389 4042 611 4129 Neque
648 4042 856 4107 multo
893 4042 1090 4107 artior
1125 4064 1398 4107 conexus
1437 4046 1534 4107 est
1570 4043 1739 4105 inter
1776 4036 2079 4107 Galateae
2126 4044 2251 4107 iter
2298 4045 2675 4108 institutum

295 4154 364 4215 81
431 4148 717 4214 fabulam
786 4148 863 4213 de
933 4147 1223 4234 Europae
1295 4147 1466 4233 fug-a.
1539 4145 1709 4211 Nam
1777 4146 1945 4231 quod
2006 4150 2292 4234 cogitant
2347 4148 2547 4235 vulg-0
2596 4150 2673 4215 de

297 4259 581 4320 amatore
599 4302 615 4331 ,
687 4274 880 4339 quem
947 4255 1161 4318 missis
1221 4254 1592 4339 propinquis
1642 4256 1707 4315 et
1752 4254 2009 4328 amicis,
2058 4256 2123 4317 in
2178 4255 2401 4339 hisque
2450 4262 2637 4341 poeta
2655 4304 2672 4334 ,

297 4366 646 4425 sectaretur
709 4356 1006 4435 Galatea,
1073 4361 1172 4424 uti
1233 4358 1488 4445 Europa
1547 4362 1813 4422 taurum
1874 4378 2066 4422 suum
2084 4406 2101 4436 ,
2151 4359 2305 4424 haec
2355 4381 2531 4425 mera
2581 4368 2677 4427 est

297 4468 598 4552 suspicio.
647 4462 1055 4531 Contrarium
1091 4467 1303 4550 potius
1344 4486 1421 4530 ex
1459 4466 1600 4549 ipso
1638 4464 1915 4529 carmine
1956 4465 2187 4533 efficias
2226 4472 2292 4531 81
2332 4464 2501 4532 (11888
2538 4468 2679 4535 11111-
