3192 5009
466 314 601 381 240
1471 334 1820 383 nonnos.

466 504 535 565 in
602 502 1070 585 comparatione
1138 500 1479 566 Homerica
1546 522 1735 566 nemo
1805 503 2122 587 requirat,
2209 498 2320 565 sed
2391 500 2638 586 optimo
2705 499 2852 561 iure

466 609 853 692 requirimus
898 613 974 671 ut
1020 612 1169 692 apta
1212 614 1279 671 et
1324 610 1662 693 perspicua
1707 610 1796 671 sit
1841 610 2080 693 imago.
2129 604 2390 671 Sonitus
2433 626 2586 669 eum
2631 605 2854 667 sonitu

466 714 819 797 comparari
878 718 1090 797 potest
1105 761 1122 790 ,
1182 715 1399 798 itaque
1445 712 1970 800 intellegeremus
1989 761 2006 789 ,
2055 716 2112 777 si
2155 716 2347 797 poeta
2391 731 2544 775 eum
2591 709 2854 795 gemitu

466 820 969 906 Agamemnonis
1036 826 1460 904 comparasset
1526 820 1756 883 tonitru
1773 868 1790 897 ,
1862 820 2014 884 lieet
2077 821 2282 883 risum
2313 822 2630 882 -moveret
2693 812 2854 879 talis

466 928 855 1011 comparatio
898 932 964 990 et
1008 924 1329 991 Homerus
1376 924 1687 1003 ψολόεντα
1735 932 1924 991 voeet
1971 924 2268 1001 κέραυνον,
2316 945 2442 988 non
2482 920 2810 987 στονόεντα
2831 968 2852 997 ,

466 1032 641 1119 quod
674 1031 797 1095 sibi
832 1034 1249 1116 quantumvis
1285 1034 1500 1117 inepte
1538 1034 1834 1117 permisit
1870 1030 2144 1111 Quintus
2187 1030 2580 1115 Smyrnaeus
2600 1025 2668 1091 Π
2689 1024 2851 1091 381.

466 1137 591 1204 Sed
638 1135 794 1223 quid
834 1157 1066 1224 quaeso
1110 1158 1261 1202 cum
1296 1140 1548 1224 gemitu
1588 1159 1928 1203 commune
1965 1138 2158 1202 habet
2183 1132 2460 1223 fulysr?
2505 1134 2856 1219 Propterea

466 1246 674 1332 igitur
728 1246 947 1330 ipsum
1004 1246 1273 1309 tertium
1332 1245 1503 1330 quod
1546 1244 1784 1309 dieitur
1827 1244 2320 1329 comparationis
2361 1244 2496 1307 iam
2539 1238 2700 1305 olim
2747 1238 2862 1303 ob-

466 1351 830 1415 litteratum
890 1370 1027 1415 esse
1081 1352 1399 1435 suspieor3
1464 1350 1533 1414 id
1590 1372 1742 1415 vero
1805 1348 1968 1414 nihil
2014 1348 2190 1415 aliud
2235 1348 2434 1413 fuisse
2479 1367 2675 1434 quam
2703 1346 2862 1431 fre-

468 1456 769 1541 quentiam
830 1475 954 1540 qua
1009 1454 1298 1542 Iuppiter
1356 1455 1646 1543 fulguret
1705 1461 2052 1542 gemetque
2111 1456 2242 1520 dux
2287 1451 2680 1521 Graecorum
2725 1472 2862 1515 non

470 1566 774 1649 suspicor,
836 1562 976 1626 dieo
995 1611 1011 1639 ,
1074 1562 1185 1627 sed
1244 1565 1407 1641 scio;
1470 1566 1610 1649 ipse
1656 1566 1831 1627 enim
1879 1560 2184 1627 Doloniae
2232 1566 2453 1626 auctor
2498 1566 2716 1646 aperte
2763 1560 2866 1622 in-

471 1668 710 1734 dicavit
755 1666 1017 1732 dicendo

832 1768 924 1843 ὧς
973 1772 1231 1836 πυκίν’
1280 1774 1340 1837 ἐν
1390 1774 1711 1847 στήθεσσιν
1759 1773 2201 1853 ἀνεστενάχιζ’
2249 1772 2694 1849 Ἀγαμέμνων.

474 1878 748 1943 Dederat
793 1899 982 1965 ergo,
1030 1880 1085 1943 si
1132 1878 1287 1964 quid
1331 1880 1550 1957 video,
1599 1882 1844 1965 priscus
1890 1884 2126 1957 cantor,
2168 1900 2295 1944 non
2333 1881 2412 1949 ὡς
2454 1878 2506 1941 δ’
2551 1875 2588 1940 3
2599 1902 2685 1942 τε
2737 1902 2774 1939 κ
2793 1900 2824 1939 ε
2849 1924 2870 1953 ,

473 1991 551 2049 ut
594 2005 708 2071 pro
753 1980 901 2048 ὅταν
946 1990 1368 2071 reposuerunt
1412 1992 1728 2051 nostrates
1743 2034 1760 2063 ,
1807 1983 1951 2050 sed:

834 2092 912 2162 ὥς
958 2090 1037 2154 δὲ
1085 2090 1262 2155 πύκ’
1308 2090 1644 2170 ἀστράπτῃ
1694 2088 1868 2162 πόσις
1913 2092 2102 2172 Ἥρης
2152 2090 2456 2169 ἠυκόμοιο.

476 2197 576 2262 Ad
626 2195 1149 2262 πύκαππυκινά
1198 2198 1277 2262 cf.
1327 2208 1353 2261 1
1382 2195 1513 2261 588

839 2303 975 2378 πρίν
1019 2304 1088 2378 γ’
1134 2298 1236 2366 ὅτε
1286 2304 1357 2375 δὺ
1406 2303 1689 2379 θάλαμος
1737 2301 1886 2367 πύκ’
1934 2300 2269 2379 ἐβάλλετο.

570 2519 778 2586 Κ468
839 2520 927 2595 μὲ
974 2520 1147 2583 λαθοι
1195 2514 1371 2590 αὖτις
1422 2518 1582 2583 ἰόντε
1631 2520 1762 2592 θοὴν
1807 2517 1940 2583 διὰ
1986 2519 2236 2584 νύκτα
2284 2520 2722 2595 μέλαιναν.

837 2627 919 2691 τὼ
943 2628 997 2691 δ’
1022 2625 1259 2702 ἕβάτην
1284 2624 1543 2703 προτέρω
1582 2625 1711 2689 διά
1755 2626 1814 2688 τ’
1853 2622 2095 2690 ἔντεα
2137 2626 2280 2690 καὶ
2323 2626 2584 2703 μέλαν
2628 2618 2873 2701 αἷμα,

840 2726 1010 2809 αἶψα
1059 2730 1114 2795 δ’
1162 2730 1263 2795 ἐπὶ
1317 2736 1559 2809 Θρῃκῶν
1609 2730 1825 2809 ἀνδρῶν
1876 2730 2049 2803 τέλος
2100 2726 2224 2810 ἷξον
2269 2731 2512 2825 ἰόντες..

478 2838 627 2903 Sine
674 2838 1019 2902 sententiae
1064 2835 1295 2900 damno
1333 2856 1429 2899 vs.
1468 2834 1602 2901 469
1645 2836 1859 2901 abesse
1895 2842 2126 2921 potest,
2165 2844 2232 2903 et
2271 2840 2630 2923 suspicetur
2653 2835 2880 2900 forsan

481 2943 712 3029 aliquis
758 2940 951 3006 verba
995 2941 1097 3005 διὰ
1145 2942 1340 3005 νύκτα
1390 2938 1696 3014 μέλαιναν
1745 2961 2116 3029 provocasse
2162 2943 2242 3009 ad
2287 2964 2443 3009 eum
2491 2940 2880 3029 fingendum

480 3046 1003 3133 interpolatorem
1048 3048 1257 3111 neseio
1304 3066 1498 3132 quem
1543 3066 1897 3112 memorem
1933 3046 2512 3132 pulcherrimorum
2555 3069 2878 3116 versuum

488 3164 539 3219 K
570 3150 701 3220 297
726 3174 818 3238 sq.
842 3173 857 3217 ε

842 3256 970 3335 βὰν
1011 3254 1246 3333 δ’ἵμεν’
1286 3253 1360 3327 ὥς
1400 3280 1468 3321 τε
1511 3256 1717 3321 λέοντε
1757 3256 1873 3322 δύω
1916 3258 2048 3323 διὰ
2090 3259 2344 3324 νύκτα
2382 3262 2826 3338 μέλαιναν,

843 3363 939 3439 ἂμ
961 3362 1165 3442 Φόνον,
1194 3360 1268 3427 ἂν
1298 3362 1536 3439 νέκυας,
1563 3362 1691 3426 διά
1733 3366 1792 3426 τ’
1823 3364 2062 3429 ἔντεα
2102 3366 2236 3431 καὶ
2280 3366 2549 3443 μέλαν
2587 3362 2824 3443 αἷμα.

485 3470 667 3537 Nihil
733 3490 884 3535 vero
956 3470 1169 3534 obstat
1238 3470 1579 3552 quominus
1649 3474 2009 3535 statuamus
2067 3474 2194 3557 ipsi
2258 3472 2562 3539 Doloniae
2626 3474 2877 3538 auctori

486 3584 815 3663 tantopere
873 3573 1189 3660 placuisse
1235 3573 1427 3637 verba
1472 3593 1696 3638 sonora
1711 3623 1728 3651 ‚
1781 3582 1859 3638 ut
1901 3575 2272 3643 felicissimo
2321 3580 2584 3643 invento
2629 3581 2878 3644 iterum

488 3688 797 3749 uteretur.
845 3679 969 3746 Sed
1008 3679 1424 3743 manifestum
1464 3684 1757 3745 tenemus
1797 3680 2127 3746 falsarium
2147 3731 2162 3760 ,
2206 3687 2318 3769 qui
2357 3683 2516 3749 olim
2539 3686 2880 3750 convietus

488 3791 565 3855 ab
602 3786 973 3853 Aristarcho
1017 3793 1075 3847 Ψ
1104 3781 1234 3848 806
1272 3784 1670 3869 ineptissime
1702 3785 1987 3852 indidem
2008 3788 2430 3876 interpolavit
2457 3790 2877 3867 versiculum,

490 3916 683 3982 quem
733 3900 901 3957 reete
944 3893 1013 3955 in
1060 3890 1424 3973 marginem
1470 3887 1834 3976 relegarunt
1879 3900 2190 3960 nostrates

848 3995 1065 4077 ψαύσῃ
1112 3993 1164 4059 δ’
1216 3993 1445 4057 ἐνδίνων
1493 3992 1632 4058 3ιά
1679 3997 1737 4058 τ’
1787 3995 2024 4062 ἔντεα
2075 4000 2210 4063 καὶ
2259 4000 2522 4077 μέλαν
2569 3998 2805 4079 αἷμα.

493 4104 617 4174 Cui
680 4104 1075 4191 ingeniosius
1136 4119 1330 4185 quam
1394 4100 1612 4164 verius
1675 4122 1780 4166 me
1843 4103 2053 4169 iudice
2099 4124 2307 4192 nuper
2351 4106 2413 4171 Ν
2415 4110 2642 4174 aberus
2688 4130 2879 4195 opem

492 4212 734 4278 ferebat
780 4210 1141 4275 coniectura
1188 4202 1279 4279 ἔγ
1303 4226 1399 4266 κα
1418 4226 1455 4265 τ
1474 4230 1537 4266 α.
1588 4204 1970 4291 Saepissime
2017 4213 2188 4275 enim
2235 4234 2494 4297 prorsus
2533 4214 2880 4287 ἀδιανόητα

493 4311 943 4401 interstrepere
1010 4309 1353 4379 absurdam
1412 4309 1943 4404 interpolatorum
1992 4319 2314 4389 nationem
2361 4322 2517 4391 satis
2561 4342 2890 4414 superque

490 4444 805 4500 pommus,
