3192 5009
489 214 578 283 30
1516 230 1827 283 moinus.

489 422 680 487 quere
696 448 714 479 ‚
777 397 908 465 615
969 418 1191 465 morsu
1247 402 1341 478 (et
1356 447 1373 476 ,
1435 404 1512 463 ut
1573 420 1688 485 per
1748 419 1813 465 se
1864 402 2126 485 apparet
2143 447 2161 477 ‚
2206 416 2431 464 versus
2474 394 2578 461 illi
2621 392 2865 461 nullius

487 509 886 575 auctoritatis
929 505 983 571 I.
1032 502 1442 585 436—440).

578 615 656 681 In
708 614 804 680 M.
851 611 1130 700 amplius
1176 612 1596 699 quadraginta
1641 617 1892 698 praeter
1935 613 2053 677 hos
2100 612 2558 688 desiderantur,
2606 630 2687 675 ex
2734 608 2873 693 qui-

488 725 608 790 bus
643 721 838 809 longe
875 723 1083 785 maior
1111 740 1258 806 pars
1283 725 1452 783 caret
1475 718 1843 797 offensione;
1886 719 1963 784 of.
1989 718 2305 785 Mnemos.
2333 716 2550 784 XVIII
2572 740 2636 803 p.
2664 714 2704 781 5
2732 736 2864 801 sqq.

492 827 729 897 Contra
772 830 884 913 qui
921 827 1152 892 desunt
1192 828 1263 889 in
1306 825 1386 889 A.
1433 846 1626 910 supra
1657 828 1997 890 memorati
2035 846 2312 891 omnes
2359 830 2552 891 sunt
2600 821 2879 889 subdi-

490 938 688 1002 tioii
747 939 887 999 aut
949 935 1336 1019 graviter
1395 936 1796 1018 suspecti.
1843 932 1945 997 Ad
1988 936 2367 1018 posteriores
2414 932 2614 999 refero
2658 950 2867 996 unum

490 1047 740 1108 tantum
805 1038 944 1105 VII.
994 1038 1148 1116 200,
1210 1058 1405 1123 quem
1465 1059 1586 1125 ego
1650 1060 1800 1103 oum
1844 1038 2153 1105 Kindlero
2198 1045 2451 1105 mutato
2496 1036 2644 1102 sobi-e
2688 1036 2757 1101 in
2800 1038 2871 1101 in

491 1149 654 1212 solus
700 1154 757 1211 et
803 1166 1020 1211 sanare
1065 1146 1276 1211 eonati
1321 1166 1546 1211 sumus
1570 1145 1621 1227 1)
1637 1166 1653 1224 ;
1698 1166 1849 1211 nam
1886 1144 2026 1211 VH.
2070 1144 2155 1210 90
2196 1146 2273 1211 de
2313 1166 2439 1231 quo
2480 1148 2613 1210 iam
2650 1148 2869 1209 aetum

490 1254 538 1320 l.
563 1253 610 1318 1.
674 1275 736 1339 p.
793 1252 897 1330 12,
959 1272 1128 1316 nuno
1187 1272 1314 1315 non
1376 1251 1599 1317 dubito
1663 1254 1818 1337 quin
1885 1251 2142 1318 exulare
2204 1252 2461 1319 debeat:
2537 1249 2870 1329 „involvet

493 1359 762 1446 populos
824 1379 954 1423 una
1010 1358 1267 1423 fortuna
1327 1360 1512 1423 ruina
1526 1404 1544 1435 ‚
1608 1360 1845 1443 [sitque
1887 1359 2227 1424 hominum
2269 1379 2542 1447 mag-nae
2586 1356 2702 1422 lux
2747 1358 2873 1420 ista

492 1469 841 1533 novissima
884 1467 1055 1551 parti
1069 1468 1116 1547 ,]
1165 1470 1382 1541 testor,
1432 1463 1669 1541 Roma,
1719 1470 1934 1531 tamen
1951 1465 2013 1543 ,”
2062 1465 2201 1531 rell.
2247 1465 2506 1551 Reliqui
2549 1484 2677 1529 non
2724 1465 2875 1527 sunt

494 1572 872 1659 simpliciter
915 1572 1214 1657 suspecti,
1263 1570 1372 1635 sed
1417 1572 1552 1636 sine
1589 1570 1783 1636 dubio
1823 1574 2046 1657 spurii.
2084 1568 2208 1636 Vix
2248 1592 2410 1657 opus
2445 1590 2702 1636 monere
2748 1588 2877 1647 eos,

496 1683 608 1766 qui
649 1682 720 1743 in
764 1679 843 1743 A.
893 1677 1135 1755 adsint,
1183 1698 1310 1742 non
1354 1682 1687 1763 propterea
1730 1680 1865 1743 iam
1909 1680 2223 1765 genuinos
2269 1699 2424 1744 esse.

587 1892 727 1959 VH.
778 1889 907 1959 '773
971 1893 1172 1970 „civis
1233 1890 1443 1956 adest:
1509 1911 1629 1956 sua
1686 1912 2003 1978 quemque
2061 1893 2300 1980 premit
2344 1890 2569 1956 oro-oris
2613 1886 2875 1975 imago”

497 2001 556 2066 A
615 2020 813 2064 manu
872 2000 1082 2085 prima
1099 2046 1115 2077 ‚
1164 1997 1334 2083 quod
1376 2020 1465 2063 m.
1518 1995 1557 2061 3
1605 2018 1763 2063 oorr.
1810 2001 1880 2063 in
1924 1996 2270 2085 vulgatum
2324 1998 2589 2062 terroris.
2652 1996 2877 2060 Prema

497 2106 724 2172 moris
767 2111 1050 2170 metrum
1095 2104 1220 2169 fert
1235 2152 1251 2181 ‚
1291 2109 1369 2169 ut
1413 2103 1712 2189 equidem
1751 2107 1991 2191 opinor.
2036 2105 2342 2171 Producit
2386 2104 2611 2170 eodem
2656 2122 2881 2168 versus

496 2213 638 2279 loeo
683 2218 773 2276 -at
817 2212 1113 2276 Lucanus
1155 2209 1240 2274 II.
1291 2209 1420 2276 565
1474 2210 1903 2298 „Pompeium
1951 2215 2219 2277 transire
2269 2216 2470 2298 paret.
2521 2209 2694 2276 Hine
2743 2230 2885 2275 eon-

502 2319 606 2385 sul
668 2317 1001 2402 uterque''.
1066 2315 1662 2402 Hephthemimeris
1714 2321 1977 2384 iuvatur
2018 2320 2321 2383 incisione
2364 2324 2511 2403 post
2555 2319 2725 2381 adest
2742 2365 2759 2394 ,
2808 2321 2886 2379 ut

501 2426 838 2491 manifesto
885 2444 1108 2489 versus
1143 2426 1214 2487 in
1253 2429 1380 2489 tres
1416 2424 1609 2508 probe
1646 2430 1966 2510 separatas
2006 2430 2219 2511 partes
2258 2424 2543 2490 dissidat.
2590 2423 2881 2489 Dubium

502 2553 629 2597 non
693 2536 791 2595 est
857 2532 1070 2614 aptius
1129 2550 1266 2594 esse
1325 2528 1607 2594 horroris
1668 2551 1863 2614 quam
1923 2534 2185 2595 terroris
2248 2530 2670 2610 vocabulum3
2722 2529 2881 2594 dum

505 2640 678 2705 enim
721 2636 981 2702 umbras
1017 2639 1510 2701 interemtorum
1543 2638 1615 2701 in
1650 2638 1917 2702 somniis
1954 2638 2176 2704 vident
2192 2685 2211 2717 ,
2250 2659 2381 2704 non
2420 2642 2558 2703 tam
2580 2641 2884 2703 metuunt

506 2765 702 2830 quam
747 2744 1025 2809 horrent.

597 2849 1049 2929 Quaestionem
1094 2849 1171 2913 de
1215 2848 1521 2934 producta
1564 2847 1742 2913 finali
1785 2851 1855 2913 in
1900 2858 1925 2913 t
1962 2850 2131 2936 apud
2168 2850 2506 2916 Lucanum
2544 2850 2887 2937 diligenter

505 2958 808 3022 tractavit
867 2954 1142 3041 Trampe
1156 3003 1173 3033 ‚
1240 2958 1309 3019 in
1370 2955 1520 3019 diss.
1583 2953 1979 3021 Berolinensi
2024 2976 2080 3021 a.
2134 2956 2241 3022 ’84
2291 2958 2411 3036 „de
2457 2957 2702 3023 Lucani
2748 2964 2883 3023 arte

508 3062 852 3140 metrica‚''
899 3084 962 3148 p.
1012 3060 1074 3139 9,
1101 3082 1234 3147 sqq.
1282 3066 1426 3147 post
1472 3060 1959 3126 Lachmannum
2005 3062 2085 3127 ad
2128 3062 2317 3129 Lucr.
2367 3062 2482 3132 III.
2537 3063 2734 3129 1042.
2784 3062 2885 3127 Ex

509 3172 755 3237 duobus
815 3168 973 3233 loeis
1037 3166 1152 3232 IX.
1205 3165 1334 3234 417
1399 3174 1464 3232 et
1510 3166 1584 3233 V.
1637 3166 1789 3246 522,
1838 3169 2070 3254 quibus
2118 3167 2393 3257 Trampe
2440 3173 2673 3235 statuit
2717 3174 2887 3256 petlt

509 3278 644 3343 ab1t
710 3274 990 3362 perfecta
1057 3294 1191 3339 esse
1208 3322 1226 3352 ,
1299 3273 1461 3339 alter
1521 3274 1859 3339 manifesto
1922 3295 2215 3360 praesens
2278 3276 2472 3342 habet
2517 3279 2885 3362 („quisnam

509 3402 654 3447 mea
720 3388 888 3447 tecta
946 3383 1110 3466 petit
1125 3378 1224 3460 ?'’)
1285 3379 1446 3445 alter
1505 3380 1737 3446 dubius
1797 3402 1930 3447 esse
1992 3388 2205 3468 potest
2252 3386 2529 3463 („maior
2573 3387 2642 3448 in
2686 3405 2885 3450 unam

512 3490 678 3555 orbis
745 3488 879 3553 abit
947 3484 1263 3566 Asiam'’),
1328 3506 1718 3571 quamquam
1779 3489 1940 3553 mihi
1958 3538 1975 3567 ,
2039 3488 2287 3554 collatis
2351 3492 2763 3576 sequentibus
2821 3496 2887 3557 et

510 3618 636 3666 usu
694 3594 994 3681 loquendi
1055 3596 1126 3657 in
1186 3593 1613 3679 geographia:
1678 3594 1871 3674 verqit
1888 3643 1904 3672 ,
1969 3596 2165 3660 bend-it
2183 3645 2199 3675 ,
2248 3618 2311 3661 se
2357 3598 2624 3661 extendit
2640 3646 2657 3676 ‚
2703 3597 2885 3663 τείνει

511 3724 805 3791 praesens
849 3700 1123 3765 videtur.
1173 3699 1300 3765 Sed
1343 3700 1607 3785 perfecti
1651 3700 1855 3765 forma
1903 3700 2095 3767 dubia
2132 3724 2257 3767 non
2294 3708 2392 3769 est
2430 3703 2513 3769 X.
2562 3702 2683 3769 64:
2728 3709 2892 3781 „ter-

511 3813 645 3875 ruit
704 3809 818 3875 ffla
879 3805 1267 3892 (Cleopatra)
1329 3827 1443 3871 suo
1505 3808 1558 3870 si
1620 3806 1713 3871 fas
1776 3804 2092 3892 Capitolia
2154 3812 2341 3875 sistro
2359 3857 2377 3888 ‚
2420 3809 2431 3886 Ι
2472 3816 2539 3875 et
2598 3810 2889 3876 Romana

581 4116 632 4177 1)
685 4114 834 4164 Doleo
883 4116 1004 4177 Aug.
1059 4112 1278 4161 Kindleri
1330 4111 1711 4161 dissertationem
1764 4112 2051 4162 monasterii
2097 4112 2154 4162 ιο
2200 4114 2325 4163 1882
2375 4114 2643 4165 defensam:
2679 4116 2739 4166 de
2772 4118 2888 4168 Luc.

517 4196 814 4248 Pharsaliae
855 4196 1080 4255 versibus,
1125 4194 1210 4259 qui
1253 4194 1423 4243 deant
1470 4194 1522 4243 in
1565 4194 1697 4243 codd.
1738 4194 1947 4258 Μοναίσῃ.
1978 4199 2031 4244 et
2075 4194 2295 4246 Vossius-0
2326 4198 2485 4246 altem
2519 4212 2626 4247 sero
2661 4196 2783 4247 mihi
2816 4198 2889 4247 in·

513 4280 748 4337 notuisse,
803 4291 1091 4341 quemquam
1133 4276 1258 4339 quod
1301 4290 1388 4325 sun
1435 4278 1634 4340 uterque
1682 4275 1760 4325 vin
1792 4292 2070 4341 progressus
2104 4277 2269 4328 eodem
2302 4277 2553 4343 pervenit,
2588 4294 2888 4330 oommnnem

513 4362 796 4414 sententiam
830 4360 1093 4409 confirmat.
