<?xml version="1.0" encoding="UTF-8"?>
<!DOCTYPE html PUBLIC "-//W3C//DTD XHTML 1.0 Transitional//EN"
    "http://www.w3.org/TR/xhtml1/DTD/xhtml1-transitional.dtd">
<html xmlns="http://www.w3.org/1999/xhtml" xml:lang="en" lang="en">
 <head>
  <title>
</title>
<meta http-equiv="Content-Type" content="text/html;charset=utf-8" />
  <meta name='ocr-system' content='tesseract 3.04.00' />
  <meta name='ocr-capabilities' content='ocr_page ocr_carea ocr_par ocr_line ocrx_word'/>
</head>
<body>
  <div class='ocr_page' id='page_1' title='image "./mnemosyne07servgoog_0232.png"; bbox 0 0 3192 5009; ppageno 0'>
   <div class='ocr_carea' id='block_1_1' title="bbox 556 236 1910 307">
    <p class='ocr_par' dir='ltr' id='par_1_1' title="bbox 556 236 1910 307">
     <span class='ocr_line' id='line_1_1' title="bbox 556 236 1910 307; baseline 0.002 -5"><span class='ocrx_word' id='word_1_1' title='bbox 556 236 688 303; x_wconf 81' lang='lat'>224</span> <span class='ocrx_word' id='word_1_2' title='bbox 1564 256 1910 307; x_wconf 67' lang='lat' dir='ltr'>osmunnus.</span> 
     </span>
    </p>
   </div>
   <div class='ocr_carea' id='block_1_2' title="bbox 549 424 3010 4442">
    <p class='ocr_par' dir='ltr' id='par_1_2' title="bbox 549 424 2964 1255">
     <span class='ocr_line' id='line_1_2' title="bbox 556 424 2960 512; baseline 0 -23"><span class='ocrx_word' id='word_1_3' title='bbox 556 428 756 489; x_wconf 86' lang='lat' dir='ltr'>etiam</span> <span class='ocrx_word' id='word_1_4' title='bbox 791 425 981 489; x_wconf 82' lang='lat' dir='ltr'><strong>scribi</strong></span> <span class='ocrx_word' id='word_1_5' title='bbox 1017 445 1200 510; x_wconf 90' lang='lat' dir='ltr'>posse</span> <span class='ocrx_word' id='word_1_6' title='bbox 1219 426 1393 511; x_wconf 76' lang='lat' dir='ltr'>fecit</span> <span class='ocrx_word' id='word_1_7' title='bbox 1410 474 1427 503; x_wconf 87' lang='lat'><strong><em>,</em></strong></span> <span class='ocrx_word' id='word_1_8' title='bbox 1470 446 1666 512; x_wconf 91' lang='lat' dir='ltr'>quam</span> <span class='ocrx_word' id='word_1_9' title='bbox 1703 428 2131 491; x_wconf 90' lang='lat' dir='ltr'>coniecturam</span> <span class='ocrx_word' id='word_1_10' title='bbox 2153 429 2286 490; x_wconf 88' lang='lat' dir='ltr'>iam</span> <span class='ocrx_word' id='word_1_11' title='bbox 2309 432 2456 491; x_wconf 90' lang='lat' dir='ltr'>ante</span> <span class='ocrx_word' id='word_1_12' title='bbox 2478 424 2960 491; x_wconf 86' lang='lat' dir='ltr'>Baehrensium</span> 
     </span>
     <span class='ocr_line' id='line_1_3' title="bbox 557 529 2961 618; baseline 0 -23"><span class='ocrx_word' id='word_1_13' title='bbox 557 531 680 595; x_wconf 85' lang='lat' dir='ltr'>sibi</span> <span class='ocrx_word' id='word_1_14' title='bbox 740 536 959 595; x_wconf 90' lang='lat' dir='ltr'>natam</span> <span class='ocrx_word' id='word_1_15' title='bbox 1018 552 1153 596; x_wconf 89' lang='lat' dir='ltr'>esse</span> <span class='ocrx_word' id='word_1_16' title='bbox 1215 536 1509 597; x_wconf 87' lang='lat' dir='ltr'>testatur.</span> <span class='ocrx_word' id='word_1_17' title='bbox 1575 530 1880 599; x_wconf 86' lang='lat' dir='ltr'>Ceterum</span> <span class='ocrx_word' id='word_1_18' title='bbox 1939 536 2134 618; x_wconf 80' lang='lat' dir='ltr'>negat</span> <span class='ocrx_word' id='word_1_19' title='bbox 2194 529 2532 598; x_wconf 84' lang='lat' dir='ltr'>Catullum</span> <span class='ocrx_word' id='word_1_20' title='bbox 2593 530 2961 596; x_wconf 79' lang='lat' dir='ltr'>adulatoris</span> 
     </span>
     <span class='ocr_line' id='line_1_4' title="bbox 551 638 2962 725; baseline 0 -24"><span class='ocrx_word' id='word_1_21' title='bbox 551 639 765 702; x_wconf 80' lang='lat' dir='ltr'>vicem</span> <span class='ocrx_word' id='word_1_22' title='bbox 803 640 1011 723; x_wconf 84' lang='lat' dir='ltr'>egisse</span> <span class='ocrx_word' id='word_1_23' title='bbox 1050 642 1115 701; x_wconf 93' lang='lat' dir='ltr'>et</span> <span class='ocrx_word' id='word_1_24' title='bbox 1154 658 1341 704; x_wconf 89' lang='lat' dir='ltr'>cenae</span> <span class='ocrx_word' id='word_1_25' title='bbox 1389 660 1455 703; x_wconf 91' lang='lat' dir='ltr'>se</span> <span class='ocrx_word' id='word_1_26' title='bbox 1504 641 1828 703; x_wconf 90' lang='lat' dir='ltr'>insinuare</span> <span class='ocrx_word' id='word_1_27' title='bbox 1877 639 2201 703; x_wconf 77' lang='lat' dir='ltr'>studuisse</span> <span class='ocrx_word' id='word_1_28' title='bbox 2249 660 2449 725; x_wconf 90' lang='lat' dir='ltr'>eoque</span> <span class='ocrx_word' id='word_1_29' title='bbox 2494 638 2772 704; x_wconf 76' lang='lat' dir='ltr'>consilio</span> <span class='ocrx_word' id='word_1_30' title='bbox 2825 658 2962 702; x_wconf 82' lang='lat' dir='ltr'>ora-</span> 
     </span>
     <span class='ocr_line' id='line_1_5' title="bbox 551 742 2964 831; baseline 0 -24"><span class='ocrx_word' id='word_1_31' title='bbox 551 746 798 808; x_wconf 89' lang='lat' dir='ltr'>tionem</span> <span class='ocrx_word' id='word_1_32' title='bbox 844 764 881 809; x_wconf 90' lang='lat' dir='ltr'>a</span> <span class='ocrx_word' id='word_1_33' title='bbox 926 742 1134 809; x_wconf 80' lang='lat' dir='ltr'>Sestio</span> <span class='ocrx_word' id='word_1_34' title='bbox 1180 747 1483 829; x_wconf 76' lang='lat' dir='ltr'>petivisse</span> <span class='ocrx_word' id='word_1_35' title='bbox 1500 796 1517 825; x_wconf 89' lang='lat'><em>,</em></span> <span class='ocrx_word' id='word_1_36' title='bbox 1568 745 1677 811; x_wconf 89' lang='lat' dir='ltr'>sed</span> <span class='ocrx_word' id='word_1_37' title='bbox 1725 751 1937 811; x_wconf 87' lang='lat' dir='ltr'>censet</span> <span class='ocrx_word' id='word_1_38' title='bbox 1984 750 2240 831; x_wconf 89' lang='lat' dir='ltr'>poetam</span> <span class='ocrx_word' id='word_1_39' title='bbox 2279 747 2632 810; x_wconf 86' lang='lat' dir='ltr'>invitatum</span> <span class='ocrx_word' id='word_1_40' title='bbox 2673 745 2761 809; x_wconf 88' lang='lat' dir='ltr'>ab</span> <span class='ocrx_word' id='word_1_41' title='bbox 2805 743 2924 809; x_wconf 87' lang='lat' dir='ltr'>illo</span> <span class='ocrx_word' id='word_1_42' title='bbox 2947 792 2964 821; x_wconf 90' lang='lat'><em>,</em></span> 
     </span>
     <span class='ocr_line' id='line_1_6' title="bbox 550 849 2964 937; baseline 0 -25"><span class='ocrx_word' id='word_1_43' title='bbox 550 870 629 914; x_wconf 91' lang='lat' dir='ltr'>ne</span> <span class='ocrx_word' id='word_1_44' title='bbox 676 849 797 913; x_wconf 86' lang='lat' dir='ltr'>sibi</span> <span class='ocrx_word' id='word_1_45' title='bbox 842 850 1183 915; x_wconf 86' lang='lat' dir='ltr'>tacendum</span> <span class='ocrx_word' id='word_1_46' title='bbox 1228 857 1392 915; x_wconf 87' lang='lat' dir='ltr'>esset</span> <span class='ocrx_word' id='word_1_47' title='bbox 1438 853 1507 915; x_wconf 91' lang='lat' dir='ltr'>in</span> <span class='ocrx_word' id='word_1_48' title='bbox 1556 871 1709 916; x_wconf 87' lang='lat' dir='ltr'>cena</span> <span class='ocrx_word' id='word_1_49' title='bbox 1729 900 1745 929; x_wconf 90' lang='lat'>‚</span> <span class='ocrx_word' id='word_1_50' title='bbox 1789 850 2024 937; x_wconf 84' lang='lat' dir='ltr'>legisse</span> <span class='ocrx_word' id='word_1_51' title='bbox 2070 857 2464 936; x_wconf 79' lang='lat' dir='ltr'>postremam</span> <span class='ocrx_word' id='word_1_52' title='bbox 2501 850 2680 915; x_wconf 81' lang='lat' dir='ltr'>illius</span> <span class='ocrx_word' id='word_1_53' title='bbox 2723 851 2964 915; x_wconf 90' lang='lat' dir='ltr'>oratio-</span> 
     </span>
     <span class='ocr_line' id='line_1_7' title="bbox 551 955 2964 1043; baseline -0 -24"><span class='ocrx_word' id='word_1_54' title='bbox 551 976 702 1019; x_wconf 89' lang='lat' dir='ltr'>nem</span> <span class='ocrx_word' id='word_1_55' title='bbox 722 1003 738 1032; x_wconf 90' lang='lat'><strong><em>,</em></strong></span> <span class='ocrx_word' id='word_1_56' title='bbox 800 960 867 1018; x_wconf 86' lang='lat' dir='ltr'>at</span> <span class='ocrx_word' id='word_1_57' title='bbox 926 976 1078 1020; x_wconf 84' lang='lat' dir='ltr'>vero</span> <span class='ocrx_word' id='word_1_58' title='bbox 1144 963 1401 1041; x_wconf 88' lang='lat' dir='ltr'>repente</span> <span class='ocrx_word' id='word_1_59' title='bbox 1465 956 1788 1022; x_wconf 88' lang='lat' dir='ltr'>adfectum</span> <span class='ocrx_word' id='word_1_60' title='bbox 1834 957 2180 1043; x_wconf 87' lang='lat' dir='ltr'>gravedine</span> <span class='ocrx_word' id='word_1_61' title='bbox 2228 957 2457 1021; x_wconf 88' lang='lat' dir='ltr'>abiisse</span> <span class='ocrx_word' id='word_1_62' title='bbox 2504 960 2575 1021; x_wconf 90' lang='lat' dir='ltr'>in</span> <span class='ocrx_word' id='word_1_63' title='bbox 2611 955 2853 1020; x_wconf 77' lang='lat' dir='ltr'>villam</span> <span class='ocrx_word' id='word_1_64' title='bbox 2897 960 2964 1019; x_wconf 90' lang='lat' dir='ltr'>et</span> 
     </span>
     <span class='ocr_line' id='line_1_8' title="bbox 549 1061 2960 1149; baseline -0.001 -22"><span class='ocrx_word' id='word_1_65' title='bbox 549 1068 923 1149; x_wconf 90' lang='lat' dir='ltr'>recuperata</span> <span class='ocrx_word' id='word_1_66' title='bbox 995 1062 1363 1128; x_wconf 84' lang='lat' dir='ltr'>valetudine</span> <span class='ocrx_word' id='word_1_67' title='bbox 1438 1067 1644 1149; x_wconf 88' lang='lat' dir='ltr'>specie</span> <span class='ocrx_word' id='word_1_68' title='bbox 1727 1066 2087 1149; x_wconf 80' lang='lat' dir='ltr'>gratiarum</span> <span class='ocrx_word' id='word_1_69' title='bbox 2146 1066 2412 1128; x_wconf 85' lang='lat' dir='ltr'>actionis</span> <span class='ocrx_word' id='word_1_70' title='bbox 2482 1063 2562 1128; x_wconf 86' lang='lat' dir='ltr'>ad</span> <span class='ocrx_word' id='word_1_71' title='bbox 2630 1061 2960 1128; x_wconf 82' lang='lat' dir='ltr'>Sabinum</span> 
     </span>
     <span class='ocr_line' id='line_1_9' title="bbox 551 1168 2691 1255; baseline -0.001 -21"><span class='ocrx_word' id='word_1_72' title='bbox 551 1190 805 1235; x_wconf 88' lang='lat' dir='ltr'>carmen</span> <span class='ocrx_word' id='word_1_73' title='bbox 852 1172 1285 1255; x_wconf 89' lang='lat' dir='ltr'>composuisse</span> <span class='ocrx_word' id='word_1_74' title='bbox 1328 1170 1621 1255; x_wconf 84' lang='lat' dir='ltr'>ambigui</span> <span class='ocrx_word' id='word_1_75' title='bbox 1667 1172 1976 1234; x_wconf 86' lang='lat' dir='ltr'>sermonis</span> <span class='ocrx_word' id='word_1_76' title='bbox 2023 1177 2087 1234; x_wconf 89' lang='lat' dir='ltr'>et</span> <span class='ocrx_word' id='word_1_77' title='bbox 2133 1168 2359 1234; x_wconf 91' lang='lat' dir='ltr'>coloris</span> <span class='ocrx_word' id='word_1_78' title='bbox 2405 1168 2691 1254; x_wconf 88' lang='lat' dir='ltr'>plenum.</span> 
     </span>
    </p>

    <p class='ocr_par' dir='ltr' id='par_1_3' title="bbox 558 1274 2961 1659">
     <span class='ocr_line' id='line_1_10' title="bbox 646 1274 2961 1361; baseline -0.001 -22"><span class='ocrx_word' id='word_1_79' title='bbox 646 1274 828 1340; x_wconf 88' lang='lat' dir='ltr'>Idem</span> <span class='ocrx_word' id='word_1_80' title='bbox 910 1278 1078 1340; x_wconf 88' lang='lat' dir='ltr'>inter</span> <span class='ocrx_word' id='word_1_81' title='bbox 1160 1275 1314 1340; x_wconf 90' lang='lat' dir='ltr'>alias</span> <span class='ocrx_word' id='word_1_82' title='bbox 1396 1276 1729 1341; x_wconf 87' lang='lat' dir='ltr'>doctorum</span> <span class='ocrx_word' id='word_1_83' title='bbox 1815 1278 2144 1361; x_wconf 86' lang='lat' dir='ltr'>opiniones</span> <span class='ocrx_word' id='word_1_84' title='bbox 2230 1277 2456 1341; x_wconf 87' lang='lat' dir='ltr'>citavit</span> <span class='ocrx_word' id='word_1_85' title='bbox 2543 1275 2706 1339; x_wconf 88' lang='lat' dir='ltr'>hanc</span> <span class='ocrx_word' id='word_1_86' title='bbox 2803 1293 2961 1357; x_wconf 93' lang='lat' dir='ltr'>quo-</span> 
     </span>
     <span class='ocr_line' id='line_1_11' title="bbox 558 1384 2956 1468; baseline -0.001 -22"><span class='ocrx_word' id='word_1_87' title='bbox 558 1404 682 1468; x_wconf 93' lang='lat' dir='ltr'>que</span> <span class='ocrx_word' id='word_1_88' title='bbox 740 1384 949 1447; x_wconf 90' lang='lat' dir='ltr'>nescio</span> <span class='ocrx_word' id='word_1_89' title='bbox 1011 1384 1195 1446; x_wconf 89' lang='lat' dir='ltr'>cuius</span> <span class='ocrx_word' id='word_1_90' title='bbox 1213 1431 1229 1460; x_wconf 90' lang='lat'>‚</span> <span class='ocrx_word' id='word_1_91' title='bbox 1292 1388 1551 1467; x_wconf 88' lang='lat' dir='ltr'>poetam</span> <span class='ocrx_word' id='word_1_92' title='bbox 1614 1385 1830 1468; x_wconf 90' lang='lat' dir='ltr'>ipsum</span> <span class='ocrx_word' id='word_1_93' title='bbox 1891 1385 1961 1446; x_wconf 92' lang='grc'>111</span> <span class='ocrx_word' id='word_1_94' title='bbox 2007 1402 2160 1447; x_wconf 87' lang='grc'><strong>66116</strong></span> <span class='ocrx_word' id='word_1_95' title='bbox 2209 1384 2563 1447; x_wconf 88' lang='grc'><strong>016110116111</strong></span> <span class='ocrx_word' id='word_1_96' title='bbox 2608 1384 2920 1446; x_wconf 78' lang='lat' dir='ltr'>recitasse</span> <span class='ocrx_word' id='word_1_97' title='bbox 2941 1427 2956 1455; x_wconf 88' lang='lat'><strong>,</strong></span> 
     </span>
     <span class='ocr_line' id='line_1_12' title="bbox 560 1486 2959 1572; baseline -0.001 -20"><span class='ocrx_word' id='word_1_98' title='bbox 560 1493 625 1552; x_wconf 91' lang='lat' dir='ltr'>et</span> <span class='ocrx_word' id='word_1_99' title='bbox 663 1488 827 1553; x_wconf 90' lang='lat' dir='ltr'>hanc</span> <span class='ocrx_word' id='word_1_100' title='bbox 871 1487 1176 1552; x_wconf 86' lang='lat' dir='ltr'>alteram:</span> <span class='ocrx_word' id='word_1_101' title='bbox 1226 1486 1511 1553; x_wconf 81' lang='lat' dir='ltr'>Sestium</span> <span class='ocrx_word' id='word_1_102' title='bbox 1554 1509 1684 1553; x_wconf 89' lang='lat' dir='ltr'>una</span> <span class='ocrx_word' id='word_1_103' title='bbox 1723 1507 1872 1553; x_wconf 87' lang='lat' dir='ltr'>cum</span> <span class='ocrx_word' id='word_1_104' title='bbox 1909 1490 2289 1553; x_wconf 79' lang='lat' dir='ltr'>invitatione</span> <span class='ocrx_word' id='word_1_105' title='bbox 2326 1489 2683 1552; x_wconf 89' lang='lat' dir='ltr'>orationem</span> <span class='ocrx_word' id='word_1_106' title='bbox 2723 1490 2959 1572; x_wconf 85' lang='lat' dir='ltr'>poetae</span> 
     </span>
     <span class='ocr_line' id='line_1_13' title="bbox 560 1596 831 1659; baseline -0.015 1"><span class='ocrx_word' id='word_1_107' title='bbox 560 1596 831 1659; x_wconf 89' lang='lat' dir='ltr'>misisse.</span> 
     </span>
    </p>

    <p class='ocr_par' dir='ltr' id='par_1_4' title="bbox 560 1698 2962 2746">
     <span class='ocr_line' id='line_1_14' title="bbox 650 1698 2962 1785; baseline -0.001 -21"><span class='ocrx_word' id='word_1_108' title='bbox 650 1700 750 1764; x_wconf 91' lang='lat' dir='ltr'>Ab</span> <span class='ocrx_word' id='word_1_109' title='bbox 816 1700 920 1763; x_wconf 88' lang='lat' dir='ltr'>his</span> <span class='ocrx_word' id='word_1_110' title='bbox 989 1701 1623 1785; x_wconf 81' lang='lat' dir='ltr'>interpretationibus</span> <span class='ocrx_word' id='word_1_111' title='bbox 1693 1721 1820 1766; x_wconf 90' lang='lat' dir='ltr'>non</span> <span class='ocrx_word' id='word_1_112' title='bbox 1891 1701 2055 1766; x_wconf 85' lang='lat' dir='ltr'>nihil</span> <span class='ocrx_word' id='word_1_113' title='bbox 2124 1700 2332 1766; x_wconf 84' lang='lat' dir='ltr'>differt</span> <span class='ocrx_word' id='word_1_114' title='bbox 2405 1721 2602 1785; x_wconf 89' lang='lat' dir='ltr'>quam</span> <span class='ocrx_word' id='word_1_115' title='bbox 2671 1698 2962 1785; x_wconf 86' lang='lat' dir='ltr'>protulit</span> 
     </span>
     <span class='ocr_line' id='line_1_15' title="bbox 560 1803 2958 1893; baseline -0 -23"><span class='ocrx_word' id='word_1_116' title='bbox 560 1805 1015 1871; x_wconf 65' lang='lat' dir='ltr'>Bsmnumsms</span> <span class='ocrx_word' id='word_1_117' title='bbox 1076 1809 1144 1870; x_wconf 90' lang='lat' dir='ltr'>in</span> <span class='ocrx_word' id='word_1_118' title='bbox 1206 1803 1455 1872; x_wconf 84' lang='lat' dir='ltr'>Comm.</span> <span class='ocrx_word' id='word_1_119' title='bbox 1522 1804 1763 1873; x_wconf 87' lang='lat' dir='ltr'>Catull.</span> <span class='ocrx_word' id='word_1_120' title='bbox 1813 1828 1870 1871; x_wconf 86' lang='lat' dir='ltr'>a.</span> <span class='ocrx_word' id='word_1_121' title='bbox 1928 1806 2122 1873; x_wconf 85' lang='lat'><strong>1885.</strong></span> <span class='ocrx_word' id='word_1_122' title='bbox 2187 1806 2306 1873; x_wconf 90' lang='lat' dir='ltr'>Ille</span> <span class='ocrx_word' id='word_1_123' title='bbox 2353 1828 2467 1893; x_wconf 90' lang='lat' dir='ltr'>pro</span> <span class='ocrx_word' id='word_1_124' title='bbox 2515 1807 2662 1889; x_wconf 72' lang='lat' dir='ltr'>leqit</span> <span class='ocrx_word' id='word_1_125' title='bbox 2709 1830 2796 1873; x_wconf 87' lang='lat' dir='ltr'>ex</span> <span class='ocrx_word' id='word_1_126' title='bbox 2843 1826 2958 1870; x_wconf 90' lang='lat' dir='ltr'>sua</span> 
     </span>
     <span class='ocr_line' id='line_1_16' title="bbox 560 1912 2956 2000; baseline -0.001 -23"><span class='ocrx_word' id='word_1_127' title='bbox 560 1914 923 1977; x_wconf 88' lang='lat' dir='ltr'>coniectura</span> <span class='ocrx_word' id='word_1_128' title='bbox 1006 1915 1290 1977; x_wconf 84' lang='lat' dir='ltr'>restituit</span> <span class='ocrx_word' id='word_1_129' title='bbox 1354 1913 1528 1999; x_wconf 77' lang='lat' dir='ltr'>fecit</span> <span class='ocrx_word' id='word_1_130' title='bbox 1544 1962 1560 1991; x_wconf 90' lang='lat'><em>,</em></span> <span class='ocrx_word' id='word_1_131' title='bbox 1636 1914 1804 1979; x_wconf 90' lang='lat' dir='ltr'>unde</span> <span class='ocrx_word' id='word_1_132' title='bbox 1878 1915 2034 1979; x_wconf 89' lang='lat' dir='ltr'>haec</span> <span class='ocrx_word' id='word_1_133' title='bbox 2105 1912 2446 1999; x_wconf 80' lang='lat' dir='ltr'>explicatio</span> <span class='ocrx_word' id='word_1_134' title='bbox 2518 1917 2956 2000; x_wconf 84' lang='lat' dir='ltr'>consequitur.</span> 
     </span>
     <span class='ocr_line' id='line_1_17' title="bbox 560 2016 2956 2087; baseline 0 -4"><span class='ocrx_word' id='word_1_135' title='bbox 560 2016 807 2085; x_wconf 81' lang='lat' dir='ltr'>Sestius</span> <span class='ocrx_word' id='word_1_136' title='bbox 853 2019 1024 2083; x_wconf 91' lang='lat' dir='ltr'>edita</span> <span class='ocrx_word' id='word_1_137' title='bbox 1068 2022 1351 2085; x_wconf 90' lang='lat' dir='ltr'>oratione</span> <span class='ocrx_word' id='word_1_138' title='bbox 1399 2025 1656 2085; x_wconf 77' lang='lat' dir='ltr'>vocavlt</span> <span class='ocrx_word' id='word_1_139' title='bbox 1702 2022 1993 2086; x_wconf 90' lang='lat' dir='ltr'>homines</span> <span class='ocrx_word' id='word_1_140' title='bbox 2042 2020 2244 2087; x_wconf 92' lang='lat' dir='ltr'>bellos</span> <span class='ocrx_word' id='word_1_141' title='bbox 2291 2026 2354 2086; x_wconf 90' lang='lat' dir='ltr'>et</span> <span class='ocrx_word' id='word_1_142' title='bbox 2399 2023 2468 2085; x_wconf 88' lang='lat' dir='ltr'>in</span> <span class='ocrx_word' id='word_1_143' title='bbox 2514 2019 2754 2085; x_wconf 88' lang='lat' dir='ltr'>litteris</span> <span class='ocrx_word' id='word_1_144' title='bbox 2805 2021 2956 2085; x_wconf 90' lang='lat' dir='ltr'>emi·</span> 
     </span>
     <span class='ocr_line' id='line_1_18' title="bbox 560 2124 2955 2211; baseline -0 -21"><span class='ocrx_word' id='word_1_145' title='bbox 560 2131 781 2191; x_wconf 89' lang='lat' dir='ltr'>nentes</span> <span class='ocrx_word' id='word_1_146' title='bbox 798 2174 816 2203; x_wconf 91' lang='lat'>,</span> <span class='ocrx_word' id='word_1_147' title='bbox 859 2147 1133 2210; x_wconf 91' lang='lat' dir='ltr'>quorum</span> <span class='ocrx_word' id='word_1_148' title='bbox 1170 2125 1392 2191; x_wconf 88' lang='lat' dir='ltr'>laudes</span> <span class='ocrx_word' id='word_1_149' title='bbox 1432 2128 1769 2211; x_wconf 86' lang='lat' dir='ltr'>exciperet.</span> <span class='ocrx_word' id='word_1_150' title='bbox 1821 2124 2116 2193; x_wconf 88' lang='lat' dir='ltr'>OatuHus</span> <span class='ocrx_word' id='word_1_151' title='bbox 2157 2128 2389 2193; x_wconf 80' lang='lat' dir='ltr'>bonam</span> <span class='ocrx_word' id='word_1_152' title='bbox 2433 2148 2656 2192; x_wconf 90' lang='lat' dir='ltr'>cenam</span> <span class='ocrx_word' id='word_1_153' title='bbox 2679 2128 2955 2191; x_wconf 88' lang='lat' dir='ltr'>minime</span> 
     </span>
     <span class='ocr_line' id='line_1_19' title="bbox 562 2228 2954 2320; baseline -0.001 -22"><span class='ocrx_word' id='word_1_154' title='bbox 562 2237 936 2317; x_wconf 82' lang='lat' dir='ltr'>aspernatus</span> <span class='ocrx_word' id='word_1_155' title='bbox 1022 2235 1230 2318; x_wconf 86' lang='lat' dir='ltr'>coepit</span> <span class='ocrx_word' id='word_1_156' title='bbox 1316 2234 1620 2297; x_wconf 82' lang='lat' dir='ltr'>orationis</span> <span class='ocrx_word' id='word_1_157' title='bbox 1691 2232 2112 2320; x_wconf 85' lang='lat' dir='ltr'>perlegendae</span> <span class='ocrx_word' id='word_1_158' title='bbox 2181 2253 2342 2297; x_wconf 90' lang='lat' dir='ltr'>onus</span> <span class='ocrx_word' id='word_1_159' title='bbox 2413 2236 2735 2318; x_wconf 85' lang='lat' dir='ltr'>suscipere</span> <span class='ocrx_word' id='word_1_160' title='bbox 2755 2281 2772 2309; x_wconf 89' lang='lat'><strong><em>,</em></strong></span> <span class='ocrx_word' id='word_1_161' title='bbox 2847 2228 2954 2295; x_wconf 90' lang='lat' dir='ltr'>sed</span> 
     </span>
     <span class='ocr_line' id='line_1_20' title="bbox 563 2336 2953 2425; baseline -0.002 -21"><span class='ocrx_word' id='word_1_162' title='bbox 563 2345 785 2424; x_wconf 90' lang='lat' dir='ltr'>coepto</span> <span class='ocrx_word' id='word_1_163' title='bbox 844 2360 995 2403; x_wconf 86' lang='lat' dir='ltr'>mox</span> <span class='ocrx_word' id='word_1_164' title='bbox 1044 2339 1291 2404; x_wconf 87' lang='lat' dir='ltr'>destitit</span> <span class='ocrx_word' id='word_1_165' title='bbox 1334 2340 1528 2404; x_wconf 92' lang='lat' dir='ltr'>homo</span> <span class='ocrx_word' id='word_1_166' title='bbox 1573 2340 1845 2424; x_wconf 89' lang='lat' dir='ltr'>probus,</span> <span class='ocrx_word' id='word_1_167' title='bbox 1899 2343 2011 2425; x_wconf 88' lang='lat' dir='ltr'>qui</span> <span class='ocrx_word' id='word_1_168' title='bbox 2059 2341 2182 2405; x_wconf 90' lang='lat' dir='ltr'>sibi</span> <span class='ocrx_word' id='word_1_169' title='bbox 2228 2340 2392 2404; x_wconf 83' lang='lat' dir='ltr'>dixit</span> <span class='ocrx_word' id='word_1_170' title='bbox 2437 2339 2680 2403; x_wconf 63' lang='lat' dir='ltr'>mantin·</span> <span class='ocrx_word' id='word_1_171' title='bbox 2727 2336 2953 2403; x_wconf 72' lang='lat' dir='ltr'>neseio:</span> 
     </span>
     <span class='ocr_line' id='line_1_21' title="bbox 564 2443 2952 2530; baseline -0 -22"><span class='ocrx_word' id='word_1_172' title='bbox 564 2446 782 2508; x_wconf 75' lang='lat' dir='ltr'>bibrum</span> <span class='ocrx_word' id='word_1_173' title='bbox 838 2444 895 2507; x_wconf 66' lang='lat' dir='ltr'>ci</span> <span class='ocrx_word' id='word_1_174' title='bbox 956 2445 1147 2507; x_wconf 70' lang='grc' dir='ltr'>ηιαῖτιε</span> <span class='ocrx_word' id='word_1_175' title='bbox 1207 2452 1293 2508; x_wconf 71' lang='lat' dir='ltr'>est</span> <span class='ocrx_word' id='word_1_176' title='bbox 1346 2468 1565 2530; x_wconf 78' lang='lat' dir='ltr'>nequeo</span> <span class='ocrx_word' id='word_1_177' title='bbox 1615 2446 1870 2509; x_wconf 78' lang='lat' dir='ltr'>laudare</span> <span class='ocrx_word' id='word_1_178' title='bbox 1917 2445 2166 2525; x_wconf 84' lang='lat' dir='ltr'>(Iuven.</span> <span class='ocrx_word' id='word_1_179' title='bbox 2217 2444 2276 2510; x_wconf 88' lang='lat'>3.</span> <span class='ocrx_word' id='word_1_180' title='bbox 2304 2444 2438 2526; x_wconf 89' lang='grc'><strong>41).</strong></span> <span class='ocrx_word' id='word_1_181' title='bbox 2487 2444 2622 2509; x_wconf 90' lang='lat' dir='ltr'>Rus</span> <span class='ocrx_word' id='word_1_182' title='bbox 2667 2446 2810 2510; x_wconf 90' lang='lat' dir='ltr'>abit</span> <span class='ocrx_word' id='word_1_183' title='bbox 2855 2443 2952 2507; x_wconf 89' lang='lat' dir='ltr'>die</span> 
     </span>
     <span class='ocr_line' id='line_1_22' title="bbox 565 2550 2954 2638; baseline -0.002 -21"><span class='ocrx_word' id='word_1_184' title='bbox 565 2552 911 2617; x_wconf 87' lang='lat' dir='ltr'>cenationis</span> <span class='ocrx_word' id='word_1_185' title='bbox 927 2570 945 2627; x_wconf 71' lang='grc' dir='ltr'><strong><em>ς</em></strong></span> <span class='ocrx_word' id='word_1_186' title='bbox 1008 2550 1210 2615; x_wconf 88' lang='lat' dir='ltr'>redux</span> <span class='ocrx_word' id='word_1_187' title='bbox 1272 2550 1626 2616; x_wconf 81' lang='lat' dir='ltr'>absentiam</span> <span class='ocrx_word' id='word_1_188' title='bbox 1687 2554 1781 2617; x_wconf 87' lang='lat' dir='ltr'>ita</span> <span class='ocrx_word' id='word_1_189' title='bbox 1840 2555 2173 2617; x_wconf 86' lang='lat' dir='ltr'>excusavit</span> <span class='ocrx_word' id='word_1_190' title='bbox 2229 2557 2305 2617; x_wconf 90' lang='grc'>111</span> <span class='ocrx_word' id='word_1_191' title='bbox 2365 2558 2634 2617; x_wconf 87' lang='lat' dir='ltr'>venuste</span> <span class='ocrx_word' id='word_1_192' title='bbox 2681 2550 2954 2638; x_wconf 81' lang='lat' dir='ltr'>fingeret</span> 
     </span>
     <span class='ocr_line' id='line_1_23' title="bbox 565 2657 2651 2746; baseline 0 -24"><span class='ocrx_word' id='word_1_193' title='bbox 565 2658 798 2722; x_wconf 87' lang='lat' dir='ltr'>tussim</span> <span class='ocrx_word' id='word_1_194' title='bbox 847 2662 911 2721; x_wconf 94' lang='grc'>61</span> <span class='ocrx_word' id='word_1_195' title='bbox 958 2657 1375 2742; x_wconf 80' lang='lat' dir='ltr'>gravedinem</span> <span class='ocrx_word' id='word_1_196' title='bbox 1421 2679 1499 2723; x_wconf 89' lang='lat' dir='ltr'>ex</span> <span class='ocrx_word' id='word_1_197' title='bbox 1544 2658 1784 2746; x_wconf 82' lang='lat' dir='ltr'>frigore</span> <span class='ocrx_word' id='word_1_198' title='bbox 1831 2661 2138 2724; x_wconf 91' lang='lat' dir='ltr'>orationis</span> <span class='ocrx_word' id='word_1_199' title='bbox 2183 2660 2306 2723; x_wconf 88' lang='lat' dir='ltr'>sibi</span> <span class='ocrx_word' id='word_1_200' title='bbox 2351 2658 2651 2723; x_wconf 87' lang='lat' dir='ltr'>adlatam.</span> 
     </span>
    </p>

    <p class='ocr_par' dir='ltr' id='par_1_5' title="bbox 565 2761 2954 3277">
     <span class='ocr_line' id='line_1_24' title="bbox 654 2761 2950 2850; baseline 0 -24"><span class='ocrx_word' id='word_1_201' title='bbox 654 2761 791 2827; x_wconf 89' lang='lat' dir='ltr'>Has</span> <span class='ocrx_word' id='word_1_202' title='bbox 852 2764 1019 2828; x_wconf 87' lang='lat' dir='ltr'>inter</span> <span class='ocrx_word' id='word_1_203' title='bbox 1078 2784 1141 2829; x_wconf 91' lang='lat' dir='ltr'>se</span> <span class='ocrx_word' id='word_1_204' title='bbox 1206 2766 1530 2849; x_wconf 89' lang='lat' dir='ltr'>opiniones</span> <span class='ocrx_word' id='word_1_205' title='bbox 1594 2768 1990 2850; x_wconf 85' lang='lat' dir='ltr'>comparanti</span> <span class='ocrx_word' id='word_1_206' title='bbox 2052 2772 2316 2850; x_wconf 89' lang='lat' dir='ltr'>apparet</span> <span class='ocrx_word' id='word_1_207' title='bbox 2363 2764 2643 2829; x_wconf 88' lang='lat' dir='ltr'>dubitari</span> <span class='ocrx_word' id='word_1_208' title='bbox 2690 2764 2768 2831; x_wconf 90' lang='lat' dir='ltr'>de</span> <span class='ocrx_word' id='word_1_209' title='bbox 2819 2766 2950 2831; x_wconf 85' lang='lat' dir='ltr'>his:</span> 
     </span>
     <span class='ocr_line' id='line_1_25' title="bbox 569 2868 2954 2959; baseline 0 -24"><span class='ocrx_word' id='word_1_210' title='bbox 569 2870 629 2935; x_wconf 92' lang='lat'>1.</span> <span class='ocrx_word' id='word_1_211' title='bbox 675 2868 917 2933; x_wconf 90' lang='lat' dir='ltr'>Utrum</span> <span class='ocrx_word' id='word_1_212' title='bbox 956 2876 1177 2955; x_wconf 89' lang='lat' dir='ltr'>sponte</span> <span class='ocrx_word' id='word_1_213' title='bbox 1217 2892 1333 2936; x_wconf 89' lang='lat' dir='ltr'>sua</span> <span class='ocrx_word' id='word_1_214' title='bbox 1371 2892 1594 2937; x_wconf 89' lang='lat' dir='ltr'>cenam</span> <span class='ocrx_word' id='word_1_215' title='bbox 1633 2872 1931 2938; x_wconf 89' lang='lat' dir='ltr'>ambierit</span> <span class='ocrx_word' id='word_1_216' title='bbox 1973 2892 2052 2937; x_wconf 83' lang='lat' dir='ltr'>an</span> <span class='ocrx_word' id='word_1_217' title='bbox 2089 2870 2454 2937; x_wconf 81' lang='lat' dir='ltr'>invitatus.&#39;</span> <span class='ocrx_word' id='word_1_218' title='bbox 2491 2871 2552 2936; x_wconf 82' lang='lat'>2.</span> <span class='ocrx_word' id='word_1_219' title='bbox 2601 2871 2954 2959; x_wconf 78' lang='lat' dir='ltr'>Rogaverit</span> 
     </span>
     <span class='ocr_line' id='line_1_26' title="bbox 565 2977 2950 3064; baseline -0.001 -22"><span class='ocrx_word' id='word_1_220' title='bbox 565 2978 957 3061; x_wconf 88' lang='lat' dir='ltr'>acceperitve</span> <span class='ocrx_word' id='word_1_221' title='bbox 1026 2980 1381 3043; x_wconf 86' lang='lat' dir='ltr'>orationem</span> <span class='ocrx_word' id='word_1_222' title='bbox 1450 2978 1529 3043; x_wconf 92' lang='lat' dir='ltr'>ab</span> <span class='ocrx_word' id='word_1_223' title='bbox 1599 2986 1854 3044; x_wconf 86' lang='lat' dir='ltr'>auctore</span> <span class='ocrx_word' id='word_1_224' title='bbox 1925 2998 2004 3043; x_wconf 90' lang='lat' dir='ltr'>an</span> <span class='ocrx_word' id='word_1_225' title='bbox 2071 2977 2330 3043; x_wconf 88' lang='lat' dir='ltr'>aliunde</span> <span class='ocrx_word' id='word_1_226' title='bbox 2411 2978 2535 3042; x_wconf 90' lang='lat' dir='ltr'>sibi</span> <span class='ocrx_word' id='word_1_227' title='bbox 2607 2980 2950 3064; x_wconf 75' lang='lat' dir='ltr'>paraverit.</span> 
     </span>
     <span class='ocr_line' id='line_1_27' title="bbox 568 3082 2952 3169; baseline 0 -21"><span class='ocrx_word' id='word_1_228' title='bbox 568 3082 631 3148; x_wconf 86' lang='lat'>3.</span> <span class='ocrx_word' id='word_1_229' title='bbox 679 3082 1021 3169; x_wconf 85' lang='lat' dir='ltr'>Legeritne</span> <span class='ocrx_word' id='word_1_230' title='bbox 1083 3104 1226 3149; x_wconf 88' lang='lat' dir='ltr'>eam</span> <span class='ocrx_word' id='word_1_231' title='bbox 1287 3084 1463 3149; x_wconf 93' lang='lat' dir='ltr'>domi</span> <span class='ocrx_word' id='word_1_232' title='bbox 1523 3106 1604 3150; x_wconf 89' lang='lat' dir='ltr'>an</span> <span class='ocrx_word' id='word_1_233' title='bbox 1648 3088 1717 3149; x_wconf 91' lang='grc'>111</span> <span class='ocrx_word' id='word_1_234' title='bbox 1765 3086 2081 3150; x_wconf 84' lang='lat' dir='ltr'>convivio.</span> <span class='ocrx_word' id='word_1_235' title='bbox 2156 3082 2216 3147; x_wconf 88' lang='lat'>4.</span> <span class='ocrx_word' id='word_1_236' title='bbox 2269 3082 2718 3150; x_wconf 87' lang='lat' dir='ltr'>Interfueritne</span> <span class='ocrx_word' id='word_1_237' title='bbox 2765 3103 2952 3150; x_wconf 86' lang='lat' dir='ltr'>cenae</span> 
     </span>
     <span class='ocr_line' id='line_1_28' title="bbox 566 3187 2343 3277; baseline 0.001 -24"><span class='ocrx_word' id='word_1_238' title='bbox 566 3210 781 3253; x_wconf 89' lang='lat' dir='ltr'>necne.</span> <span class='ocrx_word' id='word_1_239' title='bbox 853 3187 912 3253; x_wconf 90' lang='lat'>5.</span> <span class='ocrx_word' id='word_1_240' title='bbox 962 3189 1263 3255; x_wconf 87' lang='lat' dir='ltr'>Fueritne</span> <span class='ocrx_word' id='word_1_241' title='bbox 1309 3191 1646 3277; x_wconf 87' lang='lat' dir='ltr'>aegritudo</span> <span class='ocrx_word' id='word_1_242' title='bbox 1694 3190 1998 3256; x_wconf 88' lang='lat' dir='ltr'>simulata</span> <span class='ocrx_word' id='word_1_243' title='bbox 2043 3210 2124 3254; x_wconf 87' lang='lat' dir='ltr'>an</span> <span class='ocrx_word' id='word_1_244' title='bbox 2171 3210 2343 3255; x_wconf 85' lang='lat' dir='ltr'>vera.</span> 
     </span>
    </p>

    <p class='ocr_par' dir='ltr' id='par_1_6' title="bbox 568 3294 2952 3573">
     <span class='ocr_line' id='line_1_29' title="bbox 658 3294 2952 3383; baseline 0.001 -26"><span class='ocrx_word' id='word_1_245' title='bbox 658 3294 734 3357; x_wconf 94' lang='lat' dir='ltr'>In</span> <span class='ocrx_word' id='word_1_246' title='bbox 790 3299 967 3360; x_wconf 88' lang='lat' dir='ltr'>tanta</span> <span class='ocrx_word' id='word_1_247' title='bbox 1010 3318 1228 3361; x_wconf 90' lang='lat' dir='ltr'>rerum</span> <span class='ocrx_word' id='word_1_248' title='bbox 1274 3298 1702 3383; x_wconf 79' lang='lat' dir='ltr'>ambiguitate</span> <span class='ocrx_word' id='word_1_249' title='bbox 1751 3298 2216 3383; x_wconf 86' lang='lat' dir='ltr'>perpendamus</span> <span class='ocrx_word' id='word_1_250' title='bbox 2263 3302 2490 3361; x_wconf 89' lang='lat' dir='ltr'>utrum</span> <span class='ocrx_word' id='word_1_251' title='bbox 2535 3302 2778 3362; x_wconf 89' lang='lat' dir='ltr'>certam</span> <span class='ocrx_word' id='word_1_252' title='bbox 2827 3298 2952 3382; x_wconf 91' lang='lat' dir='ltr'>opi-</span> 
     </span>
     <span class='ocr_line' id='line_1_30' title="bbox 568 3402 2952 3489; baseline -0 -23"><span class='ocrx_word' id='word_1_253' title='bbox 568 3403 826 3467; x_wconf 89' lang='lat' dir='ltr'>nionem</span> <span class='ocrx_word' id='word_1_254' title='bbox 894 3403 1237 3468; x_wconf 88' lang='lat' dir='ltr'>informare</span> <span class='ocrx_word' id='word_1_255' title='bbox 1298 3404 1481 3469; x_wconf 89' lang='lat' dir='ltr'>nobis</span> <span class='ocrx_word' id='word_1_256' title='bbox 1539 3402 1760 3481; x_wconf 86' lang='lat' dir='ltr'>liceat,</span> <span class='ocrx_word' id='word_1_257' title='bbox 1819 3424 1900 3468; x_wconf 90' lang='lat' dir='ltr'>an</span> <span class='ocrx_word' id='word_1_258' title='bbox 1959 3424 2161 3488; x_wconf 90' lang='lat' dir='ltr'>usque</span> <span class='ocrx_word' id='word_1_259' title='bbox 2220 3405 2288 3467; x_wconf 89' lang='lat' dir='ltr'>in</span> <span class='ocrx_word' id='word_1_260' title='bbox 2350 3402 2624 3489; x_wconf 78' lang='lat' dir='ltr'>caligine</span> <span class='ocrx_word' id='word_1_261' title='bbox 2687 3405 2776 3468; x_wconf 89' lang='lat' dir='ltr'>sit</span> <span class='ocrx_word' id='word_1_262' title='bbox 2820 3422 2952 3468; x_wconf 82' lang='lat' dir='ltr'>ver-</span> 
     </span>
     <span class='ocr_line' id='line_1_31' title="bbox 568 3507 1928 3573; baseline 0.004 0"><span class='ocrx_word' id='word_1_263' title='bbox 568 3507 856 3573; x_wconf 86' lang='lat' dir='ltr'>sandum.</span> <span class='ocrx_word' id='word_1_264' title='bbox 1919 3528 1928 3537; x_wconf 88' lang='grc'>’</span> 
     </span>
    </p>

    <p class='ocr_par' dir='ltr' id='par_1_7' title="bbox 563 3613 3010 4124">
     <span class='ocr_line' id='line_1_32' title="bbox 658 3613 3010 3700; baseline -0 -23"><span class='ocrx_word' id='word_1_265' title='bbox 658 3613 751 3677; x_wconf 89' lang='grc' dir='ltr'>Α6</span> <span class='ocrx_word' id='word_1_266' title='bbox 789 3616 1076 3699; x_wconf 90' lang='lat' dir='ltr'>primum</span> <span class='ocrx_word' id='word_1_267' title='bbox 1115 3614 1375 3699; x_wconf 91' lang='lat' dir='ltr'>quidem</span> <span class='ocrx_word' id='word_1_268' title='bbox 1414 3620 1662 3681; x_wconf 89' lang='lat' dir='ltr'>constet</span> <span class='ocrx_word' id='word_1_269' title='bbox 1703 3619 1950 3700; x_wconf 90' lang='lat' dir='ltr'>oportet</span> <span class='ocrx_word' id='word_1_270' title='bbox 1991 3614 2067 3679; x_wconf 89' lang='grc'>116</span> <span class='ocrx_word' id='word_1_271' title='bbox 2109 3620 2432 3699; x_wconf 88' lang='lat' dir='ltr'>postrema</span> <span class='ocrx_word' id='word_1_272' title='bbox 2455 3616 2757 3679; x_wconf 83' lang='lat' dir='ltr'>carminis</span> <span class='ocrx_word' id='word_1_273' title='bbox 2779 3634 2950 3679; x_wconf 81' lang='lat' dir='ltr'>voce.</span> <span class='ocrx_word' id='word_1_274' title='bbox 3001 3640 3010 3647; x_wconf 93' lang='lat'><strong>·</strong></span> 
     </span>
     <span class='ocr_line' id='line_1_33' title="bbox 563 3719 2948 3805; baseline -0 -20"><span class='ocrx_word' id='word_1_275' title='bbox 563 3721 783 3786; x_wconf 84' lang='lat' dir='ltr'>Lectio</span> <span class='ocrx_word' id='word_1_276' title='bbox 846 3720 1137 3785; x_wconf 90' lang='lat' dir='ltr'>codicum</span> <span class='ocrx_word' id='word_1_277' title='bbox 1198 3726 1413 3805; x_wconf 89' lang='lat' dir='ltr'>aperte</span> <span class='ocrx_word' id='word_1_278' title='bbox 1474 3719 1634 3786; x_wconf 88' lang='lat' dir='ltr'>falsa</span> <span class='ocrx_word' id='word_1_279' title='bbox 1699 3726 1796 3786; x_wconf 90' lang='grc'>661</span> <span class='ocrx_word' id='word_1_280' title='bbox 1859 3726 1924 3785; x_wconf 84' lang='grc'>61</span> <span class='ocrx_word' id='word_1_281' title='bbox 1991 3742 2028 3785; x_wconf 87' lang='grc'>6</span> <span class='ocrx_word' id='word_1_282' title='bbox 2078 3723 2366 3798; x_wconf 83' lang='grc'><strong>1161111116,</strong></span> <span class='ocrx_word' id='word_1_283' title='bbox 2417 3726 2734 3805; x_wconf 87' lang='lat' dir='ltr'>quantum</span> <span class='ocrx_word' id='word_1_284' title='bbox 2785 3722 2914 3784; x_wconf 90' lang='lat' dir='ltr'>scio</span> <span class='ocrx_word' id='word_1_285' title='bbox 2933 3766 2948 3795; x_wconf 87' lang='lat'><em>,</em></span> 
     </span>
     <span class='ocr_line' id='line_1_34' title="bbox 566 3825 2954 3913; baseline -0.001 -22"><span class='ocrx_word' id='word_1_286' title='bbox 566 3848 735 3891; x_wconf 92' lang='grc'><strong>1111116</strong></span> <span class='ocrx_word' id='word_1_287' title='bbox 796 3826 1176 3891; x_wconf 85' lang='lat' dir='ltr'>defenditur.</span> <span class='ocrx_word' id='word_1_288' title='bbox 1238 3826 1452 3912; x_wconf 77' lang='lat' dir='ltr'>Igitur</span> <span class='ocrx_word' id='word_1_289' title='bbox 1515 3833 1629 3891; x_wconf 91' lang='lat' dir='ltr'>aut</span> <span class='ocrx_word' id='word_1_290' title='bbox 1677 3825 2132 3913; x_wconf 82' lang='lat' dir='ltr'>refugiendum</span> <span class='ocrx_word' id='word_1_291' title='bbox 2181 3825 2262 3889; x_wconf 86' lang='lat' dir='ltr'>ad</span> <span class='ocrx_word' id='word_1_292' title='bbox 2310 3828 2872 3909; x_wconf 90' lang='lat' dir='ltr'>transpositionem</span> <span class='ocrx_word' id='word_1_293' title='bbox 2917 3844 2954 3888; x_wconf 90' lang='lat' dir='ltr'>a</span> 
     </span>
     <span class='ocr_line' id='line_1_35' title="bbox 567 3930 2951 4018; baseline -0.001 -21"><span class='ocrx_word' id='word_1_294' title='bbox 567 3936 794 4018; x_wconf 86' lang='lat' dir='ltr'>primis</span> <span class='ocrx_word' id='word_1_295' title='bbox 855 3932 1207 3997; x_wconf 88' lang='lat' dir='ltr'>editoribus</span> <span class='ocrx_word' id='word_1_296' title='bbox 1268 3934 1602 4017; x_wconf 90' lang='lat' dir='ltr'>probatam</span> <span class='ocrx_word' id='word_1_297' title='bbox 1663 3933 1810 4013; x_wconf 61' lang='lat' dir='ltr'>leqit</span> <span class='ocrx_word' id='word_1_298' title='bbox 1857 3932 2122 4008; x_wconf 68' lang='lat' dir='ltr'>librum,</span> <span class='ocrx_word' id='word_1_299' title='bbox 2189 3936 2304 3995; x_wconf 90' lang='lat' dir='ltr'>aut</span> <span class='ocrx_word' id='word_1_300' title='bbox 2365 3933 2538 4016; x_wconf 92' lang='lat' dir='ltr'>optio</span> <span class='ocrx_word' id='word_1_301' title='bbox 2586 3930 2874 3995; x_wconf 88' lang='lat' dir='ltr'>facienda</span> <span class='ocrx_word' id='word_1_302' title='bbox 2921 3950 2951 3994; x_wconf 92' lang='grc'>6</span> 
     </span>
     <span class='ocr_line' id='line_1_36' title="bbox 568 4037 2872 4124; baseline -0.001 -19"><span class='ocrx_word' id='word_1_303' title='bbox 568 4042 943 4105; x_wconf 83' lang='grc'><strong>6011166111116</strong></span> <span class='ocrx_word' id='word_1_304' title='bbox 992 4039 1112 4119; x_wconf 73' lang='lat' dir='ltr'>leyi</span> <span class='ocrx_word' id='word_1_305' title='bbox 1160 4045 1225 4103; x_wconf 87' lang='lat' dir='ltr'>et</span> <span class='ocrx_word' id='word_1_306' title='bbox 1253 4038 1455 4124; x_wconf 72' lang='lat' dir='ltr'>fecit,</span> <span class='ocrx_word' id='word_1_307' title='bbox 1505 4060 1655 4103; x_wconf 89' lang='lat' dir='ltr'>nam</span> <span class='ocrx_word' id='word_1_308' title='bbox 1705 4040 1972 4102; x_wconf 89' lang='lat' dir='ltr'>tertium</span> <span class='ocrx_word' id='word_1_309' title='bbox 2021 4037 2158 4101; x_wconf 89' lang='lat' dir='ltr'>dari</span> <span class='ocrx_word' id='word_1_310' title='bbox 2203 4057 2386 4121; x_wconf 88' lang='lat' dir='ltr'>posse</span> <span class='ocrx_word' id='word_1_311' title='bbox 2437 4038 2546 4101; x_wconf 84' lang='lat' dir='ltr'>vix</span> <span class='ocrx_word' id='word_1_312' title='bbox 2590 4037 2872 4102; x_wconf 79' lang='lat' dir='ltr'>videtur.</span> 
     </span>
    </p>

    <p class='ocr_par' dir='ltr' id='par_1_8' title="bbox 570 4142 2956 4442">
     <span class='ocr_line' id='line_1_37' title="bbox 659 4142 2950 4229; baseline 0 -21"><span class='ocrx_word' id='word_1_313' title='bbox 659 4143 1093 4229; x_wconf 78' lang='lat' dir='ltr'>Transpositio</span> <span class='ocrx_word' id='word_1_314' title='bbox 1156 4145 1304 4226; x_wconf 71' lang='lat' dir='ltr'>leqit</span> <span class='ocrx_word' id='word_1_315' title='bbox 1364 4144 1579 4208; x_wconf 76' lang='lat' dir='ltr'>librum</span> <span class='ocrx_word' id='word_1_316' title='bbox 1624 4148 1718 4209; x_wconf 89' lang='lat' dir='ltr'>ita</span> <span class='ocrx_word' id='word_1_317' title='bbox 1763 4150 2019 4208; x_wconf 89' lang='lat' dir='ltr'>tantum</span> <span class='ocrx_word' id='word_1_318' title='bbox 2071 4142 2352 4228; x_wconf 86' lang='lat' dir='ltr'>aliquam</span> <span class='ocrx_word' id='word_1_319' title='bbox 2399 4144 2593 4208; x_wconf 90' lang='grc'><strong>1161161</strong></span> <span class='ocrx_word' id='word_1_320' title='bbox 2639 4146 2918 4229; x_wconf 87' lang='lat' dir='ltr'>speciem</span> <span class='ocrx_word' id='word_1_321' title='bbox 2935 4191 2950 4220; x_wconf 87' lang='lat'><em>,</em></span> 
     </span>
     <span class='ocr_line' id='line_1_38' title="bbox 570 4248 2956 4335; baseline -0.001 -20"><span class='ocrx_word' id='word_1_322' title='bbox 570 4253 626 4315; x_wconf 89' lang='lat' dir='ltr'>si</span> <span class='ocrx_word' id='word_1_323' title='bbox 666 4270 956 4335; x_wconf 84' lang='lat' dir='ltr'>praesens</span> <span class='ocrx_word' id='word_1_324' title='bbox 1004 4256 1260 4335; x_wconf 88' lang='lat' dir='ltr'>tempus</span> <span class='ocrx_word' id='word_1_325' title='bbox 1306 4272 1420 4335; x_wconf 95' lang='lat' dir='ltr'>pro</span> <span class='ocrx_word' id='word_1_326' title='bbox 1469 4251 1687 4326; x_wconf 85' lang='lat' dir='ltr'>futuro</span> <span class='ocrx_word' id='word_1_327' title='bbox 1736 4250 2098 4314; x_wconf 89' lang='lat' dir='ltr'>adhibitum</span> <span class='ocrx_word' id='word_1_328' title='bbox 2151 4250 2547 4326; x_wconf 87' lang='lat' dir='ltr'>aestimetur,</span> <span class='ocrx_word' id='word_1_329' title='bbox 2598 4255 2671 4313; x_wconf 90' lang='lat' dir='ltr'>ut</span> <span class='ocrx_word' id='word_1_330' title='bbox 2710 4248 2956 4314; x_wconf 80' lang='lat' dir='ltr'>Sestius</span> 
     </span>
     <span class='ocr_line' id='line_1_39' title="bbox 573 4354 2952 4442; baseline -0.001 -21"><span class='ocrx_word' id='word_1_331' title='bbox 573 4376 758 4422; x_wconf 88' lang='lat' dir='ltr'>suam</span> <span class='ocrx_word' id='word_1_332' title='bbox 816 4357 955 4440; x_wconf 90' lang='lat' dir='ltr'>ipse</span> <span class='ocrx_word' id='word_1_333' title='bbox 1018 4358 1372 4421; x_wconf 89' lang='lat' dir='ltr'>orationem</span> <span class='ocrx_word' id='word_1_334' title='bbox 1418 4359 1800 4421; x_wconf 88' lang='lat' dir='ltr'>recitaturus</span> <span class='ocrx_word' id='word_1_335' title='bbox 1849 4356 2118 4431; x_wconf 88' lang='lat' dir='ltr'>dicatur,</span> <span class='ocrx_word' id='word_1_336' title='bbox 2169 4354 2714 4439; x_wconf 86' lang='lat' dir='ltr'>quemadmodum</span> <span class='ocrx_word' id='word_1_337' title='bbox 2759 4354 2952 4442; x_wconf 77' lang='lat' dir='ltr'>Ligu-</span> 
     </span>
    </p>
   </div>
  </div>
 </body>
</html>
