3192 5009
1325 1025 1470 1114 AD
1520 1024 2057 1114 TRAGICOS.

1564 1230 1811 1270 sempsvr

1227 1385 1310 1449 H.
1359 1384 1532 1449 VAN
1578 1384 1699 1448 HE
1708 1381 2149 1448 RWERDEN.

1511 1676 1843 1712 —-<>0<>—

591 1930 972 1994 Amemus
1017 1928 1084 1989 in
1141 1925 1364 1988 Glauco
1411 1923 1722 1987 Potniensi
1768 1924 1844 1989 fr.
1895 1923 1981 1989 39
2030 1947 2129 2011 ap.
2179 1925 2337 1991 ch.
2388 1927 2483 1991 ed.
2532 1925 2595 1990 Π

1039 2025 1234 2095 εἷλκον
1283 2029 1333 2094 δ’
1382 2029 1503 2093 ἄνω
1551 2031 1826 2109 λυκηδόν,
1872 2029 2023 2096 ὥστε
2071 2030 2391 2096 διπλόοι

1040 2138 1210 2201 λύκοι
1261 2137 1386 2201 κτὲ.

500 2247 596 2314 Ne
658 2246 825 2333 apud
888 2246 1163 2330 tragicos
1225 2242 1485 2328 quidem
1531 2247 1599 2308 in
1648 2243 1898 2331 dialogo
1946 2245 2233 2311 ferendae
2280 2244 2580 2311 videntur
2625 2245 2879 2311 formae

498 2375 621 2418 non
671 2357 1022 2418 contractae
1040 2399 1056 2427 ,
1105 2348 1310 2434 qualis
1357 2354 1454 2414 est
1502 2348 1765 2414 διπλόος.
1814 2349 2032 2416 Solent
2072 2358 2288 2416 autem
2328 2352 2555 2438 tragici
2591 2351 2702 2415 ubi
2755 2372 2877 2415 1111-

499 2461 662 2524 meri
713 2456 1043 2543 postulant
1088 2455 1360 2519 formam
1410 2453 1809 2540 trissyllabam
1854 2477 2158 2542 usurpare
2206 2456 2517 2522 adiectiva
2563 2457 2875 2536 δίπτυχος

498 2572 563 2632 et
610 2565 966 2643 τρίπτυχος.
1029 2560 1248 2646 Eurip.
1301 2559 1539 2626 Phoen.
1600 2561 1773 2626 1629
1821 2565 2174 2642 τριπτύχων
2213 2569 2446 2642 νεκρῶν,
2487 2562 2673 2644 Herc.
2728 2561 2870 2627 474

498 2669 857 2752 τριπτύχοις
907 2669 1277 2745 τυραννίσιν,
1328 2665 1430 2730 Or.
1485 2665 1656 2731 1513
1706 2667 1967 2740 λαιμοὺς
2016 2669 2427 2748 τριπτύχους,
2482 2668 2639 2734 Hec.
2688 2665 2871 2734 1287

499 2777 833 2854 διπτύχους
897 2772 1165 2848 νεκροὺς,
1228 2772 1462 2837 Phoen.
1534 2771 1706 2836 1363
1756 2773 2071 2855 διπτύχων
2119 2775 2368 2838 παίδων.
2415 2774 2554 2860 Iph.
2603 2773 2675 2838 Τ.
2726 2773 2871 2840 242

497 2887 561 2946 et
613 2879 782 2944 1289
830 2878 935 2956 (cf.
988 2874 1147 2956 4¹74)
1196 2879 1482 2957 δίπτυχοι
1536 2879 1799 2955 νεανίαι,
1842 2878 1941 2943 El.
1989 2878 2162 2945 1238
2202 2879 2487 2960 δίπτυχοι
2534 2881 2871 2958 Διόσκοροι,

495 2986 650 3052 alibi
695 2987 962 3069 saepius,
1011 2982 1323 3048 Similiter
1371 2983 1711 3068 Sophocles
1759 3006 1856 3070 ap.
1908 2984 2117 3050 Schol.
2166 2985 2347 3050 Pind.
2397 2985 2472 3050 N.
2518 2985 2622 3061 VI,
2666 2985 2754 3050 90
2798 2993 2875 3050 et

496 3093 950 3177 Aristophanes
998 3093 1089 3169 (in
1135 3089 1412 3175 parodia)
1462 3091 1631 3183 apud
1678 3091 1829 3155 Ath.
1880 3090 1964 3154 IV
2019 3091 2145 3156 154
2168 3091 2244 3156 E.
2310 3092 2513 3173 Quare
2560 3092 2663 3157 hic
2706 3113 2872 3178 quo—

498 3221 619 3285 que
658 3201 1034 3263 restituatur
1071 3196 1261 3260 δίπτ
1284 3219 1317 3258 υ
1335 3217 1486 3275 χοι.
1537 3196 1731 3262 Deest
1770 3197 2107 3279 τρίπτυχος
2144 3201 2544 3278 (restitutum
2568 3219 2605 3262 a
2628 3196 2871 3264 Weilio

494 3327 606 3392 pro
654 3304 1020 3383 τριύτατον),
1069 3323 1193 3387 quo
1240 3301 1594 3389 Aeschylus
1642 3325 1797 3368 usus
1843 3311 1939 3368 est
1984 3304 2059 3368 fr.
2111 3301 2216 3382 74,
2262 3303 2464 3373 lexico
2503 3304 2870 3391 Aeschyleo

498 3409 822 3477 Dindorfii.

587 3632 765 3698 Idem
811 3633 877 3695 in
923 3627 1280 3693 Heraclidis
1327 3629 1403 3692 fr.
1457 3625 1541 3694 74
1588 3629 1751 3694 ch.

2052 3737 2270 3802 ἐκεῖθεν

675 3843 910 3923 ὄρμενος
960 3841 1262 3923 ὄρθοκέρως
1311 3840 1458 3916 βοῦς
1506 3839 1693 3917 ἥλασ’
1743 3843 1857 3904 ἀπ’
1903 3842 2187 3922 ἐσχάτων

676 3949 904 4029 γαίας,
957 3948 1208 4013 ὠκεανὸν
1259 3947 1532 4027 περάσας
1584 3947 1645 4010 ἓν
1692 3945 1872 4011 δέπαι
1916 3947 2323 4029 χρυσηλάτῳ,

674 4055 939 4136 βοτῆρας
990 4056 1045 4117 τ’
1096 4052 1330 4124 ἀδίκους
1381 4051 1662 4117 κατέκτα
1710 4054 2007 4126 δεσπότην
2053 4078 2123 4117 τε
2171 4055 2505 4135 τρίπτυχον

675 4161 814 4243 τρία
861 4160 992 4236 δόρη
1041 4158 1370 4223 πάλλοντα
1418 4160 1664 4240 χερσίν·

517 4269 532 4282 “
671 4269 812 4346 τρία
861 4265 895 4330 δ
911 4267 989 4330 ιοὶ
1040 4273 1176 4339 τῆς
1225 4267 1387 4338 adven
1437 4265 1751 4343 προτείνων
1796 4274 1953 4347 τρεῖς
2002 4269 2059 4330 τ’
2107 4266 2421 4331 ἐπισσείων
2466 4265 2692 4346 λόφους

670 4381 923 4453 στεῖχεν
971 4370 1091 4443 ἴσος
1135 4371 1308 4452 Ἄρει
1354 4371 1526 4446 βίαν.

489 4481 771 4548 Annotat
813 4477 1038 4543 Nauck
1081 4476 1227 4556 „3122
1276 4485 1383 4550 τῆς
1434 4477 1625 4543 verba
1662 4477 1942 4542 nondum
1980 4486 2231 4556 sanata,
2274 4477 2333 4544 δὲ
2376 4487 2588 4552 λαιαῖς
2628 4477 2852 4545 Weck-
