3192 5009
551 198 636 265 58
1563 218 1937 267 nunnus.

819 380 881 447 N
882 380 988 447 am
1049 403 1253 468 neque
1313 382 1426 449 ille
1483 385 1606 449 hoc
1654 385 1867 449 animo
1913 383 2036 448 erit
2080 387 2355 449 aetatem
2402 383 2607 469 neque
2650 383 2762 469 pol
2806 386 2935 447 ista

2570 488 2742 554 aetas
2788 489 2931 555 tibi.

819 593 952 659 BA.
1000 593 1154 674 Quis
1193 594 1261 658 id
1299 592 1432 659 ait?
1481 594 1613 659 LA.
1641 594 1892 660 Socrus.
1941 594 2075 659 BA.
2100 592 2295 660 Men?
2324 592 2375 677 ¹)
2415 595 2545 660 LA.
2574 594 2662 659 ΤΘ
2684 596 2929 680 ipsam:

2032 706 2099 767 et
2142 701 2351 767 filiam
2396 701 2663 767 abduxit
2709 722 2896 767 suam
2912 750 2931 779 ,

818 807 1229 894 Puerumque
1290 807 1368 872 ob
1433 827 1575 872 eam
1640 806 1776 873 rem
1842 806 2009 873 clam
2074 806 2285 873 voluit
2303 857 2320 885 ‚
2386 806 2575 872 natus
2638 810 2749 892 qui
2794 814 2893 872 est
2914 855 2931 885 ,

2502 912 2933 999 exstinguere.

641 1018 716 1083 In
760 1020 862 1085 his
907 1023 1039 1085 iam
1085 1021 1374 1106 primum
1419 1022 1665 1084 mirum
1709 1019 1966 1084 videtur
2012 1018 2093 1083 ad
2139 1018 2433 1083 Lachetis
2480 1019 2816 1085 consilium
2854 1025 2936 1085 ut

551 1124 753 1190 alium
799 1126 919 1191 sibi
968 1130 1231 1211 quaerat
1271 1128 1556 1191 amicum
1608 1125 1989 1191 Bacchidem
2026 1128 2324 1191 continuo
2364 1125 2738 1213 respondere
2783 1126 2936 1207 Quis

549 1232 620 1295 id
688 1232 832 1295 ait?
899 1236 1080 1319 quasi
1149 1232 1421 1297 dubium
1487 1235 1592 1296 sit.
1668 1228 1774 1295 ‘At
1820 1252 1947 1295 non
1992 1232 2112 1296 hoc
2160 1234 2469 1297 nimirum
2515 1238 2734 1319 rogat,
2785 1234 2933 1317 quis

549 1338 616 1402 id
663 1338 771 1404 det
816 1338 1157 1404 consilium
1174 1389 1189 1416 ,
1239 1338 1552 1403 dementis
1601 1341 1775 1402 cnim
1820 1343 2018 1416 esset;
2068 1336 2232 1402 illud
2273 1341 2431 1403 scire
2468 1337 2617 1403 vult
2654 1359 2935 1424 quonam

553 1450 809 1509 auctore
894 1445 1016 1509 sibi
1087 1443 1207 1509 filii
1285 1448 1711 1529 receptionem
1796 1440 2137 1509 obiecerit.²
2208 1444 2418 1509 Audio
2478 1450 2693 1530 atque*
2738 1444 2935 1530 probe

549 1550 736 1616 video
798 1551 1171 1615 huiusmodi
1217 1550 1459 1636 aliquid
1507 1551 1631 1615 dici
1680 1550 1904 1615 debere
1923 1598 1939 1627 ,
1993 1570 2149 1613 nam
2196 1549 2437 1617 Laches
2484 1572 2635 1616 cum
2680 1572 2938 1635 respon-

554 1656 662 1721 det
703 1662 1027 1722 auctorem
1076 1660 1398 1735 nominat3
1450 1663 1666 1722 tamen
1712 1657 1867 1721 haec
1913 1656 2032 1721 hoc
2072 1655 2211 1720 loco
2249 1659 2457 1741 posita
2494 1659 2934 1743 interrogatiO,

462 1834 472 1840 ,
554 1761 669 1826 ubi
731 1762 1073 1828 consilium
1119 1783 1158 1827 a
1200 1763 1474 1829 Lachete
1523 1763 1750 1828 datum
1795 1765 2094 1828 continuo
2141 1764 2409 1848 excipit,
2462 1784 2665 1848 neque
2710 1784 2823 1850 per
2868 1784 2939 1828 se

553 1866 942 1954 intelligitur
987 1875 1051 1934 et
1099 1890 1248 1934 cum
1295 1869 1815 1953 praecedentibus
1861 1867 2029 1933 male
2076 1871 2508 1956 coniungitur.
2558 1906 2643 1917 —-
2693 1868 2941 1934 Deinde

557 1974 722 2060 quod
790 1974 1054 2040 Bacchis
1117 1997 1211 2040 vs.
1283 1972 1413 2041 744
1476 1975 1792 2041 exclamat
1854 1976 1946 2038 Ah
1967 2023 1983 2052 ‚
2046 1976 2249 2040 animi
2311 1974 2414 2039 vel
2476 1977 2787 2039 commoti
2832 1973 2943 2040 vel

554 2082 950 2166 impatientis
1004 2082 1316 2147 indicium
1335 2130 1351 2159 ,
1415 2103 1494 2146 ne
1557 2084 1695 2146 eius
1758 2080 2019 2165 quidem
2066 2079 2545 2145 exclamationis
2591 2082 2753 2146 ratio
2798 2078 2939 2153 ulla

557 2192 836 2274 apparet.
884 2186 1052 2252 Nam
1097 2190 1438 2273 impatiens
1487 2206 1621 2252 esse
1668 2185 1982 2271 quomodo
2027 2191 2271 2271 potest,
2314 2188 2417 2250 cui
2450 2185 2689 2252 Laches
2727 2185 2939 2250 adhuc

555 2292 719 2357 nihil
764 2293 941 2358 aliud
988 2294 1234 2358 dixerat
1278 2296 1404 2358 nisi
1446 2294 1566 2358 hoc
1612 2315 1795 2355 meum
1835 2298 2101 2373 receptas
2122 2290 2334 2374 fllium
2371 2294 2455 2355 ad
2492 2288 2591 2355 te?
2629 2294 2940 2357 meretrix

558 2410 774 2464 autem
813 2420 940 2464 non
988 2406 1150 2464 esset
1189 2402 1244 2463 si
1281 2400 1348 2464 id
1387 2400 1633 2463 dictum
1672 2401 1963 2462 animum
2004 2400 2140 2462 eius
2184 2397 2583 2483 aliquantum
2625 2403 2937 2463 moveret.

557 2504 643 2569 Et
680 2526 830 2570 mox
867 2504 1116 2570 fortiter
1165 2506 1424 2591 quidem
1471 2505 1580 2569 sed
1621 2506 1833 2569 animo
1876 2507 2031 2569 satis
2068 2503 2411 2589 tranquillo
2450 2503 2687 2569 falsum
2726 2525 2943 2569 rumo-

557 2632 696 2676 rem
755 2611 1072 2676 abiurabit
1127 2618 1248 2693 (vs.
1301 2608 1430 2677 Ι750
1480 2618 1641 2697 sqq).
1694 2648 1780 2659 -
1829 2610 2158 2675 Postremo
2220 2632 2313 2674 vs.
2369 2608 2497 2677 744
2557 2632 2736 2696 pron.
2784 2611 2943 2674 hanc

561 2738 684 2782 non
754 2717 944 2782 habet
1013 2738 1136 2803 quo
1205 2717 1532 2783 referatur.
1606 2717 1846 2782 Laches
1911 2719 2082 2781 enim
2144 2738 2311 2781 nunc
2356 2718 2642 2803 primum
2688 2718 2939 2794 uxoris,

563 2844 756 2909 quam
803 2822 1070 2889 duxerat
1116 2823 1495 2909 Pamphilus
1513 2872 1529 2899 ‚
1575 2826 1970 2889 mentionem
2015 2822 2226 2886 infert.

651 2928 719 2994 Si
758 2950 910 2995 vero
951 2934 1296 2996 statuimus
1335 2951 1558 2996 versus
1602 2928 1732 2995 748
1758 2950 1850 3015 sq.
1893 2928 2163 2993 alicuius
2203 2927 2447 2993 librarii
2485 2948 2690 2993 errore
2708 2976 2727 3005 ‚
2768 2926 2942 3013 quod

560 3056 745 3121 saepe
794 3035 947 3100 alibi
994 3036 1236 3102 factum
1283 3043 1380 3101 est
1397 3086 1414 3114 ,
1462 3035 1681 3101 locum
1726 3042 2007 3099 mutasse
2026 3083 2042 3112 ,
2087 3055 2278 3119 quem
2321 3055 2597 3099 errorem
2634 3055 2747 3119 per
2786 3053 2940 3099 eum

560 3142 980 3229 archetypum
1027 3142 1195 3207 unde
1243 3163 1462 3208 omnes
1507 3142 1659 3207 libri
1706 3141 2069 3207 Terentiani
2114 3140 2385 3205 derivati
2433 3146 2583 3206 sunt
2628 3160 2941 3227 propaga-

562 3254 707 3311 tum
753 3267 922 3313 esse:
974 3248 1124 3313 ordo
1171 3251 1490 3336 genuinus
1539 3249 1642 3313 hic
1687 3254 1803 3314 est.

657 3350 785 3419 743
1252 3354 1384 3419 LA.
1433 3354 1661 3418 Meum
1707 3359 1988 3438 receptas
2028 3350 2237 3417 filium
2276 3351 2355 3416 ad
2395 3357 2458 3417 te
2496 3350 2940 3437 Pamphilum.

655 3456 784 3525 '748
832 3459 962 3524 BA.
1013 3459 1166 3540 Quis
1212 3459 1279 3524 id
1325 3457 1458 3524 ait?
1507 3458 1637 3524 LA.
1688 3458 1937 3524 Socrus.
1991 3457 2121 3521 BA.
2163 3454 2361 3522 Men?
2408 3457 2521 3522 LA
2565 3456 2654 3522 Te
2692 3458 2937 3541 ipsam:

2081 3570 2146 3629 et
2192 3562 2392 3627 filiam
2440 3562 2706 3627 abduxit
2754 3582 2941 3627 suam

657 3668 786 3739 749
833 3672 1243 3757 Puerumque
1301 3670 1380 3736 ob
1443 3691 1586 3736 eam
1646 3691 1785 3735 rem
1832 3668 1997 3735 clam
2042 3666 2253 3735 voluit
2301 3674 2489 3733 natus
2539 3672 2650 3755 qui
2697 3673 2795 3734 est
2838 3690 2942 3733 ex-

2594 3778 2942 3862 stinguere.

663 3880 790 3949 744
839 3882 970 3947 BA.
1020 3883 1143 3947 Ah.
1211 3922 1296 3931 —-
1357 3882 1490 3947 LA.
1539 3881 1690 3947 Sine
1755 3882 1996 3946 dicam:
2062 3881 2224 3945 hanc
2288 3882 2469 3967 prius
2516 3901 2710 3967 quam
2757 3881 2944 3945 duxit

1874 3993 2167 4052 vostrum
2216 4006 2500 4051 amorem
2544 3985 2802 4072 pertuli.
2855 4024 2941 4035 --

839 4093 1064 4159 Mane:
1130 4093 1416 4159 nondum
1477 4096 1674 4159 etiam
1734 4092 1867 4157 dixi
1926 4092 1992 4157 id
2056 4091 2224 4177 quod
2270 4097 2334 4157 te
2377 4090 2578 4157 volui.
2627 4093 2731 4157 hic
2774 4114 2943 4158 nunc

2402 4220 2673 4265 uxorem
2716 4200 2943 4266 habet:

587 4287 916 4299 ..—-——-——-

641 4340 688 4396 l)
724 4337 818 4389 Hic
845 4353 875 4386 a
909 4336 1194 4389 Dziatzkone
1221 4335 1447 4389 dissentio
1476 4340 1526 4387 et
1551 4352 1661 4388 cum
1694 4334 2067 4405 Umpfenbachio
2084 4334 2335 4387 lectionem
2350 4336 2452 4387 eod.
2478 4334 2693 4387 Bembiui
2710 4336 2939 4405 praetuli.
