3192 5009
499 347 631 415 438
1454 374 1540 422 im
1587 373 1912 424 mosmos.

587 529 764 596 Idem
807 535 876 598 in
923 535 1246 614 Phoenice,
1296 538 1372 602 fr.
1422 538 1574 604 805.

584 634 776 704 Hunc
813 637 1028 706 loeum
1067 663 1145 706 ex
1189 665 1335 710 mea
1379 643 1776 731 aliorumque
1824 649 2203 714 coniecturis
2250 650 2341 714 sic
2384 650 2865 714 constituerim:

859 747 1008 812 ἀλλ’
1058 748 1267 814 οὔποτ’
1316 750 1502 822 αὐτὸς
1551 752 1901 825 ἀμπλακὼν
1949 751 2143 818 ἄλλον
2184 754 2399 832 βροτὸν

857 854 1297 933 παραινέσαιμ’
1345 856 1423 922 ἂν
1469 857 1647 922 παισὶ
1696 861 2037 933 προσθεῖναι
2084 860 2277 940 κράτη
2297 909 2315 939 ,

862 959 996 1040 πρὶν
1043 960 1118 1027 ἂν
1167 960 1311 1026 κατ’
1359 962 1546 1029 ὅσσων
1593 963 1872 1047 κιγχάνω
1916 968 2182 1042 μέλας
2232 966 2555 1045 σκότος,

861 1067 924 1130 εἰ
973 1077 1065 1148 λῇ
1115 1067 1395 1150 διαζῆν
1437 1072 1579 1148 πρὸς
1628 1069 1847 1136 τέκνων
1892 1071 2369 1149 τιμώμενος.

498 1167 574 1232 In
619 1170 720 1235 his
765 1174 1046 1255 myxdvy
1092 1197 1204 1261 pro
1247 1179 1542 1259 τυγχάνῃ
1592 1177 1858 1244 debetur
1893 1179 2199 1260 Monkio,
2240 1181 2443 1255 μέλας
2484 1203 2597 1266 pro
2638 1205 2721 1255 με
2762 1180 2871 1244 καὶ

501 1271 758 1355 Grotio,
831 1283 1163 1356 τιμώμενος
1227 1305 1340 1368 pro
1398 1283 1715 1356 νικώμενον
1776 1283 2068 1363 Vitellio,
2135 1287 2187 1351 εἰ
2250 1296 2330 1368 λῇ
2394 1284 2603 1367 διαζῆν
2652 1307 2767 1372 pro
2819 1286 2871 1349 εἴ

500 1384 621 1462 χρὴ
668 1382 918 1450 διελθεῖν
967 1407 1111 1452 mea
1160 1395 1256 1452 est
1299 1391 1621 1455 eorrectio.

592 1599 772 1667 Idem
816 1603 1058 1670 ibidem
1103 1606 1181 1671 fr.
1230 1607 1383 1674 815.

504 1811 559 1878 V
593 1705 667 1770 1¹¹
725 1713 1204 1795 corruptissimo
1266 1713 1625 1802 fragmento
1645 1767 1661 1795 ,
1725 1718 1892 1804 quod
1950 1721 2388 1804 pei-ingeniose
2448 1720 2538 1781 sie
2598 1717 2883 1782 correxit

563 1812 926 1881 alekenaer:

865 1923 1092 2000 δμωσὶν
1139 1925 1194 1989 δ’
1243 1927 1472 2003 ἐμοῖσιν
1519 1924 1686 1994 εἶπον
1731 1933 1808 2003 ώς
1856 1931 2153 2010 καυτήρια

867 2030 926 2102 ἐς
977 2035 1094 2109 πῦρ
1143 2030 1221 2098 13
1236 2057 1302 2098 ει
1348 2035 1454 2098 καὶ
1505 2039 1817 2116 (ταῦτα)
1864 2036 1935 2110 δὴ
1985 2036 2225 2110 διιπετῆ

872 2139 1078 2203 θεῖναι.

507 2235 824 2310 soloeeuin
869 2252 966 2312 est
1014 2244 1090 2310 2³
1109 2269 1138 2310 ε
1156 2269 1175 2308 ι
1193 2296 1209 2324 ,
1257 2269 1372 2334 pro
1419 2269 1544 2333 quo
1593 2248 1626 2312 δ
1648 2249 1675 2312 ἑ
1696 2271 1755 2313 οι
1805 2250 2077 2315 seribere
2122 2248 2408 2314 debebat.

597 2447 778 2514 Idem
821 2452 889 2514 in
937 2449 1201 2529 Phrixo,
1254 2451 1330 2515 fr.
1381 2450 1550 2517 822:

869 2558 1023 2634 γυνὴ
1071 2557 1198 2635 γὰρ
1245 2561 1306 2623 ἐν
1355 2565 1595 2623 κακοῖσι
1644 2557 1749 2623 καὶ
1803 2557 1989 2630 νόσοις
2041 2558 2216 2623 πόσει

874 2657 1111 2738 ἥδιστόν
1157 2664 1325 2743 ἐστι,
1374 2665 1611 2740 δώματ’
1662 2664 1730 2741 ἢν
1778 2668 1905 2746 οἰκῇ
1954 2667 2159 2736 καλῶς

871 2768 1051 2848 ὅργήν
1095 2794 1167 2834 τε
1216 2771 1571 2849 πραΰνουσα
1618 2775 1723 2837 καὶ
1772 2771 2109 2847 δυσθυμίας

871 2877 1084 2957 ψυχὴν
1123 2877 1649 2952 macswid-2331)
1701 2879 2081 2944 κώπώται
2132 2877 2355 2956 Φίλων.

511 2978 846 3066 Ingeniose
907 2980 1230 3061 Schmidt,
1278 2984 1582 3070 probante
1628 2983 1916 3050 Nauekio
1936 3033 1952 3062 ‚
2002 2986 2349 3070 temptavit
2396 2982 2685 3062 κὲπῳδαί
2702 3031 2719 3060 ,
2774 3005 2893 3049 nee

513 3097 729 3153 tamen
772 3089 937 3153 mihi
983 3093 1315 3175 persuasit.
1364 3090 1530 3155 Nam
1568 3113 1732 3156 uxor
1770 3091 2030 3177 quidem
2072 3091 2293 3155 mariti
2328 3093 2493 3154 iram
2518 3089 2891 3155 demulcens

515 3197 779 3280 eiusque
840 3197 1271 3282 aegritudines
1335 3218 1639 3263 amovens
1698 3200 1907 3264 utitur
1970 3200 2152 3284 quasi
2204 3198 2730 3272 incantamentiS,
2780 3193 2895 3260 sed

515 3301 669 3388 quid
730 3322 960 3388 quaeso
1022 3310 1166 3368 tum
1227 3304 1348 3369 sibi
1394 3303 1540 3369 vult
1584 3304 1877 3369 additum
1926 3301 2075 3368 nal?
2122 3303 2439 3368 Ineantari
2486 3304 2661 3368 enim
2710 3322 2895 3366 num·

517 3429 712 3494 quam
771 3430 896 3474 non
959 3414 1056 3474 est
1116 3429 1215 3473 res
1263 3408 1485 3475 duleis.
1534 3406 1774 3476 Contra
1819 3409 2039 3475 eadem
2086 3408 2313 3475 vocula
2360 3409 2709 3474 necessaria
2758 3412 2859 3472 est
2878 3453 2895 3484 ,

516 3517 572 3580 si
639 3521 900 3580 tuemur
966 3514 1298 3602 volgatam
1365 3518 1750 3602 scripturam
1767 3565 1783 3593 ,
1874 3518 2056 3581 euius
2127 3515 2231 3578 hic
2304 3534 2523 3579 sensus
2594 3511 2892 3579 videtur:

523 3619 798 3700 „Dulces
843 3625 1041 3688 etiam
1087 3625 1277 3707 (piae)
1325 3622 1575 3688 fraudes
1623 3630 1774 3688 sunt
1793 3671 1809 3700 ‚
1858 3625 1913 3686 si
1959 3623 2149 3687 amici
2184 3623 2265 3686 iis
2302 3627 2577 3686 utuntur
2612 3619 2692 3685 ad
2726 3622 2896 3684 iram

521 3734 805 3795 nostram
851 3728 1208 3794 leniendam
1252 3729 1469 3794 cett.’'.

615 3948 793 4015 Idem
838 3952 907 4014 in
954 3948 1084 4013 Ino.
1115 3949 1263 4032 fab.
1294 3949 1693 4034 fraqmentis.
1741 3947 1844 4012 Fr.
1896 3945 2049 4026 953,
2078 3945 2154 4012 9:

885 4054 1035 4119 ἀλλ’
1085 4055 1284 4133 ἀγνοῶ
1332 4056 1401 4127 δὴ
1448 4056 1698 4134 τυχὸν
1745 4054 1885 4126 ἴσως
1934 4051 2145 4134 ἄφρων
2195 4055 2315 4131 ἐγὼ

888 4157 1035 4240 οὔατ’,
1089 4163 1191 4225 οὐκ
1236 4161 1312 4226 ἂν
1360 4163 1745 4237 ἀντείποιμι·
1796 4161 1925 4225 κτὲ.

529 4267 705 4334 Num
751 4273 918 4333 reete
964 4266 1224 4352 quidem
1271 4268 1428 4347 τάχ’
1479 4270 1554 4333 ἂν
1603 4288 1716 4352 pro
1764 4266 1955 4346 τυχὸν
2006 4266 2355 4332 substituat
2401 4264 2586 4331 Koek
2624 4266 2899 4330 dubitari

529 4382 737 4464 potest
755 4424 770 4453 ‚
833 4374 942 4440 sed
1003 4372 1166 4439 nihil
1193 4365 1455 4439 'certius
1501 4379 1596 4439 est
1642 4394 1836 4459 quam
1882 4372 2169 4437 funditus
2223 4392 2371 4437 eum
2418 4370 2785 4456 profligasse
2830 4372 2899 4433 in

533 4481 757 4548 Museo
820 4480 1120 4547 Rhenano
1166 4501 1221 4546 a.
1279 4479 1472 4558 1891,
1537 4499 1683 4566 pag.
1734 4476 2094 4545 299—310
2157 4481 2373 4542 inanes
2420 4475 2901 4542 Wilamowitzii
