3192 5009
1179 401 1378 453 mm
1423 402 1508 452 sn
1555 401 1803 453 umes.
2542 382 2671 450 417

757 574 900 638 iuro
947 594 1060 658 per
1104 572 1325 660 Syrios
1369 574 1491 639 tibi
1537 579 1821 638 tumores
1838 621 1854 651 ‚

754 682 896 743 iuro
947 699 1060 764 per
1104 679 1514 766 Berecyntios
1561 679 1823 744 furores.

756 784 924 870 quod
975 785 1111 849 dixi
1156 790 1372 850 tamen
1389 832 1404 862 ‚
1452 785 1570 849 hoc
1612 783 1755 850 leve
1800 790 1867 848 et
1908 782 2221 868 pusillum
2241 831 2257 862 ,

757 890 927 977 quod
975 897 1202 956 notum
1251 897 1381 968 est,
1431 889 1601 977 quod
1649 895 1713 956 et
1755 892 1892 975 ipse
1937 911 2063 954 non
2108 890 2369 976 negabis
2388 937 2404 968 ,

758 996 893 1061 dixi
943 1001 1004 1062 te
1025 1045 1042 1074 ,
1093 995 1392 1064 Coracine
1411 1045 1427 1074 ,
1476 995 1943 1083 cunnilingum.
2082 1076 2090 1084 ι

301 1101 555 1169 Ultima
613 1106 968 1169 accuratius
1031 1101 1538 1168 auscultantibus
1600 1102 1859 1166 auribus
1918 1101 2229 1188 impedita
2274 1122 2476 1188 neque
2522 1105 2677 1167 satis

297 1207 617 1294 explicata
657 1209 1079 1275 videbuntur:
1129 1209 1288 1294 quod
1331 1208 1497 1285 dixi,
1546 1209 1655 1272 hoc
1704 1207 1829 1272 leve
1880 1215 1937 1271 et
1971 1209 2268 1290 pusillum
2316 1215 2485 1289 (est),
2533 1209 2677 1288 (hoc

303 1319 431 1394 est)
477 1316 634 1398 quod
675 1321 873 1378 notum
920 1321 1038 1393 est,
1088 1315 1232 1395 (hoc
1277 1321 1399 1394 est)
1443 1315 1602 1398 quod
1646 1320 1703 1377 et
1748 1313 1879 1396 ipse
1923 1335 2039 1376 non
2084 1315 2342 1394 neqabie.
2409 1313 2677 1401 Elegan-

299 1421 437 1484 tius
495 1420 732 1486 futtilis
792 1425 1010 1506 poeta,
1067 1427 1402 1506 postquam
1450 1423 1749 1507 negavit:
1802 1443 1921 1483 non
1968 1419 2102 1483 dia—i
2149 1427 2208 1484 te
2254 1421 2563 1485 cinaedum
2608 1441 2675 1486 se

301 1528 444 1610 ipse
501 1528 888 1612 interrogat:
963 1527 1114 1611 quid
1171 1526 1305 1589 dixi
1368 1527 1615 1590 tamen?
1674 1529 1813 1612 ipse
1876 1527 2251 1611 respondet:
2300 1527 2407 1590 hoc
2452 1526 2577 1590 leve
2620 1533 2679 1590 et

291 1633 593 1715 pusillum
611 1681 627 1711 ,
673 1634 832 1718 quod
875 1639 1074 1696 notum-
1114 1640 1201 1697 eet
1247 1638 1366 1698 cet.
1415 1632 1550 1696 dia-i
1573 1681 1589 1710 ,
1640 1631 1881 1697 scilicet
1896 1680 1915 1710 ,
1966 1639 2023 1696 te
2068 1631 2495 1714 mmmmm.

1136 2003 1867 2061 ΛΝΟΜΟῙΟΤΗΤΕΣ.

402 2176 666 2245 Constat
709 2178 895 2244 hodie
940 2180 1108 2244 inter
1152 2199 1370 2244 omnes
1391 2226 1405 2254 ,
1453 2180 1523 2243 in
1566 2177 1840 2244 Homeri
1885 2178 2270 2243 carminibus
2318 2178 2676 2264 complures

309 2271 516 2334 inesse
555 2273 1006 2355 repugnantias
1045 2277 1109 2334 et
1147 2269 1668 2334 contradictiones
1688 2318 1703 2346 ‚
1745 2289 1859 2334 nec
1884 2277 2097 2334 tamen
2120 2290 2431 2355 umquam
2456 2291 2677 2336 eorum

314 2363 640 2444 opiniones
678 2360 939 2445 probare
985 2363 1166 2445 potui
1187 2408 1203 2437 ,
1249 2362 1361 2446 qui
1405 2359 1584 2425 illinc
1631 2360 1803 2424 unice
1847 2360 2113 2446 profecti
2159 2381 2455 2446 quaerere
2500 2363 2680 2426 insti-

307 2457 571 2516 tuerunt
614 2450 690 2516 de
736 2449 1204 2516 immortalium
1251 2453 1610 2516 carminum
1657 2453 1901 2537 origine
1948 2471 2019 2516 ac
2061 2453 2392 2536 primitiva
2429 2473 2679 2537 compo—

308 2545 554 2607 sitione.
605 2539 871 2627 Semper
912 2541 1084 2606 idem
1128 2548 1311 2606 teneo
1356 2541 1522 2626 quod
1569 2541 1725 2606 olim
1775 2541 2023 2607 defendi
2060 2543 2126 2604 in
2163 2545 2322 2607 meis
2360 2540 2680 2621 Quaestio-

309 2633 498 2696 nibus
543 2631 900 2698 Homericis
919 2681 934 2709 ‚
977 2653 1178 2717 neque
1215 2652 1438 2718 operae
1477 2635 1759 2718 pretium
1799 2632 1964 2697 foret
2000 2653 2169 2698 nunc
2207 2632 2428 2698 eodem
2453 2634 2675 2710 redire,

309 2725 433 2787 nisi
477 2744 678 2810 nuper
723 2724 984 2788 demum
1031 2725 1471 2808 cognovissem
1517 2722 1671 2809 quid
1711 2719 2021 2789 Goethius
2060 2723 2135 2789 de
2174 2744 2247 2788 ea
2287 2744 2353 2788 re
2390 2727 2675 2789 senserit.

308 2813 478 2878 Nam
525 2835 728 2898 quum
773 2814 936 2878 forte
981 2813 1458 2878 Eckermannus
1505 2813 1564 2878 d.
1621 2812 1703 2878 18
1743 2834 1832 2877 m.
1873 2812 2077 2899 April.
2126 2811 2297 2879 1827
2338 2814 2415 2879 de
2453 2818 2675 2902 regina

307 2903 648 2970 Macbetha
684 2906 1074 2970 mentionem
1111 2906 1464 2980 iniecisset,
1509 2923 1669 2988 quae
1700 2902 1897 2968 simul
1921 2907 1990 2967 in
2014 2904 2341 2991 tragoedia
2362 2908 2677 2990 peperisse

307 3015 421 3060 nec
473 2997 790 3080 peperisse
845 2994 1094 3071 dicitur,
1137 2995 1255 3060 hoc
1295 2993 1482 3060 modo
1522 3003 1710 3079 poeta
1750 2995 1825 3060 de
1864 3002 2051 3080 poeta
2097 2995 2405 3059 iudicium
2452 2995 2677 3060 tulisse

307 3085 540 3152 fertur:
587 3085 757 3162 „Der
793 3085 1055 3150 Dichter
1090 3084 1248 3149 liiszt
1286 3088 1456 3150 seine
1498 3085 1813 3150 Personen
1828 3085 2138 3170 jedesmal
2162 3084 2270 3150 das
2296 3085 2518 3164 reden,
2544 3107 2673 3151 was

307 3177 463 3242 eben
500 3200 580 3240 an
619 3177 814 3239 dieser
852 3175 1032 3239 Stella
1068 3175 1338 3262 geborig
1357 3225 1371 3250 ‚
1414 3175 1717 3239 wirksam
1756 3175 1886 3239 und
1906 3181 2030 3262 gut
2052 3179 2138 3240 ist
2154 3225 2171 3254 ,
2200 3178 2364 3242 ohne
2390 3177 2523 3241 sich
2548 3176 2677 3243 viel

308 3267 434 3332 und
471 3265 786 3354 angstlich
829 3288 907 3330 zu
945 3266 1367 3332 bekiimmern
1406 3266 1537 3331 und
1575 3287 1654 3331 zu
1688 3265 2115 3344 kalkulieren,
2158 3267 2237 3332 ob
2265 3267 2434 3332 disse
2456 3266 2675 3334 Worte

305 3356 632 3423 vieUeicht
693 3359 818 3422 mit
879 3359 1050 3421 einer
1113 3357 1346 3422 andern
1410 3355 1607 3422 Stelle
1664 3359 1729 3421 in
1778 3357 2186 3423 scheinbaren
2223 3356 2673 3444 Widerspruch

305 3455 568 3536 geraten
613 3449 926 3512 mochten.
970 3446 1378 3533 Ueberhaupt
1415 3447 1530 3511 hat
1566 3445 1959 3533 Shakspeare
2000 3448 2101 3513 bei
2140 3450 2354 3513 seinen
2392 3448 2674 3515 Stiicken

306 3538 679 3605 schwerlich
739 3538 930 3603 daran
990 3537 1263 3624 gedacht
1281 3587 1296 3615 ‚
1360 3536 1502 3602 dass
1563 3540 1655 3603 sie
1720 3536 1813 3602 als
1873 3538 2225 3624 gedruckte
2271 3538 2671 3606 Buchstaben

306 3629 634 3716 vorliegen
679 3628 938 3694 wiirden
954 3679 970 3710 ,
1023 3628 1122 3693 die
1167 3649 1320 3694 man
1363 3627 1738 3696 iiberzahlen
1788 3628 1919 3693 und
1962 3650 2173 3715 gegen
2212 3629 2506 3696 einander
2540 3651 2675 3696 ver-

304 3719 601 3808 gleichen
661 3719 792 3784 und
852 3720 1201 3785 berechnen
1263 3719 1548 3798 mochte3
1613 3718 1927 3784 vielmehr
1971 3719 2150 3785 hatte
2189 3741 2258 3785 er
2304 3720 2405 3785 die
2449 3720 2675 3786 Biihne

305 3832 427 3877 vor
473 3813 698 3898 Augen
717 3859 732 3887 ,
782 3807 873 3874 als
921 3831 989 3874 er
1033 3809 1312 3887 schrieb;
1364 3830 1433 3875 er
1479 3809 1593 3874 sah
1640 3812 1809 3875 seine
1855 3809 2093 3875 Stiicke
2140 3809 2233 3875 als
2278 3813 2381 3875 ein
2419 3810 2677 3900 Beweg-

302 3901 502 3967 liches
523 3950 538 3977 ,
598 3900 993 3988 Lebendiges
1041 3921 1120 3965 an
1138 3949 1154 3977 ,
1205 3900 1315 3964 das
1359 3921 1486 3965 von
1534 3899 1655 3964 den
1703 3899 1992 3967 Brettern
2036 3901 2231 3967 herab
2279 3901 2395 3966 den
2445 3901 2674 3990 Augen

303 3992 438 4057 und
506 3991 714 4057 Ohren
783 3991 966 4056 rasch
1037 3990 1556 4056 vorfiberfliessen
1618 3991 1835 4056 wiirde
1852 4041 1869 4069 ,
1935 3990 2045 4055 das
2108 4013 2256 4056 man
2315 3994 2491 4058 nicht
2554 3993 2677 4059 fest

299 4082 522 4149 halten
583 4083 713 4148 und
757 4085 850 4147 im
897 4080 1214 4148 einzelnen
1263 4080 1609 4146 bekritteln
1653 4081 1890 4148 konnte
1908 4130 1923 4159 ,
1973 4081 2104 4146 und
2151 4083 2350 4148 wobei
2395 4103 2461 4147 es
2508 4083 2676 4149 bloss

305 4173 538 4239 darauf
574 4173 808 4238 ankam
825 4221 840 4250 ,
888 4175 1121 4237 immer
1161 4194 1284 4237 nur
1330 4175 1423 4236 im
1469 4176 1993 4259 gegenwartigen
2037 4171 2329 4238 Moment
2375 4174 2674 4239 wirksam

303 4264 437 4329 und
495 4263 848 4329 bedentend
908 4284 985 4327 zu
1048 4263 1248 4329 sein”.
1296 4263 1613 4348 Equidem
1658 4264 1729 4326 in
1774 4264 1891 4329 tali
1940 4283 2006 4327 re
2054 4270 2386 4349 poetarum
2432 4270 2678 4330 senten-

301 4357 428 4420 tias
475 4356 654 4441 sequi
699 4352 869 4419 malo
913 4374 1108 4438 quam
1158 4353 1491 4419 doctorum
1536 4353 2063 4420 umbraticorum.
2222 4443 2267 4510 S
2332 4445 2391 4510 A
2457 4445 2518 4512 N

2318 4626 2382 4679 28
