3192 5009
470 210 602 277 406
1031 269 1037 275 .
1116 228 1203 274 nn
1246 225 1870 275 msuem'rtonmus
1915 225 2216 273 nonnus.

470 399 727 479 „petere
796 412 1171 478 responsum
1240 392 1318 456 ab
1380 391 1736 478 auguribus
1758 439 1774 468 ‚
1839 389 2138 456 adhibere
2202 389 2544 478 augures’'.
2615 387 2856 456 Verum

464 501 617 565 huic
676 499 871 564 verbo
892 547 907 576 ,
974 498 1141 585 quod
1202 518 1344 562 raro
1408 495 1700 562 absolute
1762 498 2042 582 ponitur,
2092 495 2473 582 plerumque
2519 501 2855 582 tamquam

466 608 791 672 obiectum
854 605 1233 691 adiungitur
1277 625 1376 668 res
1424 604 1500 668 de
1548 623 1674 688 qua
1720 605 2002 688 auspicia
2049 603 2354 687 capienda
2397 608 2582 680 sunt3
2633 605 2854 688 itaque

462 712 567 776 hic
627 732 783 776 usus
844 713 981 775 eius
1042 708 1255 787 verbi,
1320 711 1375 773 si
1436 710 1770 772 transitive
1829 710 2111 792 ponitur,
2175 710 2373 773 etiam
2432 706 2669 793 duplex
2732 713 2850 772 est.

464 817 645 897 Quod
706 838 743 881 a
787 818 944 881 viris
991 815 1194 881 doctis
1243 835 1730 899 nonnumquam
1776 817 2142 899 quaesitum
2189 819 2321 891 est,
2372 820 2517 879 uter
2561 815 2630 879 in
2675 816 2856 878 inau-

459 923 907 1010 gurationibus
956 943 1145 1008 agere
1184 923 1400 1007 putari
1439 920 1728 998 deberet,
1771 924 1835 984 et
1873 923 2262 1006 inaugurare
2301 918 2604 985 dicendus
2644 923 2848 996 esset,

460 1050 671 1116 augur
731 1049 812 1092 an
871 1030 1288 1114 magistratus
1348 1027 1715 1092 sacerdosve
1766 1024 1837 1106 ¹),
1873 1025 2212 1091 -facillime
2283 1027 2405 1091 hoc
2470 1026 2659 1091 modo
2730 1024 2853 1090 501-

458 1138 639 1199 vitur
655 1154 672 1212 ;
740 1140 1009 1218 uterque
1080 1135 1257 1198 enim
1314 1135 1703 1218 inaugurare
1768 1133 1894 1197 dici
1955 1137 2169 1218 potest
2188 1181 2205 1209 ,
2273 1135 2426 1217 quia
2485 1135 2585 1196 vis
2649 1132 2848 1196 huius

457 1243 638 1307 verbi
699 1240 909 1305 differt
967 1259 1083 1325 pro
1128 1259 1201 1304 eo
1250 1239 1329 1303 ad
1376 1260 1571 1324 quem
1621 1239 1927 1316 refertur;
1977 1244 2247 1324 uterque
2297 1241 2436 1325 agit
2453 1287 2470 1316 ‚
2519 1237 2630 1308 sed
2675 1260 2848 1300 suum

458 1349 726 1433 quisque
745 1395 760 1423 ,
832 1365 1042 1431 augur
1110 1347 1395 1430 auspicia
1462 1350 1527 1409 et
1594 1364 1972 1430 responsum
2042 1344 2211 1429 quod
2280 1344 2358 1409 ab
2428 1365 2502 1408 80
2579 1345 2846 1428 petitur,

456 1456 877 1540 magistratus
936 1450 1307 1516 sacerdosve
1365 1450 1435 1515 id
1483 1450 1650 1535 quod
1697 1455 2013 1536 augurato
2061 1449 2358 1535 perficere
2403 1447 2570 1514 vult.
2618 1450 2852 1535 Augur

456 1562 666 1623 utitur
726 1557 841 1622 1118
901 1559 1221 1642 spectione
1289 1577 1449 1642 quae
1494 1556 1916 1641 respondendi
1961 1575 2152 1624 081158
2198 1557 2259 1620 81
2305 1554 2452 1620 data
2496 1561 2594 1620 est
2641 1554 2850 1635 (Mne-

454 1687 615 1730 mos.
663 1663 848 1728 XVII
894 1686 956 1749 p.
1006 1662 1139 1727 438
1166 1669 1319 1749 sq.);
1385 1669 1696 1748 quatenus
1758 1665 1896 1747 ipse
1943 1661 2119 1728 solus
2165 1664 2600 1748 auspiciorum
2647 1664 2849 1746 impe-

456 1772 831 1838 trandorum
896 1777 993 1836 est
1050 1769 1244 1841 iudex
1306 1776 1498 1856 atque
1560 1773 1956 1847 aestimator,
2003 1772 2142 1855 ipse
2189 1789 2440 1854 quoque
2487 1767 2661 1833 solus
2711 1771 2848 1846 „in-

456 1877 815 1965 augurare”
881 1879 1260 1963 (augurium
1324 1881 1538 1964 agere)
1605 1882 1848 1961 potest;
1898 1875 2006 1941 sed
2053 1883 2270 1940 tamen
2315 1896 2466 1939 cum
2511 1895 2716 1960 neque
2764 1895 2846 1939 ex

454 1987 593 2050 eius
651 1982 982 2049 voluntate
1043 1981 1314 2067 pendeat
1375 1988 1450 2047 ut
1496 1982 1892 2060 adhibeatur,
1942 2003 2147 2067 neque
2195 2002 2346 2046 vero
2392 1986 2718 2067 praeterea
2763 1979 2845 2044 ad

453 2111 605 2155 eum
666 2091 983 2174 pertineat
1042 2108 1143 2152 res
1206 2088 1283 2152 de
1345 2107 1471 2173 qua
1532 2087 1906 2172 respondere
1953 2088 2271 2165 iubeatur,
2317 2087 2644 2152 inferiores
2689 2091 2842 2150 sunt

451 2201 665 2282 partes
725 2197 865 2259 81115
882 2243 898 2270 ,
961 2200 1026 2258 et
1071 2193 1218 2278 plus
1266 2193 1439 2258 valet
1486 2196 1543 2257 is
1592 2196 1706 2279 qui
1753 2215 1906 2259 eum
1953 2193 2374 2279 respondendi
2419 2213 2608 2258 causa
2651 2190 2838 2256 advo-

451 2303 623 2366 cavit
640 2349 658 2376 ,
708 2301 820 2384 qui
864 2301 1003 2384 ipse
1052 2319 1302 2384 quoque
1348 2299 1583 2364 dicitur
1633 2299 2104 2386 „inaugurare”
2155 2320 2300 2364 eam
2336 2319 2476 2364 rem
2501 2295 2589 2378 ⁹);
2635 2297 2838 2361 mani-

450 2407 690 2472 festum
758 2409 886 2482 est,
957 2405 1076 2469 hoc
1135 2425 1325 2469 sensu
1387 2406 1566 2471 verbi
1629 2425 1906 2492 augures
1968 2405 2146 2470 nullo
2211 2404 2402 2470 modo
2464 2403 2590 2468 dici
2650 2423 2838 2488 posse

451 2509 947 2597 ‚,inaugurare”.
1011 2509 1167 2589 Quis
1228 2511 1423 2575 fuerit
1483 2531 1735 2596 semper
1775 2514 1832 2576 is
1880 2514 1992 2597 (1111
2036 2514 2491 2597 inauguraret,
2536 2509 2604 2574 id
2651 2510 2836 2576 nobis

446 2617 615 2682 infra
672 2622 987 2702 quantum
1032 2614 1171 2680 fieri
1216 2618 1453 2702 poterit
1498 2616 1937 2702 indagandum
1985 2618 2141 2695 erit,
2205 2639 2357 2682 cum
2416 2616 2495 2681 de
2559 2615 2836 2702 singulis

443 2721 1047 2809 inaugurationibus
1098 2741 1386 2806 agamus.
1438 2761 1523 2770 —-
1570 2721 1977 2788 Consuetudo
2022 2723 2452 2810 inaugurandi
2498 2725 2653 2788 satis
2679 2722 2832 2810 'late

444 2831 659 2914 patuit
696 2827 867 2912 apud
902 2826 1257 2906 Romanos3
1299 2827 1511 2894 multa
1550 2834 1616 2893 et
1654 2831 1832 2894 varia
1871 2830 2130 2894 fuerunt
2155 2850 2315 2914 quae
2339 2831 2832 2915 inauguratione

444 2937 676 3000 sanciri
738 2954 923 3019 posse
984 2938 1098 2998 aut
1142 2933 1369 3001 debere
1416 2935 1846 3020 praecipiebat
1894 2934 2178 3000 doctrina
2224 2955 2418 2999 sacra.
2465 2935 2719 2999 Partim
2763 2936 2832 2998 in

444 3043 830 3106 actiones
870 3042 1540 3127 magistratuum
1578 3040 1646 3104 id
1685 3040 1979 3117 cadebat,
2022 3045 2098 3105 ut
2135 3043 2512 3128 inaugurari
2552 3047 2831 3126 possent,

442 3145 649 3210 veluti
692 3147 761 3210 in
806 3145 1125 3230 proelium
1171 3146 1712 3211 committendum
1760 3152 1874 3212 aut
1918 3146 2134 3233 legem
2179 3146 2538 3224 ferendam;
2588 3149 2834 3233 partim

439 3254 508 3315 in
577 3254 1139 3316 caerimonias
1212 3252 1521 3337 quasdam
1594 3252 1935 3318 sollemnes
2003 3253 2082 3317 ad
2151 3273 2327 3318 sacra
2397 3255 2792 3338 pertinentes
2810 3273 2829 3330 3

438 3363 762 3442 praeterea
805 3358 1357 3441 inaugurabantur
1401 3360 1527 3442 ipsi
1572 3359 1956 3423 homines
2003 3357 2218 3444 aliquo
2265 3380 2532 3424 munere
2571 3357 2830 3444 publico

437 3461 545 3527 vel
613 3462 961 3527 sacerdotio
1022 3463 1339 3540 functuri3
1411 3462 1683 3548 denique
1743 3465 2298 3550 inaugurabantur
2364 3463 2565 3529 loca.
2637 3463 2830 3528 Ratio

437 3567 867 3652 inaugurandi
927 3570 995 3630 in
1058 3567 1159 3630 his
1224 3567 1519 3632 omnibus
1586 3568 1804 3633 eadem
1873 3579 2008 3634 erat
2028 3617 2043 3645 ,
2112 3590 2314 3654 neque
2375 3572 2514 3655 ipsa
2575 3571 2828 3636 diversa

437 3679 574 3736 erat
640 3673 718 3736 ab
786 3674 1089 3738 universa
1157 3676 1399 3738 ratione
1470 3676 1939 3759 auspiciorum;
2006 3674 2180 3740 idem
2242 3675 2410 3760 quod
2470 3679 2538 3740 in
2600 3679 2829 3742 ceteris

436 3778 982 3842 observationibus
1027 3781 1457 3864 auspiciorum
1503 3781 1918 3865 exquirebant
1963 3783 2388 3867 magistratus
2435 3787 2499 3846 et
2545 3783 2828 3847 sacerdo—

435 3890 531 3948 tes
594 3884 826 3968 quibus
887 3886 956 3949 in
1018 3905 1091 3949 ea
1153 3905 1219 3948 re
1282 3889 1416 3949 erat
1484 3889 1844 3971 auspicium
1890 3889 2156 3972 (spectio
2204 3907 2283 3950 ex
2329 3889 2469 3952 iure
2517 3888 2820 3974 agendi),

502 4173 558 4234 1)
602 4172 689 4220 cfr.
740 4173 803 4222 Η.
840 4171 1138 4236 Oldenberg,
1190 4173 1247 4221 de
1292 4172 1663 4238 inauguratione
1707 4175 2012 4225 sacerdotum
2059 4177 2416 4238 Romanorum,
2463 4176 2513 4227 in
2550 4178 2823 4228 Commeat.

432 4253 562 4303 Phil.
596 4253 646 4301 in
678 4253 791 4304 hon.
827 4253 915 4303 Th.
953 4255 1247 4314 Mommsen,
1289 4254 1434 4315 1877,
1471 4273 1517 4321 p.
1562 4258 1838 4306 159—162.
1869 4285 1936 4296 -
1971 4257 2026 4323 Β)
2057 4259 2144 4308 cfr.
2185 4259 2290 4310 Liv.
2322 4259 2505 4310 40.42.
2527 4261 2584 4308 8:
2620 4259 2824 4324 ..religio

432 4334 544 4384 inde
580 4335 672 4384 suit
704 4335 1009 4399 pontificibus
1040 4336 1367 4400 inaugurandi
1410 4334 1730 4387 Dolabellae’fl
