3192 5009
1280 218 1592 268 memus.
2535 198 2624 266 23

261 382 650 449 Ptolemaeus
708 387 1046 451 contractis
1105 384 1430 451 vocabulis
1488 387 1860 450 wawtauda
1918 384 2002 449 Π.
2057 384 2135 449 11
2187 384 2335 451 hinc
2380 406 2626 451 novum

259 490 550 577 oppidum
595 490 892 576 procudit
939 491 1392 557 Σιατούτανδα.
1442 490 1683 557 Seneca
1720 492 1796 557 de
1834 490 1939 557 Ira
1976 490 2041 569 2,
2082 512 2147 577 p.
2175 490 2283 556 90.
2317 491 2351 555 1
2396 488 2625 557 Gertz:

263 596 548 682 „quidam
573 596 730 660 omni
752 598 993 661 humore
1011 598 1397 664 interdixere
1419 598 1787 684 corporibus
1812 600 1940 679 (i.e.
1966 596 2229 675 balneis,
2255 596 2621 677 lavando)”‚

256 704 388 769 inde
449 704 696 769 factum
765 704 924 767 omni
984 727 1183 768 more
1203 754 1219 783 ‚
1284 704 1540 769 omnium
1602 727 1702 769 ore
1720 754 1737 783 ,
1787 710 1853 771 et
1893 703 2381 790 interpolatione
2429 700 2628 768 simul

257 810 438 875 facta:
504 809 858 874 camaliam
910 811 1164 874 omnium
1210 832 1310 875 ore
1326 859 1342 889 ,
1393 810 1663 896 denique
1710 812 2073 876 coniectura
2119 810 2197 875 ab
2242 808 2625 895 interpolata

257 916 508 982 lectione
572 917 885 1001 profecta:
935 916 1284 981 animalium
1333 918 1588 981 omium
1636 940 1833 981 carne.
1888 914 2181 982 Ostendit
2224 937 2410 1002 porro
2460 917 2627 1001 capi-

259 1022 434 1088 talem
473 1023 752 1087 formam
792 1024 1078 1089 confusio
1115 1023 1482 1089 litterarum
1521 1042 1556 1089 c
1579 1029 1648 1089 et
1670 1042 1711 1089 a
1732 1026 1801 1088 in
1824 1044 2017 1109 supra
2036 1022 2315 1089 laudatis
2340 1022 2513 1104 ebiqit
2537 1058 2623 1071 -—

255 1128 406 1192 dicit
463 1136 728 1210 (notum
776 1135 872 1195 est
917 1133 1092 1195 enim
1138 1150 1333 1215 quam
1380 1150 1575 1216 prope
1623 1148 1663 1195 B
1708 1132 1779 1193 in
1828 1133 2103 1215 angusta
2148 1127 2401 1195 litterae
2445 1128 2627 1193 illius

257 1236 440 1300 forma
463 1236 724 1301 accedat
747 1236 826 1300 ad
849 1241 919 1315 1),
954 1238 1198 1300 Ora-em
1223 1272 1309 1285 -—
1340 1237 1617 1301 Grasm.
1648 1234 1882 1301 Pulcra
1907 1241 2003 1302 est
2026 1238 2343 1301 sententia
2367 1232 2627 1303 Catonis

255 1340 353 1405 Ix„
398 1340 560 1419 211,
629 1362 820 1427 quam
883 1347 1101 1407 tamen
1160 1342 1332 1407 haud
1391 1345 1521 1408 scio
1569 1363 1649 1407 an
1696 1345 1913 1407 minus
1958 1340 2390 1408 intellexerint
2435 1344 2628 1408 inter-

257 1454 480 1535 pretes:
539 1451 744 1526 „scire
789 1452 956 1513 mori
1003 1470 1138 1515 sors
1186 1453 1398 1535 prima
1444 1451 1639 1527 viris,
1690 1448 1801 1514 sed
1846 1448 1916 1529 (l.
1966 1450 2093 1514 viri
2142 1448 2291 1527 sed,
2340 1448 2459 1513 A.:
2504 1448 2628 1513 viri

257 1562 327 1619 est
365 1556 502 1633 sed,
555 1576 646 1619 m.
695 1554 738 1620 2
783 1558 852 1619 in
896 1576 1141 1642 marg.:
1189 1556 1313 1619 via-i
1356 1556 1526 1640 absq;
1573 1568 1605 1620 e
1648 1557 1693 1619 i.
1741 1575 1797 1619 e.
1846 1554 1969 1618 viri
2014 1556 2153 1629 ced.
2195 1552 2307 1641 V.;
2350 1554 2503 1619 viria
2540 1561 2629 1619 est

249 1666 438 1741 pros.)
485 1663 790 1747 proxima
829 1661 1037 1749 cogi.’'
1087 1659 1455 1727 Secundum
1492 1660 1772 1747 gradum
1810 1681 1945 1726 esse
1985 1658 2309 1725 felicitatis
2325 1708 2343 1739 ‚
2383 1666 2461 1725 ut
2484 1662 2629 1745 quis

257 1772 508 1853 cogatur
577 1770 744 1832 mori
761 1816 778 1845 ,
844 1770 988 1853 quis
1032 1765 1285 1833 credat?
1331 1788 1482 1833 cum
1526 1768 1905 1854 praesertim
1950 1765 2203 1832 Stoicus
2246 1787 2375 1832 non
2418 1766 2628 1832 letum

257 1874 322 1937 ab
377 1874 572 1939 hoste
633 1876 703 1939 vi
761 1872 1019 1939 illatum
1079 1874 1192 1940 sed
1249 1873 1530 1940 liberum
1574 1876 1803 1939 mortis
1850 1873 2192 1939 arbitrium
2237 1874 2361 1939 sibi
2408 1877 2622 1959 optet;

254 1991 310 2044 et
353 2000 583 2045 omnes
629 1979 925 2045 homines
971 1983 1062 2046 sic
1106 1978 1306 2046 felicis
1351 1978 1530 2045 illius
1577 1980 1697 2044 fati
1743 1981 2085 2065 participes
2133 1985 2362 2045 essent.
2420 1979 2483 2045 N
2482 1982 2628 2045 imi-

253 2106 384 2149 rum
441 2094 591 2151 tam
633 2086 765 2167 σομε·
808 2107 1003 2172 quam
1045 2086 1196 2151 mori
1240 2086 1518 2173 pendent
1563 2106 1601 2152 a
1646 2086 1835 2150 scire.-
1883 2088 2040 2152 scire
2085 2088 2255 2151 mori
2299 2092 2399 2152 est
2443 2106 2625 2173 posse

249 2198 508 2269 mortem
551 2196 779 2276 sponte
821 2193 1024 2269 obire;
1067 2195 1187 2258 scit
1228 2195 1375 2279 cogi
1417 2195 1474 2257 is
1493 2242 1509 2271 ‚
1550 2194 1665 2277 qui
1699 2193 2021 2257 iniunctae
2057 2194 2423 2257 necessitati
2444 2196 2627 2277 paret

247 2303 301 2361 et
363 2297 624 2363 fortiter
691 2301 964 2364 cervices
1019 2299 1278 2385 praebet
1294 2348 1312 2377 ,
1358 2304 1436 2363 ut
1480 2300 1851 2384 Pompeius.
1900 2296 2029 2362 Sed
2072 2300 2143 2362 in
2189 2318 2264 2363 ea
2308 2300 2625 2363 sententia

249 2404 864 2469 Ashburnhamensis
910 2404 1065 2470 dicit
1110 2407 1474 2491 proximam
1519 2424 1558 2469 a
1603 2403 1977 2470 felicissima
2023 2408 2263 2469 sortem
2303 2424 2438 2470 esse
2476 2404 2621 2469 coci.

249 2508 371 2575 Hoc
415 2532 679 2597 quoque
729 2510 914 2575 facile
958 2510 1362 2598 intellegitur
1405 2510 1619 2577 deberi
1665 2510 2021 2576 confusioni
2068 2508 2444 2596 capitalium
2480 2528 2522 2575 Β
2564 2516 2630 2575 et

251 2636 312 2681 n:
357 2616 632 2703 implere
655 2654 741 2665 —
767 2620 838 2681 in
859 2616 1040 2703 plebe
1065 2618 1220 2697 (vid.
1247 2622 1418 2703 sup.)
1440 2621 1507 2682 et
1531 2617 1699 2702 quod
1720 2616 1835 2681 IX.
1865 2615 1997 2681 453
2022 2615 2309 2698 (Auster)
2332 2616 2623 2682 Aeoliam

251 2724 475 2791 rabiem
525 2726 688 2791 totis
737 2730 983 2790 exercet
1030 2724 1273 2789 wenis''
1321 2726 1602 2810 speciosa
1646 2723 1835 2789 lectio
1879 2724 2145 2803 habenis,
2186 2723 2263 2789 de
2301 2744 2427 2808 qua
2464 2722 2630 2789 infra

251 2850 426 2915 agam
443 2880 461 2910 ‚
541 2830 930 2916 quibusdam
1001 2830 1348 2897 editoribus
1407 2828 1657 2916 placere
1716 2832 1964 2915 potuit3
2028 2850 2143 2915 pro
2206 2828 2409 2893 menis
2454 2834 2629 2895 stant

249 2942 483 3021 praeter
529 2935 790 3001 MVUR
835 2939 1032 3001 etiam
1075 2938 1134 3001 A
1178 2942 1245 3003 et
1289 2938 1607 3022 oppositio
1655 2934 1857 3002 silvae
1903 2933 2113 3018 (453).
2159 2935 2383 3000 Potest
2422 2936 2623 3001 etiam

249 3040 315 3107 de
367 3044 600 3109 eadem
647 3043 1010 3109 confusione
1055 3046 1326 3130 cogitari
1371 3063 1563 3128 supra
1611 3042 1805 3107 allato
1852 3040 1991 3107 loco
2038 3040 2143 3106 Ἦ.
2198 3040 2353 3119 393,
2402 3041 2517 3106 ubi
2562 3040 2623 3107 A

249 3148 428 3213 sidide
491 3170 612 3235 pro
673 3148 874 3213 sidere
891 3198 906 3227 ,
969 3148 1080 3214 sed
1138 3152 1354 3215 verius
1399 3155 1496 3213 est
1516 3198 1533 3227 ,
1582 3147 1921 3214 librarium
1965 3148 2342 3213 oscitantem
2388 3168 2539 3213 cum
2584 3168 2621 3213 e

251 3256 678 3341 superioribus
728 3255 932 3336 ‚qebido
978 3256 1084 3341 qui
1129 3259 1376 3321 exitum
1421 3255 1525 3319 ido
1567 3258 1639 3320 in
1685 3275 1789 3320 ore
1836 3254 2098 3319 haberet
2114 3303 2131 3332 ,
2180 3254 2458 3320 eundem
2501 3257 2622 3319 im-

249 3370 506 3445 portune
577 3363 952 3449 repetivisse
968 3410 985 3439 ,
1052 3362 1222 3448 quod
1282 3360 1674 3447 probabilius
1737 3364 1937 3427 etiam
1979 3360 2327 3439 videbitur,
2376 3363 2433 3425 si
2480 3360 2623 3427 aliis

251 3488 486 3553 quoque
547 3466 708 3532 locis
770 3471 1135 3553 apparuerit
1194 3488 1347 3533 eum
1407 3488 1532 3533 non
1593 3473 1731 3532 tam
1778 3466 2062 3533 sollertia
2110 3466 2380 3532 ductum
2427 3486 2621 3552 quam

251 3572 654 3661 neglegentia
701 3574 1091 3640 titubantem
1137 3594 1176 3639 a
1219 3594 1370 3639 vero
1416 3573 1723 3640 aberrare.

331 3788 688 3877 Subleg-am
757 3810 924 3856 nunc
993 3810 1104 3876 per
1173 3795 1459 3855 saturam
1516 3788 1823 3875 quasdam
1883 3810 1963 3855 ex
2022 3788 2221 3855 Ashb.
2278 3787 2593 3854 lection&
2607 3822 2628 3857 ι

252 3892 402 3961 unde
447 3897 682 3961 statim
719 3894 1122 3980 aliquatenus
1160 3895 1236 3960 de
1277 3896 1488 3961 codice
1523 3894 1637 3960 illo
1674 3898 1877 3981 possit
1911 3893 2185 3960 iudicari
2200 3943 2218 3973 ‚
2260 3915 2410 3960 cum
2432 3885 2628 3961 textu

251 4006 452 4083 postea
496 4007 712 4067 totam
755 4004 1139 4067 varietatem
1181 4000 1490 4067 editurus.

333 4104 411 4171 Π.
465 4107 596 4173 126
649 4106 781 4186 „Te
821 4130 1076 4194 quoque
1111 4109 1438 4191 neqlecz‘asm
1472 4108 1756 4187 violatae,
1796 4106 2097 4185 Scaevola,
2133 4109 2379 4171 dextrae
2417 4108 2430 4194 1
2470 4113 2629 4174 ante

257 4212 455 4296 ipsum
525 4213 849 4300 penetrale
920 4215 1070 4281 deae
1087 4264 1104 4293 ,
1171 4235 1542 4301 semperque
1604 4213 1867 4281 calentis
1907 4214 1918 4299 Ι
1957 4219 2319 4280 mactavere
2380 4212 2617 4292 focos,”

259 4338 332 4381 sc.
377 4318 670 4386 Mariani.
719 4320 1166 4407 Interpretatio
1206 4320 1495 4411 vulgaris
1535 4327 1663 4387 est:
1706 4326 2040 4407 „spretum
2080 4341 2118 4385 a
2157 4320 2399 4386 nefaria
2420 4319 2618 4386 Marii
