3192 5009
1072 190 1155 237 nr.
1200 190 1351 236 1111111
1400 188 1854 236 onnunmm.
2522 168 2653 236 267

296 356 556 433 deretur,
606 361 672 421 et
717 362 935 421 contra
978 355 1196 442 legem
1248 361 1664 440 usurparetur
1712 360 1824 419 aut
1873 353 2015 419 aliis
2063 354 2526 431 concederetur,
2577 356 2655 420 ab

294 465 381 527 616
432 465 539 547 (1111
579 467 884 547 cuperent
928 464 996 525 in
1042 482 1115 527 ea
1160 483 1227 527 re
1276 482 1437 546 quae
1484 468 1786 547 ageretur
1829 460 2045 547 legem
2089 461 2273 526 illam
2321 460 2657 528 tollentem

292 590 413 633 non
480 568 709 646 valere,
782 569 895 633 sed
964 590 1215 635 necesse
1285 574 1452 635 esset
1510 569 1633 634 hoc
1693 571 1796 633 1116
1857 568 2118 655 neglegi
2180 575 2247 634 et
2292 590 2406 654 pro
2452 568 2656 635 nihilo

292 676 505 739 haberi
543 675 619 739 ab
664 677 758 739 eis
804 677 916 760 qui
963 695 1105 741 eam
1148 678 1217 739 in
1265 695 1339 739 ea
1383 696 1451 740 re
1498 674 1712 740 valere
1760 674 2046 739 mallent.
2097 674 2196 739 Ita
2234 674 2480 739 factum
2525 680 2653 752 est,

294 787 364 845 ut
428 800 607 865 supra
670 780 919 845 ostendi
938 829 955 858 ,
1022 781 1095 846 de
1158 780 1305 867 1636
1366 802 1527 866 (11166
1590 787 1735 867 post
1797 802 1854 845 6.
1909 778 1995 846 58
2043 780 2300 847 vetabat
2347 781 2657 845 intercedi

292 886 563 973 legibus;
635 888 791 952 haec
856 886 962 951 lex
1030 886 1230 953 6611161
1292 894 1375 969 (6.
1427 887 1539 967 54)
1599 885 1890 973 neglecta
1954 892 2086 964 est,
2151 908 2302 951 cum
2363 886 2432 950 id
2477 886 2656 951 fieret

292 991 597 1055 volentibm
644 992 825 1057 etiam
870 992 957 1055 eis
1004 993 1108 1077 qwi
1146 993 1329 1074 leyem
1348 994 1608 1079 ferrent
1621 1021 1650 1068 ;
1690 995 2058 1057 intercessio
2077 1040 2094 1070 ,
2137 995 2194 1056 si
2230 993 2656 1077 accipiebatur

291 1118 325 1161 a
364 1101 737 1184 magistratu
784 1097 1001 1185 legem
1048 1098 1290 1164 ferente
1307 1147 1325 1177 ,
1372 1119 1766 1184 quamquam
1805 1101 2010 1184 posita
2049 1104 2184 1163 erat
2223 1105 2401 1162 extra
2440 1097 2656 1185 legem

290 1212 349 1269 et
388 1208 487 1269 ius
528 1208 951 1271 constitutum
968 1254 985 1285 ,
1035 1212 1252 1271 tamen
1298 1206 1510 1271 valere
1550 1210 1799 1291 poterat
1815 1254 1832 1282 ‚
1876 1207 2028 1289 quia
2063 1206 2388 1269 nitebatur
2425 1211 2654 1269 mutuo

290 1330 573 1375 consensu
642 1318 709 1375 et
779 1314 963 1396 quasi
1029 1315 1283 1398 privata
1346 1314 1660 1398 pactione.
1731 1310 1977 1376 Eodem
2038 1311 2263 1387 mode,
2331 1312 2386 1375 si
2433 1331 2652 1376 omnes

290 1417 779 1482 obnuntiationes
840 1415 993 1482 illae
1061 1424 1209 1503 post
1269 1439 1325 1482 a.
1379 1416 1465 1483 58
1527 1418 1732 1482 factae
1781 1438 1818 1482 a
1865 1417 2139 1482 tribunis
2187 1416 2273 1501 pl.
2324 1438 2475 1482 cum
2523 1437 2654 1481 ma—

290 1525 577 1607 gistratus
640 1527 1025 1599 crearentur,
1092 1543 1252 1607 (11166
1308 1528 1601 1609 acceptae
1649 1532 1801 1588 sunt
1847 1530 1912 1589 et
1957 1522 2332 1599 valuerunt,
2384 1523 2654 1587 fuissent

292 1633 493 1714 gratae
548 1631 641 1694 eis
707 1630 821 1714 qui
870 1630 1149 1693 comitiis
1194 1635 1559 1714 praeessent
1576 1678 1592 1705 ,
1638 1634 1703 1694 et
1747 1630 1820 1692 ab
1868 1628 2022 1711 ipsis
2068 1628 2399 1692 volentibus
2445 1633 2654 1693 essent

292 1740 555 1819 acceptae
574 1783 591 1811 ,
630 1734 890 1799 admitti
930 1741 1097 1799 ce‘rte
1136 1740 1351 1819 posset
1384 1734 1499 1799 illa
1538 1737 1856 1800 sententia
1893 1755 2054 1820 quae
2079 1740 2274 1811 tenet,
2303 1754 2408 1799 666
2432 1754 2652 1799 omnes

292 1838 469 1905 fictas
505 1862 637 1906 6666
674 1840 978 1905 adversus
1014 1840 1229 1928 1636111
1271 1847 1597 1907 vetantem
1616 1890 1633 1919 ,
1673 1862 1878 1926 neque
1913 1845 2079 1906 esset
2112 1862 2226 1905 cur
2248 1860 2650 1927 negaremus,

296 1965 359 2009 6ο
420 1954 697 2032 tempore
764 1945 983 2032 1636111
1050 1947 1243 2013 fuisse
1313 1968 1475 2032 quae
1542 1947 1617 2012 de
1679 1947 1852 2012 66610
1917 1950 2157 2011 servari
2205 1951 2454 2011 vetaret
2500 1966 2650 2011 cum

296 2054 687 2137 magistratus
746 2058 1130 2118 crearentur.
1194 2052 1321 2117 Sed
1384 2074 1483 2118 res
1543 2052 1736 2140 longe
1797 2052 1922 2117 alia
1968 2053 2114 2117 fuit.
2161 2054 2238 2117 A.
2292 2050 2376 2118 57
2427 2052 2651 2117 consul

298 2155 577 2223 Metellus
636 2158 824 2225 valde
884 2160 1181 2245 cupiebat
1241 2159 1470 2225 habere
1532 2162 1796 2225 comitia
1859 2158 2148 2224 aedilicia
2194 2164 2260 2223 et
2309 2156 2611 2224 Clodium
2629 2206 2646 2235 ,

298 2266 555 2328 amicum
614 2270 680 2329 et
740 2266 1189 2329 consobrinum
1254 2286 1445 2329 suum
1465 2314 1482 2342 ,
1539 2265 1814 2331 aedilem
1867 2266 2067 2329 facere
2100 2262 2167 2344 ¹).
2218 2263 2400 2328 Idem
2446 2266 2645 2328 etiam

296 2364 499 2433 clarius
545 2372 825 2436 cernitur
869 2372 938 2434 in
984 2370 1171 2435 rebus
1218 2391 1274 2435 a.
1324 2370 1410 2435 56
1459 2374 1694 2457 gestis;
1745 2377 1890 2436 tum
1937 2369 2353 2436 Marcellinus
2399 2369 2641 2447 consul,

294 2478 559 2555 quamvis
618 2477 830 2541 furore
894 2476 1194 2541 fremeret
1254 2497 1406 2541 cum
1469 2477 1718 2541 videret
1781 2478 2042 2541 comitia
2091 2476 2214 2541 sibi
2262 2497 2296 2541 6
2345 2477 2643 2541 manibus

294 2582 459 2665 eripi,
508 2588 719 2647 tamen
758 2584 951 2647 cessit
987 2582 1455 2647 obnuntiationi
1496 2580 1566 2648 G.
1612 2580 1874 2649 Catonis
1900 2582 1974 2663 ⁹).
2011 2580 2320 2646 Omnium
2361 2585 2644 2647 maxime

296 2688 679 2753 manifestum
724 2693 822 2753 est
841 2735 858 2765 ,
906 2688 1024 2752 hos
1070 2686 1361 2753 consules
1408 2709 1534 2752 non
1578 2690 1864 2751 adversus
1907 2687 2124 2774 legem
2169 2708 2330 2772 quae
2379 2694 2641 2765 vetaret,

298 2789 386 2853 sed
426 2802 643 2857 coactos
690 2791 835 2879 lege
882 2812 1042 2877 quae
1076 2793 1455 2875 permitteret
1499 2793 1575 2859 de
1625 2793 1798 2858 66610
1847 2796 2089 2859 servari
2106 2842 2123 2871 ,
2179 2796 2490 2878 accepisse
2539 2792 2643 2857 ob·

296 2900 709 2963 nuntiationes.
776 2899 999 2984 Itaque
1060 2904 1313 2964 constat
1358 2921 1437 2964 ex
1483 2901 1624 2963 iure
1672 2900 1840 2983 quod
1886 2906 2032 2963 tum
2077 2899 2339 2985 vigebat
2384 2897 2641 2963 licuisse

295 2996 355 3063 de
392 3003 549 3069 caelo
593 3007 833 3069 servari
880 3025 1031 3069 cum
1078 3008 1499 3090 magistratus
1546 3011 1931 3071 crearentur.

366 3130 409 3169 c.
471 3107 588 3174 Sed
648 3115 907 3174 tantum
969 3110 1145 3175 abest
1190 3117 1266 3174 ut
1311 3110 1464 3175 illae
1514 3112 2028 3176 obnuntiationes
2075 3110 2378 3175 adversus
2425 3110 2640 3196 1636111

296 3216 585 3279 vetantem
648 3216 968 3280 valuerint
1030 3216 1198 3300 quod
1260 3216 1337 3280 de
1400 3219 1541 3281 11116
1601 3216 1766 3303 16316
1811 3216 2268 3303 ambigeretur,
2317 3221 2396 3280 ut
2443 3217 2640 3281 etiam

296 3326 555 3399 appareat
607 3326 755 3406 post
799 3342 1033 3406 paucos
1080 3342 1275 3386 annos
1323 3321 1569 3387 nullam
1620 3326 1879 3388 omnino
1928 3323 2122 3387 fuisse
2170 3322 2640 3388 dubitationem

295 3418 355 3482 de
410 3426 537 3491 iure
609 3427 805 3491 huius
874 3426 1041 3514 16316
1114 3425 1373 3494 Clodiae
1392 3478 1408 3505 ,
1479 3434 1545 3493 et
1615 3432 1908 3494 omnium
1978 3449 2288 3494 consensu
2357 3428 2639 3494 valuisse

296 3520 471 3611 legem
526 3552 687 3616 quae
735 3533 1115 3613 permitteret
1176 3534 1251 3599 de
1300 3534 1470 3599 caelo
1516 3538 1758 3600 servari
1805 3556 1955 3599 cum
2000 3537 2346 3600 creationes
2393 3534 2635 3600 fierent.

299 3630 357 3693 A.
396 3634 470 3699 54
526 3637 812 3705 consules
873 3638 1202 3705 Domitius
1264 3648 1330 3705 et
1392 3642 1642 3727 Appius
1691 3649 1829 3706 tam
1877 3662 2108 3727 parum
2154 3643 2632 3726 cogitaverunt,

300 3736 615 3809 addubitari
681 3766 868 3828 110666
936 3748 1039 3811 1116
1104 3747 1501 3811 tribunorum
1571 3748 1648 3812 de
1708 3748 1878 3812 caelo
1943 3746 2268 3822 servandi,
2319 3753 2393 3809 ut
2439 3750 2634 3810 etiam

302 3839 437 3910 ultro
496 3850 773 3915 obsecuti
844 3853 973 3915 sint
1035 3852 1248 3915 edictis
1310 3854 1541 3938 quibus
1607 3858 1752 3917 tum
1815 3853 1890 3917 de
1939 3851 2110 3917 caelo
2158 3872 2224 3915 se
2271 3857 2634 3915 servaturos

300 3964 405 4013 osse
456 3954 907 4038 profitebantur
966 3958 1209 4023 tribuni
1272 3958 1472 4043 (supr.
1536 3979 1683 4045 pag.
1741 3956 1915 4037 107).
2003 3956 2292 4041 Ι)6111(1116
2353 3957 2432 4021 ab
2478 3959 2634 4041 ipsis

302 4056 669 4134 optimatibus
730 4064 931 4142 etiam
974 4064 1168 4127 verbis
1214 4084 1584 4128 concessum
1631 4070 1763 4141 est,
1810 4062 2000 4128 licere
2051 4062 2126 4128 de
2173 4060 2344 4127 caelo
2393 4066 2634 4127 servari

377 4210 665 4224 ήἬ--ᾈ

350 4270 392 4325 l)
422 4276 513 4328 Cic.
546 4284 645 4330 Διῒ.
680 4282 728 4330 4.
750 4282 863 4339 ΒΑ,
898 4295 1028 4346 supr.
1068 4296 1172 4345 pag.
1214 4280 1324 4329 102.
1360 4308 1427 4318 —
1460 4282 1517 4345 2)
1554 4281 1654 4329 Cfr.
1699 4280 1787 4329 uio
1823 4278 2000 4357 3621.
2023 4282 2068 4329 3.
