3192 5009
498 233 630 298 410
1145 254 1229 300 ms·
1274 255 1896 303 mmcunAmomus
1942 255 2244 303 nomme.

494 419 846 502 composito
889 421 1225 484 certiorem
1270 441 1423 485 eum
1470 422 1766 486 fecissent
1813 441 2004 498 „aves
2043 423 2166 486 rite
2206 420 2605 486 admisisse'’.
2657 419 2884 505 Itaque

492 522 598 586 hic
650 522 939 602 dictator,
998 545 1114 589 sua
1166 529 1489 610 spectione
1528 548 1653 592 non
1690 533 2025 612 usurpata,
2077 547 2356 613 augures
2397 533 2543 592 tum
2585 526 2887 592 adhibere

490 627 831 694 maluerat.
895 629 1231 696 Praeterea
1278 633 1630 718 quidquam
1677 634 1992 699 eiusmodi
2039 633 2120 698 ad
2165 655 2302 699 rem
2349 631 2704 698 militarem
2750 653 2888 719 per-

490 736 701 798 tinens
762 756 887 800 non
946 736 1225 801 traditur
1284 759 1319 803 6
1382 754 1673 825 tempore
1733 739 1968 805 liberae
2031 740 2455 827 reipublicae;
2507 739 2617 805 sed
2663 745 2884 816 antea,

492 841 609 904 sub
655 840 915 926 regibus
932 889 949 917 ,
998 842 1166 908 hunc
1212 865 1463 910 morem
1499 848 1569 908 in
1608 845 1795 910 bellis
1827 847 2116 932 viguisse
2155 847 2394 912 indicat
2435 843 2656 912 Cicero
2674 895 2693 924 ‚
2732 866 2885 910 cum

493 945 661 1010 dicat
719 945 1081 1012 Hostilium
1142 971 1365 1037 regem
1428 951 1650 1037 (quem
1713 952 1901 1038 lapsu
1965 955 2313 1018 memoriae
2375 952 2720 1038 perductus
2767 973 2885 1036 pro

490 1051 835 1137 Tarquinio
882 1056 1173 1120 nominat
1218 1056 1329 1121 cfr.
1382 1055 1514 1124 Cic.
1566 1058 1695 1122 div.
1751 1057 1808 1122 1.
1841 1055 1944 1124 17.
1976 1057 2090 1137 32)
2140 1060 2457 1145 „augurio
2502 1058 2646 1123 Atti
2691 1056 2887 1122 Navii

492 1160 778 1222 maxima
821 1158 989 1224 bella
1034 1162 1350 1248 gessisse''
1384 1161 1454 1244 ¹).
1506 1163 1674 1243 Quin
1719 1167 1918 1230 etiam
1964 1169 2254 1230 auctores
2287 1163 2680 1251 significant,
2719 1163 2885 1228 hanc

489 1264 919 1351 inaugurandi
979 1267 1506 1334 consuetudinem
1562 1269 1993 1354 praevaluisse
2053 1273 2122 1335 in
2183 1272 2482 1336 omnibus
2529 1269 2886 1334 actionibus

492 1370 766 1457 publicis
806 1392 1037 1457 regum
1058 1421 1074 1450 ‚
1117 1376 1315 1439 etiam
1353 1377 1421 1438 iu
1463 1374 1718 1462 legibus
1757 1375 2049 1466 ferendis.
2090 1375 2410 1440 Romulus
2442 1381 2885 1461 (quamquam,

477 1493 643 1544 cum
706 1480 843 1563 ipse
890 1499 1100 1564 augur
1146 1480 1343 1546 fuisse
1387 1487 1674 1567 putetur,
1719 1504 1842 1546 non
1887 1503 2068 1548 secus
2116 1487 2309 1568 atque
2356 1481 2602 1546 Remus
2620 1530 2636 1558 ‚
2685 1483 2886 1546 etiam

492 1589 631 1671 ipse
703 1583 780 1650 de
847 1587 1004 1651 urbe
1074 1587 1396 1652 condenda
1462 1591 1748 1674 auspicia
1817 1591 2059 1674 cepisse
2127 1594 2195 1654 et
2263 1588 2506 1653 lituum
2526 1637 2544 1665 ,
2631 1589 2888 1674 insigne

493 1690 803 1777 augurale
822 1740 839 1768 ,
900 1691 1263 1758 adhibuisse
1326 1694 1555 1774 fertur)
1597 1692 1652 1774 ³)
1715 1715 1752 1759 a
1817 1692 2118 1762 Cicerone
2163 1694 2442 1759 traditur
2489 1695 2892 1780 cooptavisse

492 1818 771 1884 augures
844 1801 999 1882 „qui
1059 1799 1181 1864 sibi
1242 1807 1451 1865 essent
1512 1803 1581 1864 in
1644 1803 1943 1887 auspiciis
2007 1801 2307 1866 omnibus
2363 1798 2642 1885 publicis
2703 1801 2893 1865 rebus

494 1903 955 1969 instituendis'’
986 1903 1071 1984 3);
1138 1906 1365 1972 Livius
1428 1929 1580 1974 eum
1642 1908 1798 1973 dicit
1862 1911 2289 1994 „inaugurato
2335 1909 2654 1972 centurias
2701 1908 2897 1990 scrip-

492 2008 718 2088 sisse'’,
785 2030 1017 2095 easque
1081 2013 1242 2088 „sub
1289 2016 1478 2078 certis
1526 2014 1894 2079 nominibus
1939 2011 2474 2099 inauguravisse'’
2501 2015 2574 2091 ⁸).
2637 2011 2889 2087 Numa,

494 2119 607 2202 qui
670 2137 882 2203 augur
941 2117 1137 2182 fuisse
1200 2140 1324 2183 non
1389 2119 1667 2185 traditur
1691 2121 1767 2200 ⁵),
1831 2141 1904 2184 eo
1968 2119 2070 2183 die
2130 2118 2393 2205 quidem
2438 2138 2564 2204 quo
2610 2136 2890 2202 regnum

492 2224 645 2286 iniit
710 2222 975 2287 fortasse
1034 2221 1258 2287 eodem
1318 2223 1509 2289 modo
1576 2246 1702 2310 quo
1767 2224 2080 2290 Romulus
2137 2229 2276 2312 ipse
2337 2226 2702 2310 auspicatus
2748 2241 2888 2286 esse

494 2332 797 2414 putatur,
864 2349 1257 2414 quamquam
1322 2329 1399 2394 de
1462 2351 1533 2396 ea
1601 2352 1668 2395 re
1732 2330 1898 2396 nihil
1960 2331 2265 2408 traditur3
2317 2330 2426 2395 sed
2473 2335 2686 2394 tamen
2733 2347 2888 2390 cum

494 2431 712 2518 paullo
774 2437 999 2517 postea
1059 2436 1193 2498 iam
1257 2456 1370 2500 rex
1435 2436 1643 2501 factus
1694 2436 1814 2513 „de
1865 2459 1930 2502 se
1978 2459 2228 2522 quoque
2275 2435 2424 2502 deos
2467 2432 2716 2501 consuli
2757 2431 2895 2498 vel-

493 2537 653 2614 let”,
719 2559 847 2601 non
906 2541 1045 2623 ipse
1106 2539 1185 2604 de
1250 2561 1368 2606 suo
1430 2545 1702 2627 imperio
1749 2548 1814 2608 et
1861 2543 2005 2629 lege
2054 2545 2297 2608 curiata
2343 2545 2710 2628 auspicatus
2755 2561 2892 2605 esse

566 2803 621 2866 1)
658 2803 765 2851 Vid.
806 2803 1045 2851 Mnemon.
1082 2803 1251 2850 xvm
1290 2818 1336 2866 p.
1373 2804 1489 2860 415,
1528 2803 1628 2852 Cic.
1665 2804 1794 2852 deor.
1835 2807 1935 2853 nst.
1971 2804 2019 2851 Β.
2041 2803 2153 2852 8.9.
2191 2830 2257 2839 -
2293 2803 2350 2868 2)
2387 2802 2490 2854 Cic.
2517 2801 2666 2851 divin.
2697 2801 2891 2858 1.2.3;

498 2884 756 2942 1.1'1.80;
806 2883 1089 2941 1.48.107;
1146 2883 1195 2932 2.
1215 2885 1293 2932 38.
1315 2885 1397 2932 80.
1452 2912 1508 2921 —
1558 2887 1614 2945 3)
1651 2886 1884 2934 Μ666166.
1923 2884 2010 2944 1.1.,
2049 2883 2134 2932 Cic
2186 2898 2284 2948 rep.
2322 2883 2534 2933 sale.
2585 2910 2646 2920 —
2695 2884 2748 2942 4)
2783 2881 2889 2931 Liv.

499 2968 541 3015 1.
566 2967 647 3015 36.
668 2968 697 3013 3
730 2970 779 3014 61
814 2967 857 3016 1.
877 2967 957 3014 43.
980 2965 1024 3014 9.
1062 2993 1126 3003 —
1166 2969 1219 3028 5)
1262 2965 1371 3015 Nou
1408 2968 1721 3030 premendum
1756 2982 1854 3016 esse
1891 2967 2084 3016 videtur
2115 2967 2242 3030 quod
2277 2966 2446 3015 Cicero
2480 2967 2710 3022 affimat,
2739 2964 2890 3013 divin.

498 3050 541 3097 1.
561 3049 643 3096 40.
665 3047 745 3106 89,
796 3063 959 3098 omnes
1008 3063 1141 3110 reges
1194 3047 1435 3097 Romanos
1486 3049 1630 3098 fuisse
1673 3065 1890 3113 augures.
1957 3049 2247 3113 Μαι-11661111
2281 3050 2607 3108 (Stsstsverw.
2645 3048 2676 3096 8
2709 3063 2756 3111 p.
2791 3047 2889 3095 241

496 3129 604 3178 adu.
642 3129 715 3190 6).
764 3129 847 3193 qui
896 3131 1031 3178 tenet
1082 3130 1208 3193 quod
1264 3129 1430 3179 Livius
1475 3129 1807 3195 (10.e.7sq.)
1855 3133 2090 3188 affirmat.
2141 3146 2395 3180 numerum
2433 3145 2666 3194 augurum
2701 3143 2894 3194 semper

496 3211 773 3276 pependisse
818 3226 873 3259 ex
918 3225 1119 3261 numero
1166 3209 1383 3260 tribuum
1421 3215 1667 3270 veterum.
1703 3229 1760 3262 ex
1796 3212 1903 3261 61116
1939 3212 2082 3261 dictis
2115 3212 2360 3262 Ciceronis
2393 3211 2534 3261 eflicit
2572 3211 2786 3260 Numam
2821 3211 2894 3275 ip-

492 3309 600 3343 sum
646 3293 787 3342 fuisse
830 3306 1087 3356 augurem,
1136 3291 1251 3355 quis
1298 3293 1466 3342 Cicero
1511 3293 1666 3343 tradit
1715 3295 1975 3342 Romulum
2007 3295 2305 3358 cooptavisse
2335 3297 2436 3342 tres
2469 3307 2675 3356 augures
2707 3307 2765 3340 ex
2793 3291 2891 3340 616-

496 3375 623 3439 gulis
666 3372 886 3422 tribubus
928 3373 1053 3437 (rep.
1092 3373 1201 3425 29.
1234 3373 1335 3438 16),
1379 3378 1430 3423 61
1468 3375 1678 3424 Ν616616
1713 3375 1772 3424 sd
1810 3375 2069 3439 pristinum
2106 3390 2360 3424 numerum
2393 3375 2486 3423 duo
2521 3387 2726 3438 augures
2761 3371 2892 3421 eddi-

495 3457 620 3505 disse
664 3459 782 3519 (rep.
821 3456 968 3504 214.
990 3455 1089 3515 26).
1142 3455 1247 3504 Hoc
1293 3455 1335 3504 si
1381 3455 1718 3520 probaremus,
1765 3461 1978 3506 statuere
2015 3456 2293 3505 deberemus
2327 3455 2587 3504 Romulum
2623 3470 2716 3503 non
2749 3454 2894 3502 fuisse

494 3553 738 3602 augurem.
792 3537 875 3586 Me
918 3537 1075 3586 iudice
1122 3537 1378 3587 deserenda
1414 3543 1486 3588 661
1519 3539 1783 3589 auctoritas
1819 3540 1968 3598 Livii;
2007 3553 2298 3603 quamquam
2336 3537 2540 3586 concedo
2573 3537 2776 3600 collegia
2809 3551 2895 3584 su-

495 3634 671 3684 gurum
721 3622 771 3668 et
816 3619 1161 3668 nonnullorum
1204 3620 1411 3670 aliorum
1458 3623 1758 3672 sacerdotum
1805 3621 2068 3670 secundum
2119 3623 2300 3669 veteres
2342 3619 2500 3668 tribus
2533 3632 2633 3666 esse
2667 3617 2894 3666 ordinet·

496 3717 599 3751 cum
648 3701 1035 3758 instituerentur,
1086 3701 1188 3750 fleri
1236 3705 1396 3767 potest
1444 3707 1498 3752 ut
1548 3705 1646 3752 1616
1695 3701 1963 3766 antiquitus
2011 3700 2072 3751 sb
2106 3717 2159 3750 ea
2193 3715 2366 3750 norme
2398 3701 2654 3750 discessum
2685 3699 2751 3749 sit
2785 3715 2892 3749 cm

490 3785 633 3847 plura
669 3785 771 3832 loca
804 3783 1100 3833 adderentur
1107 3805 1125 3839 ;
1159 3788 1289 3834 certe
1326 3799 1552 3834 numerus
1583 3789 1819 3848 quattuor
1849 3799 2087 3848 augurum
2116 3783 2456 3848 patriciorum,
2487 3783 2570 3847 qui
2599 3781 2694 3831 fuit
2725 3797 2768 3831 a.
2791 3783 2894 3832 300

497 3869 543 3913 61
579 3865 825 3930 deinceps,
859 3865 996 3913 nullo
1031 3867 1173 3915 modo
1211 3867 1455 3916 conciliari
1494 3869 1652 3930 potest
1687 3881 1796 3916 cum
1828 3882 2030 3916 numero
2063 3867 2308 3923 tribuum.
2341 3871 2389 3914 et
2417 3865 2633 3929 ineptum
2663 3866 2733 3912 est
2761 3865 2890 3927 quod

496 3945 660 4006 Urius
692 3947 796 4008 (10.
818 3947 863 3994 6.
882 3946 913 3998 ’1
930 3949 1027 4010 sq.)
1058 3947 1338 4012 suspicatur,
1369 3947 1626 4011 collegium
1653 3964 1736 3998 see
1763 3949 1980 3998 virorum
2011 3947 2222 4013 potuisse
2251 3947 2402 4010 redigi
2435 3946 2496 3994 sd
2523 3949 2760 4010 quattuor
2785 3945 2892 3994 locs

496 4035 650 4076 morte
685 4027 915 4085 duorum,
952 4029 1089 4092 qussi
1124 4028 1306 4078 duobus
1340 4028 1604 4092 auguribus
1637 4031 1875 4079 defunctis
1909 4031 2058 4080 etism
2095 4044 2262 4079 eorum
2299 4029 2402 4078 locs
2436 4028 2652 4093 perirent
2663 4049 2676 4086 3
2709 4027 2892 4090 itaque,

496 4107 731 4171 siquidem
774 4123 817 4155 6.
854 4109 953 4156 800
990 4109 1112 4157 nihil
1148 4109 1301 4157 valuit
1338 4111 1462 4158 ratio
1499 4109 1716 4160 tribuum
1751 4111 1801 4159 16
1839 4127 2040 4160 numero
2075 4125 2336 4174 augurum,
2373 4109 2476 4158 fleri
2509 4113 2669 4173 potest
2703 4112 2756 4157 ut
2791 4108 2890 4157 iam

496 4188 651 4238 multo
685 4193 797 4238 6616
830 4188 887 4238 sb
922 4205 976 4238 66
1012 4190 1199 4238 ratione
1232 4189 1487 4239 discessum
1523 4191 1602 4240 sit.
1639 4193 1730 4240 Sed
1768 4193 2070 4241 manifestum
2108 4197 2180 4239 est
2215 4205 2303 4240 666
2335 4191 2385 4239 in
2421 4189 2498 4239 his
2531 4188 2890 4254 quaestiouibus

496 4271 547 4318 id
580 4271 735 4320 solum
768 4273 903 4335 sequi
939 4287 1072 4336 posse
1107 4271 1234 4336 quod
1268 4273 1529 4322 verisimile
1562 4273 1630 4322 sit
1665 4277 1714 4323 et
1744 4272 1832 4323 sibi
1869 4277 2054 4324 constet
2089 4276 2139 4322 et
2171 4289 2280 4323 cum
2315 4278 2566 4322 auctorum
2602 4272 2892 4322 testimoniis

498 4353 731 4414 quantum
766 4353 868 4400 fieri
904 4353 1054 4417 possit
1088 4353 1369 4413 convenist;
1405 4355 1533 4418 quod
1568 4369 1738 4404 verum
1775 4356 1840 4406 sit
1875 4369 2012 4405 nemo
2049 4369 2098 4403 se
2133 4355 2354 4404 invenire
2387 4369 2523 4420 posse
2559 4354 2892 4406 affirmaverit.
