3192 5009
486 308 621 375 242
1490 328 1837 375 nonium.

575 494 888 559 Maiorem
926 514 1275 579 sanequam
1314 494 1571 559 exhibet
1609 495 2066 579 interpretibus
2097 494 2466 560 molestiam
2501 494 2664 560 alter
2681 494 2870 561 locus

482 598 711 665 itidem
748 606 1192 665 controversus
1234 611 1287 663 Δ
1316 597 1449 664 405
1474 620 1632 684 sqq„
1672 600 1788 663 ubi
1827 598 2168 665 Sthenelus
2205 602 2676 687 Agamemnoni
2691 650 2710 679 ,
2753 603 2872 686 qui

484 704 721 791 Tydei,
782 708 1012 791 prioris
1074 704 1227 769 belli
1290 702 1575 769 Thebani
1637 705 1786 769 duci
1829 708 2143 771 virtutem
2189 704 2520 771 Diomedis
2565 708 2872 794 ignaviae

484 820 865 897 opposuerat
882 860 901 889 ,
947 811 1315 897 respondet:

750 920 969 994 Ἡμεῖς
1017 942 1105 982 τοι
1154 915 1428 994 πατέρων
1477 916 1634 995 μέγ’
1681 918 1992 994 ἀμείνονες
2041 918 2336 998 εὐχόμεθ’
2384 914 2539 983 εἶναι
2559 941 2576 957 ·

756 1026 933 1099 ἡμεῖς
980 1026 1085 1089 καὶ
1134 1024 1351 1099 Θήβης
1401 1019 1527 1094 ἕδος
1574 1022 1819 1101 εἵλομεν
1864 1024 2287 1103 ἑπταπύλοιο,

756 1126 1116 1210 παυρότερον
1166 1131 1317 1196 λαὸν
1361 1131 1668 1207 ἀγαγόνθ’
1715 1130 1832 1193 ὑπὸ
1879 1138 2090 1210 τεῖχος
2141 1128 2278 1209 ἄρε
2297 1156 2316 1194 ι
2335 1156 2430 1196 ον.

480 1238 787 1301 Attamen
830 1238 933 1302 hic
982 1256 1235 1322 quoque
1282 1258 1409 1301 non
1454 1235 1633 1301 deest
1670 1236 1840 1322 quod
1877 1236 1960 1301 ad
1998 1240 2511 1322 comparativum
2551 1236 2870 1302 tuendum

484 1342 691 1409 afferri
752 1345 973 1429 possit.
1022 1342 1084 1407 N
1084 1345 1263 1429 egari
1308 1345 1481 1407 enim
1529 1345 1752 1427 nequit
1797 1345 1934 1407 vim
1978 1343 2323 1408 verborum
2367 1365 2494 1408 non
2537 1342 2876 1407 mediocri·

484 1456 584 1515 ter
646 1452 868 1537 aug-eri
916 1452 1437 1534 interpretatione
1470 1449 1792 1531 pauciores
1835 1448 1998 1512 viros
2039 1450 2318 1512 ducentes
2357 1450 2462 1511 sub
2509 1448 2876 1529 (adversus)

490 1579 715 1618 murum
736 1556 1101 1638 firmiorem,
1149 1576 1261 1619 nec
1297 1577 1451 1620 vero
1490 1553 1966 1641 neglegendum
2003 1576 2119 1619 nos
2155 1560 2401 1620 veteres
2435 1554 2584 1619 illas
2621 1553 2878 1619 fabulas

486 1662 817 1727 Thebanae
876 1664 1207 1749 epicorum
1267 1668 1606 1747 poetarum
1651 1660 2048 1725 auditoribus
2094 1663 2462 1725 notissimas
2509 1664 2706 1725 nimis
2747 1664 2877 1725 im-

484 1768 759 1853 perfecte
805 1788 991 1831 nosse
1038 1788 1232 1852 quam
1276 1773 1352 1831 ut
1397 1766 1747 1853 praefracte
1784 1788 2016 1853 negare
2053 1767 2234 1831 nobis
2271 1766 2494 1844 liceat,
2537 1766 2880 1831 Thebanos

484 1894 651 1938 novo
692 1876 1073 1938 imminente
1120 1871 1291 1937 bello
1336 1873 1513 1937 urbis
1558 1894 1712 1937 suae
1759 1875 2012 1937 moenia
2055 1872 2306 1936 firmius
2353 1875 2725 1937 munivisse.

576 1979 1025 2060 Quaestionem
1068 1980 1449 2065 impeditam
1494 2000 1632 2043 esse
1667 1981 1938 2043 minime
1984 1999 2150 2064 nego
2169 2026 2185 2055 ,
2249 1978 2361 2043 sed
2405 1984 2878 2064 argumentum

485 2107 520 2150 e
580 2088 891 2149 sermonis
952 2086 1165 2170 spicae
1226 2088 1469 2150 ratione
1530 2087 1814 2170 petitum
1860 2083 2018 2149 adeo
2065 2084 2328 2149 firmum
2372 2085 2538 2149 mihi
2584 2084 2874 2161 videtur,

482 2198 560 2256 ut
630 2194 786 2275 quin
852 2190 1045 2270 ἄρειον
1117 2192 1457 2276 utrobique
1528 2192 2002 2275 comparativus
2070 2194 2156 2255 sit
2219 2212 2346 2255 non
2413 2189 2686 2255 dubium
2729 2210 2876 2256 esse

484 2298 873 2362 existimem.

579 2507 635 2562 Ο
664 2494 795 2563 ’743
842 2494 903 2568 ὅς
951 2522 1045 2568 τις
1092 2498 1158 2563 δὲ
1200 2495 1417 2575 Τρώων
1464 2499 1775 2578 ’tolano'
1823 2498 1922 2561 ἐπὶ
1971 2498 2140 2570 νηυσὶ
2189 2497 2434 2575 Φέροιτο

846 2606 957 2668 σὺν
1004 2606 1141 2683 πυρὶ
1194 2608 1447 2685 κηλείῳ,
1494 2606 1742 2683 χάριν
1784 2604 2072 2683 Ἕκτορος
2123 2604 2498 2682 ὀτρύναντος.

486 2711 693 2775 Locus
754 2708 1055 2776 notabilis
1068 2760 1085 2787 ,
1148 2714 1299 2797 quia
1354 2732 1674 2796 nusquam
1733 2711 1892 2777 alibi
1933 2714 2004 2775 in
2047 2711 2410 2775 Homericis
2457 2715 2718 2795 apparet
2762 2710 2876 2775 ad-

484 2815 785 2882 verbialis
854 2838 1009 2881 usus
1076 2821 1423 2881 accusativi
1488 2816 1698 2897 χάριν,
1767 2817 1939 2882 unde
2005 2817 2134 2882 fere
2191 2820 2532 2903 suspiceris
2591 2822 2874 2902 quatuor

484 2922 750 2987 ultimos
810 2924 1005 2987 huius
1056 2922 1209 2987 libri
1268 2944 1491 2988 versus
1548 2924 1628 2987 ab
1689 2922 2144 3009 interpolatore
2205 2922 2482 2987 adiectos
2543 2943 2699 2987 esse.
2763 2920 2872 2986 Ita

486 3032 703 3093 minus
746 3028 1085 3094 offenderet
1132 3032 1445 3115 ignavum
1488 3028 1654 3093 illud
1699 3024 1851 3092 οὖτα
1869 3078 1888 3105 ,
1937 3050 2064 3115 quo
2107 3028 2272 3093 liber
2315 3030 2721 3093 terminatur.
2793 3026 2870 3092 Si

484 3142 701 3200 tamen
768 3156 993 3201 versus
1059 3139 1327 3222 genuini
1396 3149 1542 3200 sunt
1564 3184 1581 3211 ,
1653 3134 1840 3201 valde
1901 3134 2248 3220 probabilis
2311 3133 2571 3199 videtur
2629 3135 2692 3199 N
2691 3135 2872 3200 aberi

486 3243 847 3306 coniectura
892 3240 1048 3305 ἔκτα
1064 3290 1083 3317 ,
1132 3240 1210 3305 cl.
1256 3250 1307 3305 Σ
1334 3240 1489 3307 230.
1514 3279 1602 3289 --
1629 3240 1832 3305 Miror
1875 3246 2096 3305 autem
2135 3246 2448 3305 nostrates
2468 3289 2485 3314 ,
2525 3245 2870 3305 contractis

486 3344 813 3411 vocalibus
856 3347 1307 3411 infestissimos
1324 3396 1341 3423 ,
1385 3367 1591 3431 neque
1637 3346 1742 3410 hic
1779 3365 1984 3430 neque
2031 3344 2190 3409 alibi
2243 3345 2522 3409 Nauckii
2573 3345 2870 3431 exemplo

486 3452 683 3517 ιιόΐλοε
732 3454 1057 3538 scripsisse
1074 3500 1093 3529 ,
1140 3455 1247 3517 cui
1292 3454 1525 3517 rationi
1570 3460 1822 3537 praeter
1855 3461 2141 3515 metrum
2159 3500 2176 3527 ,
2215 3451 2386 3536 quod
2421 3458 2870 3537 praeterquam

486 3581 543 3637 χ
567 3557 697 3623 385
760 3580 1077 3643 nusquam
1116 3568 1315 3626 κοῖλος
1362 3557 1668 3644 postulat,
1713 3560 1877 3623 mire
1923 3558 2096 3621 favet
2139 3556 2370 3622 Latina
2413 3578 2542 3621 vox
2586 3580 2764 3621 cam
2781 3584 2870 3608 =

484 3666 735 3736 κόειλοο.
807 3663 907 3732 Of.
972 3664 1153 3732 Curt.
1214 3665 1441 3753 Etym.
1508 3664 1658 3739 157,
1721 3664 1950 3729 Nauck
2009 3662 2182 3728 Bqu.
2245 3663 2322 3729 de
2381 3662 2548 3729 l'Ac.
2613 3664 2753 3729 Pet.
2810 3663 2870 3727 V

488 3770 623 3838 476
646 3794 805 3858 sqq„
850 3771 981 3837 alii.

576 4002 631 4058 n
662 3992 748 4059 76
854 3992 987 4057 οὐδέ
1032 4014 1127 4055 πυ
1178 3990 1497 4069 ’Δτρεΐδαο
1546 3990 1692 4063 6234-
1739 3988 1924 4053 κλύον
1969 3989 2350 4063 αὐδήσαντος

844 4098 1063 4179 ἐχθρῆς
1114 4097 1183 4160 ἐι
1226 4104 1513 4177 κεφαλῆς
1534 4120 1550 4135 ·
1601 4095 1752 4160 ἀλλ’
1793 4094 2080 4173 Ἕκτορος
2127 4094 2504 4177 ἀνδροφόνοιο

846 4204 1045 4283 Τρωσὶ
1096 4202 1449 4271 κελεύοντος
1496 4202 2084 4282 περιάγνυται.

486 4310 767 4375 Facilius
826 4308 1269 4396 intellegerem
1312 4308 1632 4387 περιηχέει
1679 4316 1790 4373 aut
1837 4308 2148 4387 περιιόχει
2168 4356 2186 4383 ,
2233 4310 2386 4393 quia
2430 4329 2556 4373 vox
2601 4311 2879 4395 undique

470 4418 695 4503 fracta
762 4418 979 4481 minus
1043 4414 1287 4480 clarum
1350 4436 1569 4480 sonare
1629 4413 1904 4489 videtur,
1965 4422 2028 4477 et
2096 4417 2488 4479 contrarium
2531 4414 2656 4479 loci
2699 4420 2880 4484 ratio
