3192 5009
549 257 681 325 362
1386 278 1680 325 oricum
1727 277 2083 326 summm.

546 447 743 510 vertit
803 467 969 530 quem
1032 451 1123 508 ter
1184 445 1497 509 centesima
1558 444 1762 526 siqnat
1809 444 1990 507 bitem
2007 493 2023 522 ,
2073 445 2256 528 quasi
2303 445 2616 529 scriptum
2657 443 2822 510 foret
2872 435 2934 508 ὃν

546 549 807 630 ἐλέγχει
825 599 841 628 ,
904 551 1195 637 neglecto
1257 557 1505 628 πρῶτον,
1576 549 1895 617 Friedlieb
1959 551 2066 614 der
2125 551 2238 613 das
2299 557 2452 614 erate
2499 552 2602 615 dee
2647 549 2936 614 Zeichem

544 680 659 721 von
708 657 1103 722 dreiband-ert
1142 657 1375 721 eutkdct
1393 707 1409 734 ,
1452 657 1622 743 quod
1661 678 1740 722 ne
1773 654 2070 744 intellegi
2108 655 2372 741 quidem
2405 662 2636 742 potest.
2682 657 2938 742 Aptum

547 784 806 828 sensum
851 764 1181 848 praeberet
1216 762 1399 828 velut
1437 768 1543 828 τοῦ
1590 763 1690 841 δέ,
1738 763 2153 844 τριηκοσίη
2202 764 2482 841 κεραίη
2533 759 2610 826 ὃν
2659 762 2932 841 πρώτη

549 869 632 932 έλ
652 869 741 945 ἐγ
760 892 812 948 χ
830 892 932 945 ει,
978 867 1089 934 sed
1129 868 1293 934 nihil
1334 872 1579 954 reperio
1620 868 1789 954 quod
1831 871 1985 934 satis
2025 867 2437 954 probabiliter
2481 869 2936 945 substituatur,

546 973 765 1039 nullus
829 977 1001 1039 enim
1065 983 1162 1039 est
1219 978 1290 1039 in
1357 974 1793 1061 plurimorum
1858 973 2175 1040 similium
2235 995 2501 1040 numero
2545 974 2722 1040 locus
2737 1022 2754 1052 ‚
2807 995 2940 1060 quo

548 1079 630 1146 ad
675 1081 845 1146 hunc
893 1080 1364 1146 emendandum
1411 1084 1636 1146 utaris.

639 1184 695 1249 V
744 1183 829 1250 53
901 1185 1121 1258 Ἴσιδος
1174 1189 1209 1261 ἦ
1259 1188 1602 1264 γνωστή.
1656 1184 1958 1273 Legerim
2004 1187 2305 1264 γνωτῆ,
2355 1208 2540 1250 soror.

641 1289 696 1354 V
745 1287 830 1356 6¹7
879 1291 1307 1378 compellatur
1352 1292 1682 1378 Memphis
1726 1293 1829 1357 his
1875 1291 2120 1356 verbis:

913 1401 1028 1462 ποῦ
1077 1421 1167 1461 σοι
1217 1405 1397 1474 λῆμα
1444 1397 1736 1477 κραταιὸν
1786 1397 1846 1461 ἐν
1896 1397 2251 1476 ἀνθρώποισι
2302 1396 2634 1474 τέτυκται,

912 1505 1043 1568 ἀνθ’
1092 1499 1168 1568 ὧν
1214 1503 1513 1582 ἐξεμάνης
1565 1505 1625 1577 ἐς
1679 1502 1859 1580 ἐμοὺς
1908 1501 2142 1575 παῖδας
2194 1503 2574 1582 θεοχρίστους

915 1609 1018 1674 καὶ
1071 1611 1287 1685 κακίην
1332 1611 1593 1692 ὥτρυνας
1645 1613 1744 1675 ἐπ’
1796 1609 2047 1691 ἀνδράσι
2095 1617 2223 1681 τοῖς
2268 1610 2633 1687 &Judaeum

914 1711 1067 1793 ἕξεις
1114 1717 1251 1781 ἀντὶ
1304 1715 1497 1782 τόσων
1545 1724 1705 1782 τοῖον
1750 1715 2052 1797 τροφὸν
2099 1713 2300 1781 εἵνεκα
2351 1722 2577 1789 ποινῆς.

550 1821 651 1886 Ita
700 1821 943 1886 codices
962 1871 977 1898 ,
1028 1824 1153 1886 nisi
1199 1823 1369 1907 quod
1420 1826 1613 1889 tertia
1661 1822 1907 1889 familia
1952 1825 2150 1887 etiam
2188 1823 2373 1909 peius
2405 1825 2626 1886 contra
2663 1825 2952 1886 metrum

552 1926 743 1992 habet
812 1931 1058 2008 τροφήν.
1130 1928 1336 1993 stch
1406 1932 1472 1992 in
1537 1927 1828 1994 ordinem
1889 1931 2128 2013 recepit
2189 1925 2442 1992 Harteli
2488 1928 2950 1993 correctionem

562 2031 799 2111 τρόπον,
842 2054 956 2098 nec
993 2039 1211 2099 tamen
1256 2038 1396 2100 'sine
1442 2033 1838 2099 dubitatione
1856 2081 1872 2112 ,
1923 2036 2061 2119 ipse
2109 2035 2283 2099 enim
2331 2033 2546 2111 τρόμον
2598 2031 2949 2117 legendum

559 2143 915 2225 proposuit.
964 2139 1137 2204 Mihi
1185 2140 1468 2220 Φθόρον
1517 2142 1735 2206 verius
1781 2140 2058 2205 videtur.

644 2245 700 2308 V
744 2244 830 2310 86
926 2251 1157 2323 Θμοῦις
1206 2247 1308 2311 καὶ
1363 2252 1532 2318 Ξοῦις
1578 2246 1980 2323 θλίβεται
2029 2248 2238 2329 (καὶ)
2289 2247 2594 2310 κόπτεται
2642 2246 2805 2318 αὐλὺ

917 2351 1285 2431 Ἡρακλέους
1336 2378 1406 2418 τε
1456 2352 1602 2426 Διός
1655 2377 1723 2417 τε
1775 2353 1879 2417 καὶ
1930 2353 2219 2430 Ἑρμείαο
2269 2349 2659 2427 (ἄνακτος).

556 2456 864 2523 Voculam
928 2459 1030 2522 καὶ
1082 2461 1386 2525 omissam
1430 2464 1497 2525 in
1545 2459 1722 2525 codd.
1773 2458 2100 2545 supplevit
2145 2457 2514 2545 Opsopoeus
2532 2507 2548 2536 ,
2599 2478 2724 2544 quo
2773 2457 2947 2522 facto

556 2564 735 2630 verbi
779 2563 1015 2640 θλίβειν
1060 2565 1332 2643 vocalis,
1383 2586 1543 2652 quae
1592 2586 1845 2650 semper
1883 2570 1949 2630 et
1987 2565 2224 2650 ubique
2262 2563 2460 2650 long-a
2501 2571 2631 2641 est,
2673 2565 2950 2650 pessime

557 2671 916 2756 corripitur.
966 2670 1283 2755 Equidem
1331 2693 1457 2737 non
1503 2672 1729 2737 dubito
1777 2669 1988 2736 deleta
2033 2669 2264 2756 copula
2308 2672 2658 2757 corrigere:

924 2781 1157 2852 Θμοῦις
1207 2776 1309 2842 καὶ
1360 2781 1530 2850 sobac
1580 2777 2061 2856 θλίβονται,
2101 2776 2416 2841 ’κόπτεται
2466 2777 2630 2848 αὐλὴ
2678 2776 2806 2840 κτὲ.

561 2880 730 2968 quod
775 2882 1127 2969 asyndeton
1190 2887 1433 2970 optime
1497 2884 1709 2950 habet.
1772 2882 2066 2948 Fortasse
2123 2883 2242 2948 hoc
2293 2881 2430 2948 loco
2485 2883 2686 2948 fretus
2745 2881 2952 2947 editor

558 2988 663 3053 ΙΙΙ
716 2986 843 3054 187
894 2995 958 3054 et
1004 2987 1156 3054 alibi
1205 2990 1411 3068 θλίψις
1462 2989 1632 3055 male
1679 2988 1882 3054 edidit
1926 3010 2040 3076 pro
2089 2991 2396 3066 θλῒψις.
2472 2986 2595 3053 Sed
2644 3009 2772 3053 non
2819 3007 2952 3052 me-

557 3094 685 3159 lius
733 3101 829 3158 est
879 3091 934 3156 V
985 3087 1112 3158 166
1162 3093 1245 3159 sl.
1293 3094 1462 3174 μίξις
1511 3116 1626 3180 pro
1674 3092 1927 3171 μῖξις.

651 3199 707 3262 V
750 3198 877 3264 100
923 3200 1107 3271 αὐτὸς
1161 3200 1211 3264 δ’
1260 3202 1349 3272 ὡς
1401 3207 1639 3280 Περσῶν
1688 3198 1922 3281 ἔλαχεν
1972 3206 2167 3276 γαῖαν
2220 3195 2567 3276 πολεμίξει.

562 3304 695 3372 Gur
740 3305 943 3370 editor
987 3306 1362 3390 praetulerit
1399 3307 1560 3372 hanc
1601 3306 1936 3371 obscurem
1979 3305 2447 3391 Excerptorum
2487 3304 2952 3370 Parisiensium

562 3413 949 3498 scripturam
994 3433 1109 3495 pro
1158 3411 1451 3476 codicum
1497 3411 1768 3476 lectione
1818 3407 1878 3483 ὃς
1900 3461 1916 3488 ,
1964 3431 2160 3498 quem
2197 3416 2366 3476 recte
2407 3409 2640 3496 reliqui
2678 3410 2954 3476 editores

563 3522 886 3593 secuntur,
936 3538 1040 3581 me
1091 3515 1270 3581 latet.

655 3621 710 3686 V
756 3620 882 3686 105
928 3623 1080 3684 ἀλλ’
1128 3618 1218 3685 ὅτ’
1270 3619 1345 3686 ἂν
1395 3619 1547 3700 ὕψος
1596 3620 1716 3703 ἔχη
1763 3626 2046 3703 κρατερὸν
2096 3621 2202 3686 καὶ
2252 3620 2568 3702 τάρβος
2620 3620 2837 3698 ἀηδές,

928 3724 1053 3804 ἥξει
1100 3727 1201 3792 καὶ
1253 3726 1548 3807 μακάρων
1597 3725 1812 3793 ἐθέλων
1876 3727 2055 3793 πόλιν
2103 3724 2520 3804 ἐξαλαπάξει.

566 3833 690 3914 Qui
751 3834 1090 3919 fastigium
1152 3835 1407 3919 tetigit,
1456 3855 1581 3898 non
1629 3833 1796 3898 solet
1840 3834 2118 3912 ταρβεῖν,
2169 3834 2281 3898 sed
2325 3835 2688 3911 θαρσεῖν,
2736 3834 2954 3916 itaque

566 3941 848 4017 θάρσος
899 3939 1353 4025 corrigendum
1400 3959 1535 4004 esse
1583 3942 1905 4005 existimo.

654 4043 710 4108 V
754 4043 881 4108 193
934 4045 1167 4118 Συήνην
1214 4045 1265 4108 δ’
1314 4043 1543 4109 ὀλέσειε
1595 4047 1866 4123 μέγας
1915 4049 2078 4125 Φῶς
2133 4046 2488 4118 Λίθιοπῆων.

563 4153 852 4217 Permire
897 4151 1367 4227 Antichristus,
1418 4153 1531 4235 qui
1575 4171 1671 4215 vs.
1730 4150 1855 4216 189
1899 4151 2080 4216 audit
2118 4147 2330 4229 ἄγριος
2371 4150 2553 4228 ἀνήρ,
2595 4149 2701 4212 hic
2739 4148 2952 4212 subito

564 4256 745 4322 audit
810 4256 903 4318 vir
966 4279 1225 4336 magjau-3.
1294 4255 1415 4320 Sed
1475 4263 1588 4320 aut
1637 4255 1837 4334 fallor,
1888 4262 2000 4321 aut
2045 4276 2197 4322 vera
2245 4256 2439 4320 huius
2487 4273 2712 4320 versus
2759 4257 2956 4342 scrip-

568 4371 715 4428 tura
762 4369 859 4427 est
