3192 5009
525 231 570 302 2
1535 254 1872 305 nom-rme.

523 422 780 504 inopem
825 417 1005 483 Laris
1052 424 1118 484 et
1162 420 1381 498 fundi,
1433 422 1705 487 scribam
1744 442 1949 487 unum
1989 442 2023 486 e
2062 420 2285 486 multis
2302 470 2319 499 ,
2362 442 2435 487 eo
2476 421 2681 487 acrius
2720 438 2889 486 nunc

525 524 603 589 ab
646 524 881 589 invidis
926 524 1208 591 derisum
1225 574 1242 604 ,
1291 547 1415 611 quo
1462 525 1725 592 meliore
1769 532 1954 593 antea
1999 526 2249 591 fortuna
2293 526 2499 591 fuerat
2534 546 2690 590 usus
2728 524 2887 605 (Sat.

527 630 586 695 1.
616 630 676 696 6.
704 627 789 696 4¹7
815 637 954 716 sq.),
1017 632 1222 697 audax
1271 640 1608 718 paupertas
1626 682 1643 712 ,
1693 654 1851 719 quae
1898 634 1979 699 ad
2024 636 2248 699 satiras
2291 634 2659 718 iambusque
2707 631 2889 697 eden-

525 737 635 802 dos
697 759 883 823 comp
892 738 1011 803 ulit
1026 787 1042 817 ,
1105 746 1322 804 renata
1381 740 1635 806 fortuna
1650 789 1667 818 ,
1732 743 1967 826 partim
2014 742 2217 826 ipsius
2260 743 2518 827 ingenio
2566 740 2775 805 debita
2822 744 2886 804 et

523 843 723 908 officio
783 844 1056 931 Vergilii
1100 844 1398 931 Variique
1445 884 1528 895 —-
1578 846 1807 932 quibus
1870 849 2116 912 animos
2169 853 2338 913 terra
2381 867 2508 937 non
2554 846 2709 910 tulit
2754 844 2887 909 Ho-

521 952 684 1027 ratio
747 949 1165 1017 devinctiores
1209 950 1300 1033 (S.
1355 952 1412 1017 1.
1442 950 1501 1016 5.
1529 950 1644 1034 41)
1693 990 1778 1001 ·—
1825 956 2061 1039 partim
2104 952 2491 1019 Maecenatis
2537 952 2881 1038 patrocinio

521 1061 587 1120 et
633 1053 915 1123 Caesaris
961 1059 1244 1122 amicitia
1290 1060 1777 1146 principumque
1823 1062 2047 1125 aetatis
2092 1062 2413 1138 virorum3
2464 1061 2671 1123 otium
2716 1057 2885 1122 deni-

521 1183 644 1247 que
703 1163 912 1229 rurale
973 1163 1416 1230 dulcissimum
1480 1166 1597 1230 sub
1658 1168 2018 1251 principatu
2063 1167 2346 1253 Augusti
2392 1167 2689 1231 restituta
2731 1184 2881 1250 pace

520 1274 585 1332 et
630 1260 1090 1354 tranquillitate
1136 1270 1274 1335 orbi
1318 1275 1633 1336 terrarum
1678 1271 1986 1358 religione
2032 1273 2442 1357 moribusque
2484 1272 2819 1337 renovatis.

608 1373 730 1439 His
778 1379 1054 1441 externis
1096 1376 1265 1442 haud
1310 1377 1552 1443 leviora
1588 1378 1893 1445 acceth
1928 1385 2252 1445 momenta
2286 1382 2534 1445 interna
2571 1386 2636 1443 et
2671 1380 2880 1465 ipsam

518 1481 794 1546 hominis
838 1482 1120 1548 indolem
1165 1487 1516 1570 spectantia
1532 1533 1549 1563 ,
1599 1506 1757 1571 quae
1805 1486 1881 1550 ab
1928 1484 2126 1551 altera
2169 1491 2349 1572 parte
2394 1505 2705 1571 propensa
2746 1488 2881 1549 erat

516 1588 586 1651 in
643 1590 847 1653 vitam
907 1589 1428 1656 meditabundam
1489 1598 1555 1655 et
1614 1594 2052 1659 inconcussam
2111 1591 2473 1677 philosophi
2490 1639 2506 1668 ,
2555 1589 2712 1655 dum
2756 1588 2879 1653 sibi

517 1714 616 1759 res
661 1714 786 1759 non
831 1716 896 1759 se
943 1696 1129 1760 rebus
1175 1697 1560 1783 subiungere
1606 1697 1902 1763 studebat
1946 1704 2010 1763 et
2047 1716 2235 1763 aurea
2272 1696 2706 1763 mediocritate
2740 1716 2879 1759 con-

517 1805 732 1871 tentus
793 1802 958 1866 sibi
1018 1805 1310 1868 vivere
1371 1802 1660 1881 volebat,
1712 1840 1797 1851 ·—
1846 1825 1994 1869 cum
2038 1803 2208 1869 Iovis
2252 1802 2587 1880 beneficiO,
2644 1820 2877 1887 quem

515 1908 728 1971 satis
775 1912 901 1971 est
946 1928 1186 1974 orare
1233 1908 1449 1993 quod
1494 1909 1745 1974 donat
1789 1915 1872 1974 et
1912 1910 2205 1987 aufert,
2246 1912 2504 1974 vitam
2548 1912 2627 1973 et
2663 1926 2875 1992 opes,

515 2018 660 2077 tum
719 2016 971 2098 propria
1029 2016 1371 2100 sapientia,
1437 2035 1562 2100 qua
1626 2034 1977 2101 aequum
2038 2018 2403 2079 animum
2464 2014 2633 2078 sibi
2696 2014 2877 2097 ipse

513 2124 765 2205 pararet
800 2118 944 2205 (Ep.
991 2119 1050 2184 1.
1083 2118 1164 2185 18
1211 2120 1329 2184 sub
1377 2118 1512 2199 fin.)
1562 2158 1647 2167 —
1696 2120 1771 2184 ab
1820 2119 2019 2185 altera
2063 2128 2243 2205 parte
2289 2140 2326 2183 a
2371 2118 2703 2205 voluptate
2749 2138 2877 2181 non

514 2224 718 2291 aliena
734 2274 750 2304 ,
831 2227 1021 2290 irasci
1101 2224 1322 2290 celeris
1339 2274 1356 2303 ,
1440 2224 1787 2290 ambitione
1858 2246 2256 2311 nequaquam
2321 2246 2523 2290 vacua
2540 2274 2557 2303 ,
2620 2243 2875 2310 poeseos

511 2332 810 2397 fruendae
877 2332 1144 2416 denique
1216 2337 1279 2397 et
1339 2331 1717 2397 exercendae
1777 2331 2075 2397 facultate
2138 2354 2264 2397 non
2326 2334 2541 2397 minus
2601 2330 2877 2418 insignis

512 2460 706 2524 quam
751 2440 1094 2524 sapientiae
1139 2437 1370 2502 studio.

599 2542 672 2610 Si
716 2546 860 2630 quis
901 2545 1107 2629 igitur
1150 2540 1408 2608 Horatii
1451 2544 1736 2607 carmina
1779 2548 1946 2607 recte
1992 2545 2324 2608 aestimare
2364 2548 2430 2607 et
2464 2542 2869 2628 interpretari

509 2650 700 2729 velit,
759 2649 1196 2735 indagandum
1241 2654 1338 2713 est
1383 2668 1576 2733 quam
1624 2649 1760 2711 vim
1807 2647 1960 2713 haec
2008 2652 2219 2713 omnia
2266 2650 2332 2712 in
2378 2651 2597 2733 poesin
2642 2648 2868 2713 habue—

507 2758 653 2821 rint.
705 2754 964 2841 Spectat
1008 2761 1226 2820 autem
1269 2754 1422 2818 haec
1466 2755 1627 2817 ratio
1646 2801 1663 2830 ,
1706 2774 1865 2838 quae
1909 2774 2111 2839 nuper
2156 2754 2416 2819 demum
2461 2752 2755 2829 invaluit,
2802 2750 2868 2815 id

507 2864 830 2948 imprimis
849 2911 865 2940 ,
926 2866 1004 2926 ut
1047 2863 1429 2946 scriptorum
1473 2879 1661 2944 opera
1706 2861 2148 2925 examinentur
2190 2861 2537 2925 secundum
2583 2878 2866 2925 normam

507 2974 574 3035 et
631 2968 926 3054 regulam
984 2987 1109 3030 non
1161 2987 1239 3031 ex
1284 2963 1603 3029 hodiernis
1648 2966 2047 3052 opinionibus
2093 2972 2157 3031 et
2203 2966 2605 3052 praeiudiciis
2650 2962 2867 3030 confic-

506 3081 644 3140 tam
661 3124 678 3153 ,
743 3074 852 3141 sed
913 3094 992 3138 ex
1050 3073 1338 3157 ipsorum
1399 3070 1791 3155 temporibus
1850 3072 2230 3137 desumtam.
2293 3072 2459 3137 Nam
2507 3072 2661 3137 olim
2708 3072 2870 3137 hanc

505 3180 773 3245 alteram
818 3177 1243 3264 sequebantur
1282 3172 1655 3260 plerumque
1693 3175 2069 3242 methodum
2086 3225 2102 3255 ,
2145 3184 2218 3241 ut
2253 3183 2619 3263 temporum
2659 3177 2871 3242 discri-

505 3289 698 3352 minis
743 3287 958 3349 minus
1003 3276 1237 3347 curiosi
1282 3280 1535 3366 singula
1581 3302 1770 3367 opera
1816 3304 1927 3368 per
1972 3304 2037 3348 se
2083 3290 2469 3370 spectarent,
2511 3290 2576 3351 et
2616 3285 2871 3349 damna-

506 3398 648 3459 rent
692 3413 766 3457 ea
807 3390 1218 3456 laudarentve
1265 3384 1376 3451 alii
1424 3386 1628 3465 aliter,
1676 3392 1891 3475 prouti
1938 3392 2244 3475 cuiusque
2284 3394 2496 3455 sensui
2512 3441 2529 3470 ,
2570 3393 2683 3477 qui
2722 3390 2869 3455 dici-

506 3506 631 3577 tur,
681 3500 926 3584 poetico
971 3493 1223 3581 singula
1269 3490 1588 3578 placerent
1632 3499 1744 3557 aut
1789 3493 2225 3580 displicerent3
2276 3518 2401 3581 qua
2443 3499 2685 3563 ratione
2730 3496 2869 3561 fieri

505 3626 630 3669 non
697 3604 910 3688 potuit
976 3602 1130 3685 quin
1200 3599 1324 3662 viri
1384 3599 1576 3682 probe
1639 3605 1854 3665 tamen
1914 3599 2083 3665 docti
2142 3607 2207 3666 et
2264 3608 2555 3668 veterum
2598 3601 2867 3667 lectione

505 3711 763 3797 egregie
827 3706 1065 3771 imbuti
1131 3706 1200 3767 in
1267 3704 1493 3769 iisdem
1555 3704 1742 3769 rebus
1802 3706 2207 3771 aestimandis
2269 3729 2451 3794 saepe
2512 3714 2647 3774 toto
2696 3709 2865 3775 caelo

502 3819 670 3882 inter
715 3836 780 3880 se
820 3813 1258 3896 discreparent.

596 3921 902 3985 Omnium
962 3918 1264 3982 acerrime
1325 3916 1485 3980 hanc
1543 3919 1787 3983 critices
1848 3921 2156 3985 rationem
2198 3924 2612 4008 impugnavit
2658 3921 2784 3987 Ma
2800 3920 2864 3985 d-

503 4030 827 4115 vigius,
893 4026 1005 4109 qui
1063 4025 1132 4087 in
1191 4021 1583 4087 Adversariis
1644 4018 1894 4089 Criticis
1943 4024 2111 4108 (Vol.
2166 4026 2199 4093 1
2248 4051 2309 4114 p.
2358 4026 2471 4109 83)
2532 4028 2861 4115 disputans

504 4135 580 4202 de
627 4130 1099 4219 tragoediarum
1137 4124 1521 4195 Graecarum
1560 4128 2069 4196 emendatoribus
2102 4132 2253 4197 haec
2287 4136 2589 4198 inseruit:
2634 4133 2859 4211 „Prae-

507 4244 754 4319 „iverat
815 4239 883 4302 in
940 4236 1058 4301 hoc
1115 4235 1366 4299 criticae
1426 4254 1655 4319 genere
1714 4236 1781 4299 in
1841 4233 2083 4299 Latinis
2128 4234 2808 4328 Hofman-Peerlkamp
2828 4286 2846 4317 ,

506 4348 662 4433 „qui
729 4366 879 4413 cum
949 4362 1094 4408 suas
1161 4339 1430 4406 Horatio
1493 4340 1695 4429 poesis
1753 4338 1929 4425 leges
1990 4342 2340 4429 scripsisset
2399 4350 2464 4409 et
2508 4343 2747 4411 multos
2792 4346 2859 4409 in
