3192 5009
484 343 616 412 354
1285 359 1372 411 nn
1417 358 1689 411 {vaurms
1730 359 2030 410 nomme.

484 530 615 596 vid.
664 529 874 610 infra).
938 529 1160 615 Itaque
1205 527 1342 594 loca
1386 527 1566 593 nulla
1613 533 1983 614 supererant
2026 528 2423 614 temporibus
2470 524 2583 594 Gai
2630 533 2695 591 et
2742 521 2853 590 Ul·

484 639 660 722 piani
680 684 695 713 ‚
759 656 918 722 quae
937 685 953 714 ,
1016 635 1184 721 quod
1244 639 1450 702 essent
1493 637 1878 722 inaugurate
1924 657 2109 718 neque
2156 640 2513 700 consecrata
2532 681 2547 708 ,
2598 653 2702 697 eos
2746 631 2857 696 ad·

485 762 740 807 monere
807 743 1166 827 potuissent
1235 745 1312 805 ut
1377 743 1546 806 inter
1605 740 1827 805 modos
1887 741 2118 826 quibus
2178 739 2320 805 loca
2380 739 2603 804 fierent
2648 738 2855 802 divini

482 850 640 912 iuris
701 849 897 912 etiam
955 851 1267 913 rationem
1312 846 1615 912 haberent
1658 849 2189 934 inaugurationis.
2238 845 2298 910 N
2300 865 2405 910 am
2453 842 2647 911 Curia
2692 843 2857 908 Hos-

484 952 626 1018 tilia
683 955 815 1017 iam
872 974 928 1017 a.
982 952 1066 1017 52
1131 953 1338 1025 deleta
1395 960 1565 1030 erat;
1632 951 1859 1018 Rostra
1918 951 2145 1018 Vetera
2207 954 2371 1016 eirca
2415 972 2453 1015 a
2502 949 2589 1014 44
2640 949 2857 1014 diruta

483 1064 666 1136 sunt;
729 1058 956 1124 Rostra
1012 1058 1182 1124 Iulia
1241 1064 1460 1124 autem
1511 1095 1596 1106 -
1648 1058 1910 1123 fortasse
1974 1059 2171 1123 etiam
2232 1056 2461 1122 Rostra
2519 1056 2705 1121 Nova
2764 1091 2857 1104 —

483 1185 870 1251 quamquam
929 1169 1110 1230 erant
1173 1163 1414 1250 templa
1431 1213 1448 1242 ‚
1513 1171 1729 1230 tamen
1775 1165 1953 1228 etiam
2000 1169 2181 1229 erant
2223 1165 2639 1249 inaugurata5
2686 1163 2859 1224 inter

479 1269 622 1336 loca
688 1273 755 1334 in
824 1291 983 1356 quae
1049 1277 1270 1356 postea
1331 1277 1590 1336 senatus
1653 1273 1871 1336 vocari
1918 1268 2160 1335 solebat
2175 1317 2192 1346 ‚
2242 1289 2403 1354 quae
2446 1271 2735 1332 maxima
2777 1287 2863 1331 ex

481 1382 661 1464 parte
709 1376 1058 1443 secundum
1103 1397 1350 1442 morem
1385 1375 1562 1441 illius
1601 1378 1908 1461 temporis
1946 1377 2142 1440 etiam
2181 1375 2437 1440 fuerunt
2477 1377 2861 1448 consecrata,

483 1484 541 1546 si
600 1483 762 1548 forte
825 1483 1083 1548 fuerunt
1127 1503 1287 1569 quae
1335 1486 1692 1548 consecrata
1738 1503 1857 1544 non
1904 1487 2112 1546 essent
2130 1529 2147 1558 ,
2197 1487 2414 1546 tamen
2458 1482 2529 1544 in
2574 1481 2861 1564 antiquis

483 1587 857 1672 pontificum
928 1588 1108 1653 libris
1177 1591 1566 1653 mentionem
1640 1587 1716 1652 de
1785 1590 1877 1652 eis
1946 1588 2180 1652 factam
2250 1585 2498 1652 nullam
2564 1587 2859 1650 invenite

483 1699 828 1779 potuerunt
895 1693 1365 1770 iurisconsulti;
1452 1695 1545 1758 ita
1614 1696 1705 1758 eis
1772 1695 2071 1780 ignotum
2140 1695 2379 1758 mansit
2394 1741 2411 1770 ,
2482 1712 2583 1757 res
2657 1693 2861 1756 etiam

483 1802 972 1886 inauguratione
1015 1799 1153 1865 fieri
1199 1800 1400 1866 divini
1443 1803 1625 1865 iuris.

980 2014 1082 2099 §2
1137 2033 1221 2079 nn
1267 2032 1414 2079 nrm
1457 2031 1995 2080 mausmnoms
2040 2032 2355 2082 Looomm.

575 2228 876 2292 Actiones
921 2224 1258 2292 sollemnes
1273 2275 1290 2303 ,
1339 2227 1571 2311 quibus
1619 2227 2057 2292 continebatur
2100 2229 2481 2292 caerimonia
2518 2225 2643 2291 loci
2682 2229 2867 2290 inau-

487 2331 760 2418 gurandi
777 2380 792 2409 ‚
865 2332 1260 2418 pertinebant
1333 2331 1400 2396 10
1461 2332 1538 2397 ad
1601 2334 1882 2417 auspicia
1943 2332 2020 2397 de
2078 2332 2214 2397 loco
2260 2331 2593 2418 capienda;
2663 2331 2735 2396 2⁰
2782 2329 2867 2395 ad

484 2438 699 2504 locum
746 2437 1179 2517 liberandum;
1231 2437 1302 2503 3⁰
1348 2439 1426 2504 ad
1471 2438 1687 2504 locum
1732 2439 2243 2518 terminandum3
2296 2439 2366 2504 4⁰
2412 2439 2493 2504 ad
2539 2437 2865 2524 templum

487 2547 703 2610 minus
749 2544 1296 2623 constituendum;
1349 2544 1418 2609 5⁰
1459 2544 1538 2608 ad
1577 2544 1795 2610 locum
1832 2545 2167 2611 effandum.
2210 2545 2481 2611 Difficile
2520 2543 2699 2610 dictu
2740 2549 2863 2622 est,

488 2671 615 2736 quo
675 2650 888 2716 ordine
950 2652 1104 2716 haec
1169 2649 1502 2716 sollemnia
1562 2652 1641 2716 ab
1686 2652 2040 2738 auguribus
2088 2657 2341 2738 peracta
2385 2654 2551 2729 sint;
2604 2651 2683 2716 de
2732 2653 2864 2714 sin·

487 2756 660 2846 gulis
723 2777 914 2842 agam
961 2778 1034 2822 eo
1082 2756 1298 2822 ordine
1318 2806 1333 2834 ,
1384 2778 1510 2842 quo
1562 2778 1636 2823 ea
1680 2761 2006 2824 nominavi
2022 2807 2039 2836 ,
2088 2779 2282 2844 quem
2328 2758 2493 2822 mihi
2538 2777 2863 2822 commen-

489 2862 636 2934 dare
703 2862 959 2927 videtur
1027 2864 1193 2955 ratio
1263 2865 1373 2928 rei.
1451 2901 1535 2912 --
1606 2863 1883 2928 Eaedem
1930 2867 2205 2930 actiones
2223 2911 2239 2942 ,
2289 2883 2445 2949 quas
2490 2863 2827 2930 nominavi
2844 2912 2863 2940 ,

491 2970 688 3034 etiam
755 2969 1220 3055 peragebantur
1289 2990 1468 3034 cum
1553 2968 1940 3035 coloniae
2026 2970 2619 3046 conderentur,
2690 2967 2863 3054 quod

488 3076 704 3158 ipsum
727 3076 881 3138 satis
912 3075 1135 3160 probat
1173 3077 1885 3140 constitutionem
1924 3073 2313 3140 coloniae
2351 3073 2581 3139 nihil
2619 3073 2867 3139 aliud

489 3179 760 3244 fuisse
845 3200 1083 3264 quam
1169 3183 1932 3267 inaugurationem
2017 3180 2390 3267 aliquam
2472 3180 2675 3259 loci;
2748 3181 2865 3246 sed

488 3294 702 3352 tamen
751 3275 990 3373 species
1025 3289 1534 3374 inaugurationis
1553 3336 1570 3364 ,
1616 3309 1740 3373 qua
1780 3287 2062 3354 coloniae
2099 3289 2543 3366 condebantur,
2585 3288 2866 3354 habebat

488 3392 794 3457 nonnulla
839 3396 1092 3479 propria
1137 3394 1368 3479 quibus
1417 3393 1740 3459 differebat
1788 3415 1823 3458 a
1871 3394 2133 3479 reliquis
2181 3393 2470 3460 locorum
2515 3396 2867 3480 inaugura-

491 3499 772 3563 tionibus
789 3548 804 3577 ,
863 3505 928 3566 et
973 3501 1051 3565 ob
1103 3520 1246 3565 eam
1293 3520 1550 3565 causam
1597 3500 1673 3566 de
1720 3497 1793 3566 ea
1838 3501 2226 3587 singillatim
2274 3521 2461 3587 agere
2506 3500 2674 3565 mihi
2720 3521 2865 3585 pro-

491 3607 702 3692 posui,
753 3611 816 3670 et
853 3607 912 3670 ei
953 3609 1272 3671 reservavi
1307 3607 1778 3692 paragraphum
1816 3617 2083 3672 sextam.
2132 3605 2569 3672 Nihilominus
2606 3627 2865 3671 necesse

493 3712 658 3776 mihi
721 3713 842 3775 erit
885 3713 1018 3775 iam
1062 3710 1183 3776 hoc
1227 3711 1362 3777 loco
1379 3761 1396 3788 ,
1443 3714 1512 3776 in
1558 3710 1981 3778 describendis
2024 3711 2299 3799 singulis
2347 3711 2633 3797 partibus
2678 3714 2867 3776 inau-

493 3819 851 3904 gurationis
911 3819 1244 3882 universae
1303 3815 1591 3882 locorum
1612 3866 1629 3894 ‚
1670 3817 1993 3882 interdum
2039 3821 2351 3883 rationem
2396 3817 2624 3883 habere
2672 3819 2867 3882 actio—

493 3945 653 3988 num
694 3921 1011 3988 similium
1059 3943 1220 4009 quae
1265 3925 1332 3987 in
1370 3924 1633 3988 urbibus
1672 3923 2007 3989 condendis
2048 3924 2530 4011 peragebantur,
2557 3928 2623 3988 et
2646 3921 2869 3988 afferre

494 4028 666 4095 locos
725 4035 1061 4095 auctorum
1119 4027 1458 4094 nonnullos
1505 4050 1665 4115 quae
1714 4030 1793 4094 ad
1838 4033 2040 4095 ritum
2086 4031 2347 4095 urbium
2394 4029 2869 4096 condendarum

496 4137 816 4220 pertinent
833 4183 847 4212 ,
897 4137 1046 4222 quia
1090 4156 1170 4200 ex
1213 4135 1314 4200 his
1361 4135 1548 4201 rebus
1569 4185 1584 4213 ,
1636 4141 1701 4200 et
1746 4137 2071 4220 imprimis
2117 4157 2195 4201 ex
2241 4135 2469 4201 multis
2514 4133 2671 4201 locis
2718 4155 2867 4201 auc-

495 4247 709 4305 torum
756 4261 829 4306 eo
874 4241 1334 4326 pertinentibus
1352 4290 1369 4320 ‚
1419 4263 1605 4328 saepe
1649 4240 1863 4327 aliqua
1904 4239 2019 4306 lux
2067 4241 2273 4307 afferri
2318 4243 2553 4328 poterit
2598 4261 2747 4306 cum
2785 4239 2868 4305 de

498 4351 794 4414 universa
838 4347 1124 4414 locorum
1167 4350 1658 4436 inauguratione
1704 4369 2104 4433 quaeramus.
