3192 5009
966 283 1050 334 nn
1092 279 1712 334 maneum-nomm
1756 283 2056 333 nomme.
2569 265 2700 332 443

330 449 517 514 nibus
560 449 1045 536 magistratibus
1092 469 1343 534 semper
1386 447 1667 515 liberum
1711 449 1839 514 fuit
1873 452 1942 514 in
1981 452 2114 515 suis
2151 452 2504 517 actionibus
2542 472 2702 538 quae

332 554 411 620 ad
470 557 730 620 comitia
788 557 1032 620 curiata
1092 561 1206 620 aut
1252 557 1605 621 centuriata
1649 577 1774 622 non
1817 559 2206 642 pertinerent
2250 561 2546 624 omittere
2589 563 2704 624 aut

330 657 681 747 relinquere
738 660 1007 727 Senatus
1050 663 1516 727 Auctoritatem
1534 711 1551 740 ,
1601 665 1692 728 sic
1733 665 2013 729 interrex
2060 665 2257 729 etiam
2301 666 2438 730 sine
2481 685 2556 730 ea
2597 663 2705 730 vel

332 773 547 834 contra
606 787 749 833 eam
812 789 1032 856 regem
1093 787 1301 834 creare
1348 771 1563 854 potuit
1588 774 1658 849 ¹).
1711 807 1796 818 —
1843 768 1998 836 Inde
2041 773 2395 836 transeunti
2440 771 2518 836 ad
2565 791 2706 837 con-

330 873 757 940 firmationem
816 878 1000 960 regni
1018 923 1035 952 ,
1096 873 1507 940 indicandum
1562 875 1728 940 mihi
1792 882 1890 941 est
1948 878 2235 962 primum
2279 882 2592 963 quatenus
2635 879 2704 942 in

332 999 407 1045 ea
464 980 661 1045 fuerit
714 982 979 1044 initium
1038 983 1257 1068 regni3
1318 979 1543 1046 deinde
1609 983 1678 1046 in
1737 981 2118 1067 quibusnam
2175 982 2362 1049 rebus
2410 985 2706 1049 constite-

330 1089 419 1151 rit
434 1135 451 1164 ,
498 1084 767 1172 denique
815 1085 969 1172 quid
1014 1086 1311 1153 valuerit.
1336 1125 1422 1137 —-
1446 1087 1744 1152 Primum
1781 1108 1897 1173 pro
1936 1093 2107 1154 certo
2145 1088 2446 1154 affirmari
2482 1088 2668 1156 debet
2685 1138 2702 1168 ,

326 1195 593 1259 initium
639 1196 823 1279 regni
866 1194 1061 1260 fuisse
1108 1201 1252 1260 ante
1298 1194 1862 1260 confirmationem.
1923 1194 2064 1260 Hoc
2103 1198 2276 1261 enim
2311 1198 2589 1282 pertinet
2625 1194 2704 1260 ad

324 1303 533 1387 ipsam
578 1305 875 1366 naturam
921 1300 1415 1366 confirmationis
1433 1350 1450 1379 ,
1498 1321 1661 1387 quae
1706 1301 1823 1366 sub
1867 1301 2129 1389 regibus
2175 1299 2300 1366 alia
2345 1301 2540 1368 fuisse
2577 1323 2703 1366 non

324 1411 537 1492 potest
597 1425 791 1492 quam
850 1413 996 1492 post
1056 1427 1239 1493 reges
1301 1412 1586 1485 exactos;
1656 1406 2049 1478 confirmatio
2111 1410 2165 1472 si
2225 1412 2372 1474 ante
2437 1409 2703 1472 initium

324 1515 509 1600 regni
554 1511 720 1577 facta
770 1517 935 1578 esset
954 1561 971 1590 ,
1019 1533 1145 1577 non
1191 1533 1306 1598 per
1349 1533 1415 1578 se
1462 1515 1745 1578 stetisset
1762 1562 1779 1591 ,
1830 1513 1941 1579 sed
1985 1513 2210 1580 fuisset
2254 1534 2400 1600 pars
2445 1516 2703 1580 creatio-

322 1621 443 1684 nis.
484 1618 910 1705 Magistratus
950 1617 1187 1684 liberae
1220 1618 1608 1703 reipublicae
1631 1625 1850 1684 autem
1873 1621 2160 1706 primum
2181 1623 2434 1702 iniisse,
2479 1618 2702 1686 deinde

327 1724 729 1790 confirmatos
792 1746 925 1791 esse
980 1730 1152 1790 certo
1200 1727 1439 1790 scimus
1464 1723 1547 1804 ²);
1591 1725 1944 1792 sacerdotes
1988 1731 2134 1791 tum
2179 1725 2442 1791 demum
2488 1725 2705 1791 confir-

324 1836 533 1897 matos
580 1851 715 1897 esse
760 1834 1086 1910 novimus,
1138 1851 1286 1896 cum
1334 1831 1686 1896 sacerdotes
1731 1832 1881 1897 facti
1921 1836 2130 1897 essent
2166 1831 2322 1912 (vid.
2361 1831 2508 1896 infr.
2549 1830 2698 1917 54).

330 1937 495 2004 Eam
537 1939 748 2023 ipsam
792 1937 871 2002 ob
916 1955 1175 2002 causam
1218 1939 1287 2000 in
1326 1937 1445 2002 hac
1482 1957 1550 2001 re
1587 1939 1766 2023 sequi
1803 1937 2107 2003 debemus
2145 1934 2514 2004 Ciceronem
2530 1987 2548 2016 ,
2589 1940 2702 2023 qui

329 2064 513 2131 reges
558 2067 597 2106 a
640 2065 705 2106 ee
748 2042 903 2126 ipsis
946 2041 1347 2108 confirmatos
1394 2063 1529 2109 esse
1575 2042 1918 2108 affirmavit
1954 2049 2294 2130 postquam
2328 2063 2512 2130 reges
2549 2043 2703 2108 facti

329 2155 537 2215 essent
581 2153 754 2236 (pag.
796 2147 927 2214 442
975 2149 1117 2213 adn.
1143 2147 1234 2228 3),
1281 2148 1452 2234 quod
1488 2169 1633 2214 eam
1672 2169 1808 2214 rem
1847 2149 1924 2214 ab
1963 2151 2100 2214 eius
2139 2154 2394 2214 auctore
2431 2147 2700 2234 Polybio

327 2276 362 2321 e
400 2256 588 2321 rebus
624 2253 857 2321 liberae
894 2254 1278 2341 reipublicae
1316 2261 1644 2341 sumptam
1685 2277 1821 2321 esse
1845 2259 2089 2320 constat
2112 2261 2312 2340 (supr.
2339 2274 2489 2341 pag.
2515 2253 2697 2334 440),

327 2367 393 2427 et
455 2363 593 2428 eius
646 2364 1021 2427 auctoritate
1067 2364 1171 2426 uti
1216 2361 1517 2427 debemus
1564 2361 1645 2426 ad
1691 2359 2136 2447 corrigendum
2183 2379 2461 2425 errorem
2507 2379 2699 2445 quem

328 2467 675 2555 Dionysius
720 2487 1198 2553 nonnumquam
1244 2467 1504 2533 admisit
1549 2473 1768 2553 (quem
1811 2467 1980 2532 infra
2021 2464 2372 2546 indicabo),
2422 2487 2572 2531 cum
2620 2466 2696 2531 de

322 2575 443 2639 hac
502 2595 569 2639 re
629 2577 845 2639 minus
902 2572 1243 2660 diligenter
1302 2595 1497 2661 agens
1558 2575 1823 2639 initium
1875 2575 2060 2660 regni
2103 2593 2230 2638 non
2275 2571 2487 2637 solum
2529 2571 2695 2636 facto

326 2680 437 2746 sed
485 2682 675 2746 etiam
726 2683 867 2745 iure
914 2685 1227 2766 repeteret
1272 2700 1309 2745 a
1356 2679 1830 2745 confirmatione
1874 2680 2168 2766 perfecta.
2241 2677 2366 2743 Sed
2411 2698 2450 2743 a
2493 2679 2698 2764 magi-

326 2786 635 2851 stratibus
668 2788 865 2852 etiam
904 2786 1211 2869 auspicato
1250 2788 1663 2851 caerimonias
1703 2784 2006 2871 quasdam
2045 2789 2328 2870 peractas
2365 2804 2500 2850 esse
2521 2785 2697 2848 novi-

327 2913 475 2957 mus
492 2943 508 2976 ,
574 2892 807 2978 quibus
857 2895 1065 2979 primo
1112 2889 1215 2958 die
1258 2894 1546 2977 primum
1590 2896 1970 2976 usurparent
2015 2910 2246 2956 novam
2289 2893 2693 2975 potestatem.

325 2995 463 3063 Hos
510 2998 600 3060 bie
646 2997 723 3063 de
770 3018 837 3064 se
884 3000 1164 3084 auspicia
1208 3000 1558 3083 captavisse
1607 3000 1908 3062 novimus
1923 3045 1938 3072 ,
1986 2999 2273 3082 primum
2316 3015 2390 3060 eo
2429 2994 2532 3059 die
2568 3013 2694 3079 quo

324 3106 782 3191 magistratum
840 3105 1086 3170 inibant
1103 3151 1119 3182 ,
1170 3103 1246 3169 de
1293 3102 1464 3168 caelo
1512 3103 1852 3184 (Mnemos.
1901 3101 2117 3166 XVIII
2161 3121 2308 3188 pag.
2357 3097 2488 3166 219
2535 3105 2656 3185 sq.)
2673 3147 2691 3178 ,

324 3210 549 3277 deinde
588 3231 661 3276 eo
699 3211 801 3277 die
840 3231 965 3296 quo
1001 3209 1217 3297 legem
1258 3213 1571 3276 curiatam
1609 3210 1730 3275 sibi
1767 3209 2052 3275 ferebant
2089 3205 2430 3288 (Mnemos.
2477 3203 2694 3270 XVIII

323 3337 471 3404 pag.
536 3315 715 3397 233).
784 3317 926 3404 Ego
985 3316 1052 3381 id
1114 3316 1193 3382 ad
1253 3337 1435 3404 reges
1496 3317 1834 3382 transferre
1889 3315 2107 3381 nolim.
2175 3313 2358 3394 Quod
2418 3333 2692 3401 augures

324 3444 477 3488 mox
537 3425 606 3488 in
664 3422 1137 3490 confirmatione
1199 3426 1349 3490 novi
1408 3426 1578 3512 regis
1634 3426 1830 3489 etiam
1875 3422 1952 3488 de
1998 3443 2070 3488 eo
2117 3421 2470 3487 consulturi
2515 3427 2694 3486 erant

390 3674 439 3732 1)
478 3671 829 3721 Auctoritatem
868 3671 1073 3718 Patr-um
1106 3667 1247 3717 bodie
1280 3667 1479 3716 dicimus
1514 3667 1863 3718 Auctoritatem
1897 3667 2098 3715 Senatus
2129 3663 2359 3730 (patricii)
2395 3679 2490 3729 qua
2523 3665 2689 3714 conflr-

322 3753 577 3804 mabantur
620 3751 815 3800 comitia
858 3751 1042 3800 curiata
1088 3753 1137 3799 et
1178 3749 1471 3806 centuriata,
1505 3747 1608 3798 eine
1641 3763 1736 3812 qua
1767 3763 1822 3796 ea
1854 3747 2049 3796 comitia
2083 3749 2192 3796 rata
2226 3761 2322 3796 nou
2354 3761 2452 3796 esse
2485 3746 2690 3797 iusserat

325 3836 399 3884 lex
442 3834 659 3900 specialis
702 3833 984 3899 perantiqua
1002 3871 1015 3890 ,
1058 3847 1099 3881 a.
1151 3832 1247 3882 509
1293 3834 1346 3880 ut
1390 3829 1583 3880 videtur
1630 3834 1879 3887 renovata3
1931 3829 2285 3879 Auctoritatem
2329 3829 2535 3878 &ndu
2575 3843 2690 3878 vero

322 3916 521 3966 dicimus
572 3919 731 3965 totum
780 3929 927 3979 genus
976 3913 1268 3978 reliquarum
1318 3912 1674 3962 Auctoritatum
1737 3927 1854 3975 quas
1905 3912 1962 3960 de
2021 3909 2308 3976 quibuslibet
2364 3908 2502 3960 rebus
2549 3910 2691 3960 dabat

322 4001 523 4049 Senatus
556 3997 809 4064 (patricius
842 3998 897 4046 ad
934 4011 979 4046 a.
1014 3997 1131 4054 400,
1168 3999 1331 4062 postea
1364 3995 1543 4060 partim
1576 3994 1808 4060 patricius
1841 3994 2019 4060 partim
2051 3992 2306 4060 plebeius),
2339 4007 2457 4057 quas
2487 4007 2620 4057 reges
2641 3997 2690 4043 et

322 4082 628 4146 magistratus
674 4094 767 4129 non
816 4078 918 4142 lege
948 4082 1135 4127 coactos
1166 4077 1247 4126 sed
1280 4075 1491 4126 moribus
1524 4075 1769 4125 obsecutos
1803 4076 1860 4124 de
1893 4075 1990 4125 suis
2025 4074 2286 4124 actionibus
2319 4074 2472 4124 lacere
2501 4077 2690 4140 oporte-

322 4165 419 4223 bat,
455 4179 571 4229 quas
604 4177 716 4212 vero
750 4162 895 4211 etiam
922 4175 1008 4210 suo
1037 4161 1142 4209 iure
1171 4160 1393 4208 omittere
1424 4162 1508 4208 aut
1538 4159 1754 4208 deserere
1769 4161 2005 4224 poterant.
2047 4185 2109 4196 -
2146 4159 2200 4218 2)
2227 4157 2325 4206 Cic.
2345 4157 2456 4207 fam.
2477 4159 2522 4208 1.
2540 4160 2588 4207 9.
2607 4159 2688 4207 252

330 4247 540 4312 ..Appius
574 4284 585 4295 .
606 4283 617 4295 .
642 4283 653 4294 .
688 4243 812 4292 dixit
844 4243 896 4292 in
928 4246 1095 4292 senatu
1131 4241 1314 4306 pelam,
1350 4255 1473 4298 sese.
1506 4240 1547 4290 ni
1582 4239 1768 4290 licitum
1801 4243 1924 4290 esset
1957 4239 2109 4304 legem
2141 4239 2376 4289 curiatam
2407 4239 2557 4299 ferre,
2591 4255 2690 4290 sor·

324 4327 531 4378 titutum
564 4341 661 4376 ense
694 4341 801 4375 cum
838 4323 1020 4388 collega
1054 4321 1373 4388 provinciae&
1412 4322 1541 4372 Alios
1576 4321 1704 4372 locos
1740 4323 1908 4373 afferre
1943 4337 2060 4388 opus
2095 4337 2188 4372 non
2223 4325 2296 4371 eet
2329 4322 2378 4371 in
2413 4337 2464 4372 re
2501 4323 2694 4374 minime

324 4409 480 4460 dubia.
