3192 5009
1210 278 1529 326 nonanus.
2437 251 2567 318 303

232 448 525 513 suetudine
580 450 841 514 recessit
896 451 1013 512 aut
1056 446 1305 511 librarii
1346 466 1459 510 nos
1504 444 1934 510 ludificantur.
1983 443 2204 508 Etiam
2247 439 2570 506 Homerus

230 554 387 640 loqui
424 552 569 620 solet
610 557 737 619 sic:
792 565 843 618 A
875 550 1006 619 38¹7
1054 555 1385 633 Ἀτρείωνα
1424 553 1477 616 δ’
1517 548 1740 615 ἔπειτα
1778 550 1971 631 χόλος
2011 549 2233 627 λάβεν,
2283 557 2327 611 Β
2356 546 2396 611 2
2439 547 2566 610 Δία

232 661 395 726 δὀὐκ
437 658 537 741 ἔχε
581 661 840 738 νήδυμος
890 657 1107 737 ὕπνος,
1158 670 1201 724 Β
1228 657 1315 724 33
1361 656 1523 736 μηδὲ
1570 681 1642 722 σε
1696 658 1846 732 λήθη
1888 654 2173 737 αἱρεέτω,
2213 649 2314 718 ὅτε
2357 652 2457 717 κέν
2495 675 2565 715 σε

230 767 508 848 μελίφρων
564 765 745 840 ὕπνος
811 768 1016 850 cisely,
1082 777 1125 830 Β
1155 763 1237 832 71
1290 765 1401 840 ἐμὲ
1464 766 1525 830 δὲ
1589 755 1828 842 γλυκὺς
1879 761 2057 834 ὕπνος
2105 765 2327 837 άνῆκε,
2397 770 2451 822 Δ
2481 755 2568 822 23

230 871 393 952 χόλος
453 873 509 938 δέ
575 897 681 950 μιν
754 871 964 953 ἄγριος
1036 870 1197 954 ᾕρει,
1270 870 1507 949 Δ229,
1574 879 1624 935 E
1657 869 1806 947 136,
1859 879 1908 934 Z
1942 865 2092 946 137,
2123 866 2274 944 166,
2326 863 2568 942 Ν581,

230 989 269 1045 1>
294 979 409 1045 143
448 980 611 1046 alibi.
674 980 1007 1066 Imprimis
1070 1001 1175 1044 me
1239 979 1518 1044 advertit
1564 989 1624 1043 A
1651 975 1786 1043 269
1832 977 1932 1040 ὅτε
1979 977 2037 1041 κ’
2085 973 2406 1038 ὠδίνουσαν
2453 970 2570 1052 ἔχῃ

228 1087 391 1164 βέλος
433 1087 527 1165 ὀξὺ
564 1095 841 1164 γυναῖκα
859 1135 877 1165 ,
918 1085 1029 1151 sed
1066 1107 1219 1150 mox
1254 1084 1557 1172 Ilithyiae
1594 1087 1773 1170 ipsae
1812 1083 2034 1163 πικράς
2061 1081 2275 1152 &arm
2301 1078 2567 1159 ἔχουσιν.

228 1193 335 1259 Sed
375 1197 529 1259 inter
569 1193 919 1281 legendum
962 1213 1199 1278 paucos
1248 1190 1562 1277 quosdam
1608 1190 1780 1255 locos
1827 1190 2160 1255 observavi
2206 1189 2319 1272 qui
2357 1205 2572 1270 perpe-

228 1307 353 1366 tuae
393 1321 637 1366 normae
686 1305 1081 1386 repugnant:
1134 1308 1160 1362 1
1188 1296 1318 1363 305
1369 1296 1610 1362 λύσσαν
1656 1296 1815 1376 ἔχων
1863 1295 2057 1372 ὀλοήν,
2102 1305 2143 1360 Ρ
2175 1291 2303 1358 565
2325 1289 2566 1369 Ἕκτωρ

228 1406 383 1484 τυρὸς
429 1406 579 1471 αἰνὸν
624 1405 761 1488 ἔχει
809 1407 1023 1483 μένος,
1073 1414 1118 1470 Γ
1147 1404 1282 1469 412
1330 1403 1457 1484 ἔχω
1506 1404 1559 1468 δ’
1599 1403 1750 1484 ἄχε’
1807 1400 2032 1482 ἄκριτα
2086 1402 2276 1478 θυμῷ.
2325 1397 2571 1482 Ecquid

227 1531 321 1576 vos
382 1511 679 1578 censetis?
748 1512 893 1597 Ipse
956 1503 1185 1596 anceps
1240 1509 1471 1576 haereo
1530 1531 1736 1596 neque
1794 1508 1996 1574 audeo
2057 1505 2348 1593 proloqui
2417 1503 2571 1588 quid

226 1619 485 1704 suspicer.

298 1831 519 1896 XXXI.
580 1830 763 1911 Quod
809 1835 1149 1918 scripsistis
1199 1831 1418 1898 1327:
1544 1833 1555 1842 '

459 1939 703 2018 άνδράσι
750 1939 1345 2017 μαρναμένοισ’
1394 1938 1581 2017 ὀάρων
1629 1935 1810 2004 ’ἕνεκα
1858 1936 2274 2018 ceper-epicum,

234 2049 375 2109 recte
432 2047 770 2131 scripsistis
786 2095 805 2123 ,
869 2067 1022 2110 nam
1080 2043 1395 2112 Codicum
1437 2045 1627 2111 lectio
1674 2045 2063 2122 μαρνάμενος
2107 2043 2490 2108 iamdudum
2536 2061 2573 2105 a

230 2150 361 2212 viris
401 2150 591 2216 doctis
638 2153 937 2216 certatim
982 2156 1262 2216 correcta
1310 2157 1424 2216 est.
1477 2148 1648 2217 Cum
1696 2149 1974 2216 Oobetus
2023 2155 2121 2215 tot
2165 2149 2576 2239 millia-loco-

232 2273 355 2318 rum
419 2255 705 2322 sollerter
767 2257 1234 2335 emendaverit,
1308 2257 1575 2322 fortasse
1646 2256 1819 2322 haud
1885 2255 2230 2322 illubenter
2297 2256 2573 2322 audietis

233 2359 373 2424 hunc
414 2362 624 2427 locum
670 2365 965 2427 omnium
1011 2365 1302 2449 primum
1342 2384 1379 2427 a
1416 2383 1673 2428 summo
1711 2365 1851 2428 viro
1890 2367 2212 2426 tentatum
2249 2383 2402 2428 esse.
2451 2362 2576 2427 Res

236 2469 311 2528 est
365 2467 686 2533 eiusmodi.
758 2467 905 2534 Duo
950 2475 1100 2534 sunt
1145 2469 1373 2534 fratres
1420 2468 1666 2546 Bootii‚
1713 2473 1947 2556 vegeta
1993 2473 2316 2534 senectute
2363 2489 2578 2554 super-

236 2572 415 2652 stites;
460 2574 693 2639 horum
742 2574 905 2644 alter
946 2581 1207 2661 propter
1252 2575 1405 2640 felix
1453 2576 1746 2643 studium
1793 2575 2008 2639 Latini
2052 2578 2364 2640 sermonis
2409 2579 2577 2640 inter

233 2683 441 2744 nostros
480 2681 775 2746 homines
824 2680 1157 2759 inclaruit;
1208 2681 1369 2746 alter
1414 2681 1950 2767 iurisprudentiae
1997 2703 2064 2746 se
2111 2681 2287 2746 dedit
2332 2687 2398 2746 et
2440 2685 2574 2746 iam

234 2802 323 2865 per
361 2785 711 2872 complures
756 2808 953 2853 annos
1002 2788 1166 2874 Regi
1212 2809 1249 2852 a
1294 2787 1575 2853 consiliis
1623 2793 1738 2852 est.
1787 2787 1916 2852 Hic
1959 2808 2178 2853 mense
2216 2787 2577 2872 Septembri

242 2886 381 2955 1830
424 2892 683 2958 Leidam
730 2895 1049 2979 profectus
1094 2899 1191 2960 est
1206 2943 1223 2971 ,
1273 2900 1616 2980 postquam
1651 2897 1720 2958 in
1762 2891 2116 2980 Gymnaeio
2154 2892 2425 2981 Hagano
2465 2915 2579 2979 per

236 3011 321 3058 sex
358 3017 595 3064 menses
644 2996 962 3065 Cobetum
1010 3000 1522 3085 condiscipulum
1567 3000 1815 3065 habuit.
1862 2999 2082 3064 Etiam
2127 2999 2316 3065 hodie
2350 3003 2576 3064 memi-

234 3100 309 3162 nit
366 3108 425 3168 et
481 3103 757 3170 libenter
827 3125 894 3171 se
964 3108 1335 3171 meminisse
1404 3112 1620 3171 narrat
1637 3155 1652 3184 ,
1727 3106 2188 3192 Kappeynium
2249 3089 2362 3190 qu‘i
2422 3111 2576 3170 tunc

238 3198 544 3289 Gymnasio
584 3217 907 3296 praeerat,
949 3233 1101 3277 cum
1138 3211 1467 3297 discipulis
1508 3217 1780 3278 tractare
1801 3233 2048 3277 nonum
2071 3211 2292 3276 Iliadis
2312 3209 2572 3276 librum.

238 3307 413 3388 Quum
475 3323 864 3403 perventum
930 3325 1097 3384 esset
1159 3319 1239 3382 ad
1298 3339 1393 3382 vs.
1466 3315 1620 3395 327,
1687 3318 1780 3383 ibi
1843 3323 1986 3382 tum
2032 3315 2310 3384 Cobetus
2353 3319 2467 3402 qui
2511 3339 2576 3382 se

236 3424 511 3489 continere
598 3445 727 3490 nou
794 3431 1047 3510 poterat
1064 3474 1080 3503 ,
1156 3425 1573 3490 exclamavit:
1649 3423 1932 3502 „Verum
1950 3473 1966 3502 ,
2039 3428 2576 3490 aestumatissime

238 3519 441 3608 Rector,
502 3552 711 3596 nonne
758 3531 863 3595 hic
908 3531 1198 3596 multum
1246 3537 1526 3617 praestat
1574 3531 1830 3596 dativus
1876 3531 2282 3610 μαρναμένοις
2301 3529 2370 3595 ?”
2419 3531 2577 3595 Erat

239 3637 415 3700 autem
474 3638 543 3702 in
618 3637 917 3702 omnibus
987 3634 1169 3702 libris
1230 3635 1507 3724 'vulgata
1566 3636 1758 3702 lectio
1819 3635 2226 3714 μαρνάμενος.
2286 3637 2386 3703 Ibi
2431 3643 2576 3702 tum

238 3731 609 3828 Kappeynius
695 3763 1041 3829 parumper
1128 3747 1473 3821 conticuit,
1562 3743 1786 3808 deinde
1859 3763 1927 3808 re
1995 3744 2152 3807 bene
2222 3745 2540 3828 pensitata
2557 3792 2574 3821 ,

242 3839 465 3927 „Rectffi
512 3852 605 3914 mi
653 3847 943 3928 Carole'',
991 3853 1203 3936 inquit
1220 3899 1236 3928 ,
1284 3856 1510 3926 „tuam
1548 3851 2003 3915 correctionem
2042 3850 2238 3935 probo
2280 3855 2345 3914 et
2380 3848 2578 3914 liben-

242 3947 315 4010 ter
352 3954 754 4041 amplector’'.

308 4051 473 4125 Forte
526 4061 872 4126 incidimus
918 4064 987 4126 in
1034 4060 1503 4134 deverticulum
1548 4083 1664 4126 nec
1711 4061 2063 4145 quidquam
2107 4061 2382 4146 impedit
2427 4083 2579 4146 quo·

243 4160 413 4228 minus
477 4166 721 4252 aliquid
789 4166 1121 4232 adnectam
1140 4216 1155 4244 ,
1231 4167 1400 4252 quod
1468 4167 1549 4231 ad
1615 4166 1675 4230 Ν
1679 4167 1894 4230 auckii
1952 4165 2216 4231 laudem
2277 4170 2574 4251 pertinet.

245 4257 493 4338 Clemens
558 4271 1025 4338 Alexandrinus
1096 4272 1334 4338 Strom.
1402 4271 1456 4336 V
1519 4295 1580 4356 p.
1653 4270 1780 4337 681
1855 4271 2250 4336 versiculum
2318 4272 2574 4338 laudat:

247 4369 385 4437 ἀλλὰ
438 4378 505 4440 τὸ
566 4379 679 4455 μὲν
740 4378 1020 4461 φάσθαι,
1086 4379 1153 4442 τὸ
1203 4379 1264 4444 δὲ
1314 4378 1417 4444 καὶ
1474 4376 1886 4456 κεκρυμμένον
1935 4373 2111 4443 εἶναι.
2159 4378 2364 4444 Nemo
2413 4400 2580 4446 mor·
