3192 5009
553 227 680 292 134
1566 247 1918 296 1101166161.

546 419 679 492 set;
755 414 989 499 quibus
1052 434 1205 478 mox
1268 417 1531 480 accessit
1589 414 1918 481 RIOARDus
1964 415 2192 480 Pam
2237 413 2534 480 limam:
2585 409 2956 496 Analyta'eal

545 544 713 606 eesay
762 543 837 584 on
883 521 982 583 the
1020 520 1201 600 qreelc
1245 521 1527 602 alphabet
1577 518 1773 586 1791.

636 627 837 691 Extra
898 624 1265 690 Britanniae
1328 625 1482 690 fines
1531 628 1794 692 interim
1841 629 1908 690 in
1955 625 2082 690 alia
2129 627 2345 690 omnia
2390 623 2782 689 inclinabant
2827 623 2952 686 ho-

545 736 799 798 minum
861 739 1129 797 mentes.
1190 732 1523 797 Ernestius
1572 732 1726 819 quid
1774 735 2091 798 censuerit
2136 732 2421 797 vidimus
2437 751 2453 808 ;
2505 733 2752 796 amicus
2799 731 2951 794 eius

546 840 1012 916 Runmzmns,
1074 842 1131 903 is
1179 846 1396 904 tamen
1444 861 1569 904 non
1620 839 1838 904 doctor
1887 839 2284 903 umbraticus
2306 888 2321 915 ,
2372 857 2568 924 quam
2615 835 2780 900 nihil
2831 836 2954 899 tri-

544 948 757 1012 buerit
800 944 1057 1010 litterae
1104 969 1131 1010 r
1177 945 1343 1010 clare
1392 946 1574 1011 docet
1622 947 1817 1011 editio
1864 947 2096 1032 hymni
2146 943 2390 1011 Cereris
2438 964 2654 1009 recens
2701 943 2953 1028 reperti

546 1056 695 1119 anni
763 1050 935 1118 1782
964 1049 1045 1132 1);
1113 1057 1249 1117 tota
1309 1052 1465 1117 haec
1532 1055 1821 1138 quaestio
1863 1043 2021 1117 Eum
2069 1052 2313 1138 fugisse
2359 1050 2620 1115 videtur
2644 1047 2720 1128 ⁹).
2793 1047 2952 1133 Ipse

545 1158 850 1224 Wowrus
869 1207 885 1235 ,
974 1179 1099 1243 quo
1169 1179 1357 1222 nemo
1428 1158 1714 1224 vividius
1784 1157 2152 1222 Bentleium
2222 1156 2676 1232 admirabatur,
2747 1156 2951 1218 initio

544 1267 740 1331 huius
787 1284 912 1350 quo
958 1266 1248 1329 vivimus
1296 1263 1545 1329 saeculo
1594 1263 1925 1350 digamma
1973 1265 2242 1329 vocabat
2293 1261 2533 1340 „senile
2579 1260 2952 1326 ludibrium

544 1372 791 1459 ingenii
838 1369 1260 1435 Bentleiani'’.
1311 1368 1447 1448 Quo
1495 1373 1738 1434 maiore
1783 1369 1972 1434 laude
2012 1368 2248 1456 dignus
2285 1375 2383 1434 est
2420 1371 2512 1446 is,
2552 1370 2664 1453 qui
2686 1369 2948 1451 primus

545 1480 615 1542 in
685 1473 1031 1542 Germania
1100 1495 1319 1560 sapere
1388 1497 1579 1540 ausus
1651 1481 1748 1541 est
1811 1483 1874 1541 et
1934 1497 2049 1561 pro
2111 1475 2292 1540 virili
2337 1495 2596 1560 operam
2642 1473 2822 1538 dedit
2869 1478 2952 1536 ut

546 1602 783 1648 novam
832 1581 1187 1645 doctrinam
1233 1580 1578 1659 excoleret;
1632 1581 1947 1646 HRYNIUM
1994 1582 2270 1646 dicimus
2290 1630 2306 1657 ‚
2348 1581 2630 1646 Ernestii
2665 1579 2952 1663 discipu—

546 1688 709 1753 lum.
775 1685 899 1766 Qui
962 1689 1017 1751 si
1078 1689 1147 1750 in
1209 1686 1436 1751 multis
1500 1690 1732 1753 misere
1793 1687 2012 1773 lapsus
2077 1694 2206 1765 est,
2257 1689 2564 1772 temporis
2609 1688 2826 1771 magis
2875 1685 2952 1748 hi

550 1798 731 1859 erant
795 1813 1036 1857 errores
1100 1814 1295 1877 quam
1357 1795 1483 1857 viri
1544 1795 1613 1857 in
1661 1796 1880 1878 paucis
1928 1794 2098 1858 docti
2138 1799 2202 1858 et
2251 1793 2561 1870 sollertis3
2617 1795 2952 1877 „praestat

552 1905 815 1977 „autem
884 1897 1155 1962 utilibus
1218 1898 1631 1979 admiscuisse
1697 1899 1937 1985 aliquid
1998 1899 2142 1964 falsi
2163 1949 2178 1976 ,
2242 1919 2434 1985 quam
2482 1919 2685 1964 vacua
2733 1919 2951 1964 errore

552 2005 705 2085 „sed
754 2003 1015 2068 inutilia
1062 2004 1398 2070 attulisse’'
1431 2002 1501 2085 ³).
1554 2043 1640 2054 —
1689 2005 1875 2070 Anno
1930 2004 2103 2069 1802
2143 2005 2375 2091 Heyne
2414 2007 2950 2091 septuagenarius

548 2115 617 2176 in
664 2110 878 2175 lucem
927 2112 1143 2175 emisit
1190 2111 1537 2175 editionem
1586 2110 1805 2175 Iliadis
1851 2113 2162 2175 maiorem
2208 2109 2386 2192 (VIII
2432 2110 2946 2188 voluminibus);

550 2237 746 2303 quam
772 2216 929 2281 dum
955 2216 1302 2281 exornabat
1318 2265 1334 2293 ,
1369 2236 1531 2280 anno
1565 2214 1646 2282 17
1653 2215 1748 2281 90·
1765 2215 2227 2302 aliquantisper
2249 2238 2405 2280 usus
2431 2221 2569 2281 erat
2592 2213 2954 2300 exemplari

549 2323 821 2387 Homeri
883 2320 1253 2387 Bentleiano
1273 2371 1289 2398 ,
1355 2321 1522 2407 quod
1586 2328 1662 2386 ut
1709 2343 1786 2387 ex
1835 2321 2235 2388 Bibliotheca
2279 2321 2558 2409 Collegii
2608 2321 2954 2387 Trinitatis

550 2432 610 2494 ei
674 2427 1187 2494 commodaretur
1251 2429 1497 2492 amicus
1541 2431 1680 2492 eius
1726 2428 2080 2516 Burgesius
2127 2428 2433 2494 effecerat.
2485 2429 2626 2494 Hac
2675 2429 2950 2493 demum

550 2534 862 2611 editione,
928 2553 1089 2617 quae
1152 2553 1422 2619 magnas
1485 2536 1696 2599 movit
1755 2535 2099 2599 hominum
2169 2537 2604 2600 contentiones
2675 2539 2739 2599 et
2811 2537 2956 2598 seni

550 2639 900 2707 venerabili
962 2639 1107 2725 plus
1172 2641 1367 2705 taedii
1429 2643 1680 2726 peperit
1743 2661 1940 2726 quam
2002 2641 2261 2706 honoris
2279 2690 2295 2718 ,
2345 2642 2414 2705 in
2461 2639 2956 2725 philologorum

551 2749 851 2812 notitiam
911 2752 1337 2830 pervenerunt
1400 2746 1649 2812 Bentlei
1716 2747 1951 2833 placita
2015 2747 2092 2811 de
2138 2746 2392 2811 litterae
2439 2746 2774 2833 digamma
2821 2767 2954 2810 usu

552 2853 929 2930 Homerico;
980 2854 1116 2937 ipse
1165 2859 1384 2917 autem
1432 2852 1732 2939 Heynius
1779 2851 1945 2933 (Vol.
1989 2851 2107 2917 VII
2155 2875 2216 2938 p.
2272 2850 2658 2932 708-772)
2707 2851 2785 2916 de
2831 2851 2956 2915 illa

554 2979 829 3026 consona
890 2957 1031 3022 fuse
1080 2958 1435 3043 disputavit
1482 2965 1547 3022 et
1595 2958 1966 3045 catalogum
2015 2959 2166 3024 fecit
2211 2981 2447 3024 vocum
2491 2978 2650 3044 quas
2695 2957 2951 3052 initiale

554 3066 883 3152 digamma
928 3065 997 3127 in
1042 3063 1311 3128 Homeri
1356 3063 1585 3149 lingua
1630 3064 1928 3129 habuisse
1975 3064 2403 3129 existimabat.

646 3171 775 3234 Uni
836 3175 1003 3234 certe
1064 3172 1238 3245 vire,
1306 3175 1549 3233 πολλῶν
1615 3171 1883 3250 ἅνταξίῳ
1947 3168 2180 3247 ἄλλων,
2248 3171 2324 3236 de
2371 3189 2628 3235 summa
2671 3173 2764 3235 rei
2810 3192 2955 3256 per-

560 3278 795 3351 suasit,
849 3271 1241 3340 Gonormmo
1288 3273 1702 3352 HERMANNO,
1746 3278 1857 3360 qui
1897 3275 2267 3340 Bentleium
2307 3296 2344 3340 a
2385 3278 2602 3361 pueris
2625 3278 2954 3360 suspicere

555 3385 623 3446 in
686 3381 889 3446 Reizii
954 3379 1168 3445 schola
1229 3379 1533 3446 didicerat
1560 3385 1634 3461 ⁴).
1695 3382 2099 3467 Argumenta
2159 3387 2376 3447 contra
2439 3382 2770 3469 digamma
2815 3381 2955 3447 Ho-

628 3607 679 3666 1)
713 3607 798 3656 Ex.
836 3622 909 3671 gr.
946 3623 1014 3656 vs.
1052 3609 1150 3657 833
1186 3624 1272 3673 pro
1307 3607 1416 3670 πρῖν
1446 3607 1546 3658 ’1301
1583 3610 1736 3674 poscit
1769 3609 1878 3670 πρίν
1912 3609 1967 3671 γ’
1995 3607 2112 3658 ἰ’δοι.

631 3693 684 3752 2)
726 3691 1155 3740 Vamnmanmus
1195 3695 1355 3740 autem
1393 3692 1501 3740 licet
1536 3691 1724 3741 inventi
1758 3693 2032 3741 Bentleiani
2067 3693 2355 3742 mentionem
2393 3692 2535 3742 facist
2570 3694 2620 3743 in
2654 3695 2856 3758 epistola
2889 3695 2962 3742 ad

560 3773 785 3823 Bonorum
832 3789 878 3838 p.
926 3772 1009 3831 72,
1062 3787 1155 3820 11011
1200 3781 1359 3822 tamen
1408 3774 1606 3823 sensisse
1650 3790 1699 3823 66
1743 3775 1858 3839 quid
1893 3775 2086 3824 intersit
2124 3776 2252 3824 inter
2288 3792 2512 3825 versuum
2544 3777 2702 3826 xsafi
2739 3780 2788 3825 et
2821 3776 2956 3828 Avo

558 3867 701 3916 initia
748 3849 823 3930 (ἒς
856 3864 1015 3923 ’ἔτλης
1048 3868 1098 3914 et
1130 3846 1184 3918 ἲς
1216 3858 1331 3925 ᾔδη)
1379 3865 1585 3912 ostendit
1631 3864 1681 3913 in
1716 3863 2128 3914 observationibus
2161 3865 2260 3914 suis
2294 3866 2352 3913 ad
2393 3866 2561 3914 Iliadis
2595 3864 2773 3915 librum
2809 3867 2958 3916 xxn

561 3949 629 4013 (p.
671 3949 779 4012 54),
829 3963 949 4013 quae
995 3947 1140 3996 simul
1190 3961 1296 3995 cum
1332 3945 1416 3994 illa
1448 3946 1650 4010 epistola
1683 3947 1968 4012 prodierunt
2003 3949 2150 4012 (anno
2195 3947 2360 4009 1747).
2393 3976 2460 3985 -
2499 3949 2773 3998 videantur
2806 3949 2957 3999 etism

560 4046 681 4094 quae
716 4046 839 4080 611116
877 4029 1007 4082 1773
1043 4029 1101 4077 sd
1138 4027 1417 4078 Adoniazns.
1456 4043 1499 4092 p.
1540 4030 1637 4077 856
1673 4029 1935 4078 annotavit.

634 4113 745 4160 Non
796 4112 898 4160 sine
944 4111 1047 4160 risu
1090 4109 1183 4174 legi
1218 4126 1346 4159 nnnc
1378 4113 1575 4174 possunt
1603 4126 1722 4174 quae
1755 4127 1881 4159 anno
1918 4110 2046 4163 1745
2084 4113 2298 4160 Annum
2329 4112 2388 4161 ad
2429 4112 2633 4176 Hesych.
2669 4130 2706 4165 6.
2725 4130 2770 4164 v.
2807 4111 2961 4176 cyma

577 4193 650 4259 (id
686 4197 755 4242 est
791 4190 956 4257 παῖδας)
986 4193 1254 4242 observavit
1288 4193 1345 4240 de
1384 4191 1585 4240 Homeri
1619 4208 1758 4241 versu
1793 4193 1932 4243 0215
1969 4187 2022 4241 εὖ
2060 4192 2151 4253 μὶν
2185 4194 2328 4258 τόξον
2363 4189 2486 4242 οἶδα.

639 4277 691 4332 3)
728 4277 851 4325 Sunt
880 4275 1022 4324 verba
1048 4277 1107 4324 G.
1148 4275 1431 4324 Hnnumm
1461 4274 1517 4322 de
1551 4273 1764 4322 Seidlcro
1798 4275 1848 4324 in
1885 4276 2032 4341 praef.
2065 4275 2421 4326 Elementorum
2441 4277 2688 4328 doctrinae
2708 4279 2954 4330 metricae.

633 4361 685 4421 4)
724 4358 830 4409 vid.
866 4357 1013 4423 praef.
1050 4357 1179 4406 Med.
1216 4374 1261 4423 p.
1300 4371 1360 4416 vl,
1398 4357 1545 4406 Elem.
1583 4359 1733 4408 doctr.
1770 4363 1909 4409 metr.
1946 4360 2093 4426 praef.
2127 4377 2172 4426 p.
2208 4373 2295 4422 111,
2333 4360 2510 4426 Opuso.
2551 4361 2600 4410 11
2637 4377 2686 4428 p.
2715 4362 2815 4412 863
2841 4379 2944 4430 sqq.
