3192 5009
494 302 626 370 288
1287 319 1596 370 omum
1624 341 1709 353 —
1732 321 2066 371 emmor.

582 489 705 553 His
767 489 1008 574 viginti
1065 487 1273 553 tribus
1301 484 1350 569 ¹)
1415 487 1625 552 titulis
1687 509 1835 554 cum
1921 490 2227 554 Canacen-s
2245 540 2261 568 ,
2320 491 2625 554 Callaecia
2691 493 2865 556 inve-

493 599 725 673 niatur,
795 598 1098 680 quattuor
1157 599 1308 659 sunt
1364 597 1476 680 qui
1536 594 1801 660 alteram
1864 596 2139 661 formam
2202 598 2496 682 praebere
2541 597 2859 673 videntur,

492 701 768 787 Hispani
812 721 1063 778 omnes,
1115 698 1185 768 C.
1211 700 1261 765 Ι.
1287 701 1360 764 L.
1410 699 1472 778 2,
1501 699 1741 783 255315
1758 723 1774 780 ;
1827 701 2040 780 2634;
2090 701 2301 782 2776;
2354 701 2552 769 3271.
2618 705 2705 768 At
2746 704 2863 768 hos

493 828 721 893 parum
783 813 896 872 aut
957 805 1124 871 nihil
1182 807 1412 872 habere
1459 811 1857 872 auctoritatis
1876 827 1883 833 ·
1904 808 2091 874 facile
2140 813 2377 895 poterit
2422 809 2859 874 demonstrari.

497 912 568 982 C.
589 913 640 978 Ι.
665 913 739 978 L.
789 912 852 990 2,
879 911 1118 993 2553,’5
1168 912 1293 978 duo
1339 918 1491 977 sunt
1535 934 1615 978 ex
1662 913 1873 978 titulis
1916 936 2182 980 numero
2230 922 2496 1001 septem,
2525 912 2859 990 2551—8,

494 1022 768 1106 pessime
855 1021 1166 1104 corruptis
1249 1025 1314 1083 et
1395 1017 1794 1104 interpolatis
1812 1068 1829 1097 ,
1916 1023 2183 1106 repertis
2252 1023 2321 1084 in
2391 1025 2594 1085 castro
2663 1022 2861 1084 sancti

497 1124 936 1208 Christophori
992 1127 1062 1189 in
1127 1122 1439 1192 Callaecia
1459 1174 1474 1202 ,
1539 1125 1708 1210 quod
1760 1146 1839 1190 ne
1886 1127 1998 1190 ubi
2045 1129 2247 1190 situm
2293 1128 2485 1192 fuerit
2532 1129 2863 1212 cognitum

495 1233 804 1297 habemus
820 1280 836 1308 ,
886 1236 1181 1316 stantque
1221 1231 1342 1296 fide
1381 1232 1660 1296 hominis
1702 1232 2033 1296 cuiusdam
2072 1233 2299 1297 itidem
2339 1254 2599 1318 prorsus
2634 1234 2860 1319 ignoti.

497 1337 831 1402 Praeterea
887 1339 942 1400 si
989 1335 1166 1401 2553
1212 1357 1306 1400 vs.
1359 1334 1396 1401 7
1446 1341 1512 1401 et
1558 1336 1734 1402 2555
1786 1336 2071 1404 Gallaeci
2118 1345 2519 1424 comparent,
2568 1344 2637 1403 at
2684 1335 2859 1402 2553

498 1465 594 1509 vs.
648 1442 732 1508 10
793 1451 856 1508 et
917 1441 1093 1507 2556
1158 1439 1432 1508 Callaeci
1493 1442 1649 1508 dicti
1712 1449 1881 1508 sunt.
1949 1443 2173 1530 Itaque
2235 1444 2306 1509 hi
2354 1443 2533 1508 tituli
2578 1443 2658 1509 ad
2704 1444 2866 1509 hanc

500 1553 934 1638 quaestionem
989 1549 1355 1615 solvendam
1417 1550 1727 1615 abiciendi
1787 1559 1955 1616 sunt.
2021 1550 2199 1617 Idem
2262 1551 2435 1616 valet
2495 1550 2573 1616 de
2634 1550 2869 1635 lapidis

501 1656 979 1726 Castulonensis
1017 1657 1376 1742 fragmento
1415 1656 1586 1722 male
1627 1657 1844 1722 habito
1870 1655 2123 1738 (3271),
2164 1657 2329 1743 quod
2369 1656 2543 1722 solus
2589 1658 2871 1722 servavit

501 1764 876 1830 Anbrosius
935 1761 1213 1827 Mol-ales
1265 1770 1328 1827 et
1374 1763 1451 1828 de
1489 1765 1899 1849 inscriptione
1944 1764 2341 1828 Asturicensi
2388 1761 2565 1828 2634
2612 1761 2685 1843 Q.
2736 1762 2871 1827 Ma·
2999 1791 3009 1797 ·

501 1870 672 1936 1111111
741 1866 1088 1953 Capitolini
1158 1869 1396 1950 leymti)
1467 1870 1775 1950 Auy(u8ti)
1826 1893 1947 1952 per
2006 1871 2311 1934 Asturiam
2374 1877 2430 1933 et
2503 1869 2876 1933 Callaeciam

503 1974 766 2058 (saeculi
805 1977 1028 2055 tertii),
1076 1995 1236 2060 quae
1253 2024 1270 2052 ,
1319 1981 1481 2041 teste
1527 1976 1768 2054 Ferrer,
1810 1977 1935 2041 fuit
1977 1976 2151 2053 „bien
2189 1966 2533 2059 dificultosa
2570 1979 2645 2040 de
2686 1977 2877 2040 lem-’2

594 2083 896 2168 Superest
955 2081 1128 2147 solus
1189 2080 1353 2168 lapis
1414 2081 1775 2148 Cluniensis
1838 2078 2014 2149 2776
2083 2083 2147 2146 Τ.
2198 2084 2530 2146 Fraternas
2590 2083 2882 2146 matribus

516 2189 814 2254 Gallaicis
872 2195 1122 2269 πωπω)
1186 2189 1422 2268 θίοίυίι)
1474 2188 1719 2268 labens)
1768 2190 2055 2268 maer-ito).
2106 2189 2276 2254 Eum
2323 2191 2725 2274 exscripsisse
2772 2187 2883 2254 Al-

506 2298 761 2361 fonsum
809 2293 885 2359 de
927 2291 1148 2361 Castro
1187 2293 1468 2359 Smetius
1508 2301 1723 2359 noster
1761 2295 2121 2372 adnotavit,
2164 2316 2373 2360 errore
2392 2345 2409 2372 ,
2452 2301 2528 2360 ut
2570 2291 2882 2360 Hubnero

507 2405 757 2479 visum,
805 2423 920 2486 pro
970 2398 1245 2486 Casparo
1293 2401 1368 2465 de
1419 2399 1640 2470 Castro
1658 2450 1674 2479 ,
1726 2422 1917 2485 quem
1965 2422 2218 2466 summa
2266 2409 2331 2466 et
2373 2401 2495 2467 fide
2542 2407 2608 2466 et
2651 2405 2887 2488 peritia

509 2507 734 2573 titulos
790 2506 1189 2592 descripsisse
1235 2511 1464 2571 notum
1511 2514 1627 2572 est.
1679 2504 1801 2587 (Cf.
1852 2506 1922 2574 C.
1950 2507 2000 2572 Ι.
2027 2508 2100 2571 L.
2143 2507 2221 2584 2,-
2246 2529 2308 2593 p.
2336 2527 2426 2584 1x,
2458 2507 2540 2572 12
2566 2515 2631 2572 et
2652 2531 2715 2594 p.
2745 2505 2884 2586 53).

510 2614 583 2679 Si
619 2620 836 2677 tamen
872 2618 1090 2677 tecum
1127 2615 1521 2698 reputaveris
1543 2661 1559 2689 ,
1605 2612 1996 2698 quantillum
2021 2613 2251 2678 ductus
2276 2613 2639 2679 litterarum
2666 2611 2717 2681 C
2739 2621 2805 2678 et
2822 2611 2887 2680 G

465 2797 470 2802 ὓ
509 2723 677 2785 inter
735 2739 803 2784 se
862 2717 1151 2783 differant
1209 2724 1274 2784 et
1319 2738 1512 2802 quam
1557 2739 1741 2804 saepe
1789 2719 2031 2783 factum
2078 2723 2164 2784 sit
2210 2727 2285 2784 ut
2330 2723 2457 2785 viri
2499 2723 2592 2786 rei
2639 2721 2890 2807 epig-rar

511 2827 732 2913 phicae
792 2825 1208 2910 quantumvis
1263 2826 1454 2908 periti
1499 2832 1562 2889 et
1612 2824 1767 2889 olim
1814 2831 1879 2890 et
1925 2826 2113 2890 hodie
2131 2874 2147 2902 ,
2196 2847 2345 2891 cum
2392 2848 2607 2892 recens
2652 2847 2893 2892 nomen

523 2931 797 2996 Galia-iae
837 2934 907 2995 in
953 2933 1167 2994 animo
1213 2929 1548 3006 haberent,
1596 2933 1665 2994 in
1710 2931 1829 2996 hoc
1875 2931 2182 2997 vocabulo
2231 2953 2335 2998 eas
2379 2932 2627 2998 litteras
2672 2933 2895 2998 confu-

514 3038 758 3114 derint,
822 3037 1150 3102 hominem
1209 3036 1570 3122 Hispanum
1634 3039 1702 3101 in
1764 3037 2037 3103 eundem
2082 3039 2382 3104 incidisse
2430 3060 2707 3105 errorem
2758 3061 2895 3104 non

513 3145 863 3208 miraberis.

604 3249 819 3336 Igitur
883 3253 1168 3314 constare
1213 3249 1378 3314 mihi
1423 3249 1681 3314 videtur
1723 3251 1789 3314 in
1841 3249 2049 3314 titulis
2099 3251 2335 3316 formas
2388 3251 2707 3314 Gallaecus
2768 3257 2895 3316 cet.

516 3378 639 3422 non
703 3360 968 3420 exstare.
1039 3354 1300 3439 Reperti
1345 3361 1564 3420 autem
1612 3362 1763 3419 sunt
1812 3358 1921 3441 qui
1972 3355 2177 3421 adhuc
2222 3359 2644 3421 innotuerunt
2687 3359 2755 3420 in
2802 3356 2899 3421 di-

519 3463 904 3528 versissimis
963 3459 1228 3546 Imperii
1287 3460 1557 3526 Romani
1606 3463 1911 3546 partibus,
1960 3461 2201 3527 Romae
2228 3459 2281 3540 ⁸)
2330 3469 2395 3526 et
2440 3466 2509 3526 in
2556 3461 2743 3526 Italia
2761 3511 2778 3539 ,
2827 3465 2899 3526 in

521 3569 883 3643 Pannonia,
953 3569 1022 3630 in
1093 3568 1277 3644 Asia,
1347 3569 1416 3630 in
1487 3568 1735 3644 Africa,
1807 3569 1875 3631 111
1947 3565 2160 3633 Gallia
2180 3617 2195 3645 ,
2269 3568 2349 3632 ad
2416 3567 2714 3632 Rhenum
2735 3617 2752 3644 ,
2824 3569 2899 3632 in

523 3675 836 3759 Hispania
881 3674 1038 3757 ipsa.
1090 3669 1381 3757 Cumque
1426 3675 1482 3736 is
1499 3721 1514 3750 ,
1565 3693 1758 3757 quem
1804 3675 2012 3757 primo
2057 3672 2193 3738 loco
2242 3677 2437 3739 citavi
2455 3723 2471 3752 ,
2525 3676 2744 3760 paucis
2792 3694 2901 3738 an—

523 3784 622 3846 nis
669 3785 814 3844 ante
877 3783 1159 3843 nostram
1223 3799 1437 3843 aeram
1501 3781 1737 3842 incisus
1800 3782 1919 3856 sit,
1989 3779 2425 3864 paenultimus
2486 3788 2584 3846 est
2646 3779 2903 3846 Saeculi

527 3889 736 3974 quarti
783 3888 962 3970 isque
1007 3884 1333 3969 Hispanus
1379 3891 1568 3969 atque
1615 3883 1768 3949 adeo
1817 3881 2153 3951 Callaicus.

597 4192 653 4256 1)
686 4191 746 4241 In
777 4205 970 4240 censum
1004 4190 1166 4239 venire
1200 4205 1295 4238 11011
1329 4193 1526 4255 possunt
1562 4191 1617 4239 C.
1638 4190 1679 4239 Ι.
1700 4191 1754 4242 1..
1792 4191 1872 4250 12,
1892 4189 2038 4242 3170.
2076 4190 2201 4243 8172
2212 4213 2233 4249 ‚·
2270 4193 2349 4252 14,
2369 4192 2517 4242 2⁹41.
2554 4193 2702 4242 899⁵.

597 4275 654 4338 2)
690 4273 967 4338 Diplomsts
1010 4271 1243 4321 militaris
1287 4270 1336 4320 in
1383 4271 1498 4321 urbe
1531 4271 1633 4337 ipss
1667 4270 1815 4321 incisa
1848 4271 1993 4321 fuisse
2026 4273 2101 4322 vel
2134 4272 2481 4338 subscriptione
2516 4275 2909 4324 demonstretur:

531 4358 814 4421 descriptum
866 4359 916 4404 et
964 4353 1250 4418 moysius·
1294 4369 1352 4404 es
1396 4353 1561 4404 tabula
1604 4370 1747 4406 aenea
1760 4393 1773 4411 .
1818 4371 1939 4420 quae
1971 4356 2081 4422 fiee
2114 4361 2187 4408 est
2221 4357 2395 4408 Romae
2426 4359 2516 4406 eet.
2570 4357 2642 4406 Cf.
2678 4357 2911 4408 Momms.

533 4441 586 4492 C.
608 4440 723 4490 1.1..
763 4441 809 4488 8.
847 4454 892 4505 p.
927 4437 1046 4486 904.
