3192 5009
552 234 685 300 332
1639 251 1862 300 Puro.

548 419 701 483 tinet
744 442 865 504 qua
908 419 1125 482 macher
1171 420 1255 482 ad
1298 419 1748 482 custodiendmn
1795 426 1954 501 apta·
1993 421 2235 496 evadet,
2283 441 2479 483 nonne
2525 421 2732 482 eadem
2779 417 2932 482 viros

548 533 607 589 et
652 526 929 590 mubieres
974 525 1265 603 educatio,
1315 549 1441 588 eum
1473 525 1836 607 praesertim
1873 527 2146 610 utrisque
2185 527 2388 590 eadem
2425 525 2508 589 cit
2545 531 2792 602 natura,
2835 547 2932 606 ‘¹1³-

552 639 641 695 1508
702 638 789 695 est
848 631 1216 696 redditura?
1278 629 1527 717 Nempe
1595 630 1676 694 ad
1723 630 1946 708 ἄνδρας
1996 636 2211 697 mente
2255 630 2686 717 supplendum
2734 636 2937 710 Φυλα-

552 739 789 815 κικούς,
840 736 920 802 ad
966 744 1274 814 γυναῖκας
1326 737 1691 816 φυλακικιὶς
1742 736 2046 814 γενέσθαι.

639 841 714 907 Ρ.
765 838 995 910 4590.
1041 839 1193 906 Ὀτι
1240 841 1490 920 άνάγκη
1539 843 1750 910 αὐτοῖς
1801 879 1886 889 -
1936 841 2295 921 Φαρμάκοις
2347 849 2600 914 πολλοῖς
2646 842 2932 921 χρῆσθαι,

549 947 757 1027 ἰατρὸν
817 947 881 1012 δὲ
942 972 1058 1012 που
1121 949 1209 1025 μὴ
1273 947 1570 1025 δεομένοις
1619 949 1731 1024 μὲν
1783 945 2027 1024 σώμασι
2077 946 2452 1028 Φαρμάκων,
2504 947 2680 1013 ἀλλὰ
2733 947 2934 1028 διαίτη

552 1053 873 1119 ἐθελόντων
946 1053 1273 1119 ὑπακούειν
1341 1055 1446 1130 καὶ
1520 1051 1906 1136 Φαυλότερον
1979 1053 2250 1135 ἐξαρκεῖν
2322 1055 2641 1132 ἡγούμεθα
2705 1048 2934 1136 [εἶναι]

549 1160 745 1226 Recte
809 1159 1206 1225 infinitivum
1276 1159 1516 1225 delenti
1582 1160 1769 1224 Astio
1842 1161 2058 1244 inepte
2131 1159 2498 1244 obloquitur
2557 1157 2932 1224 Stallbaum.

414 1341 433 1355 .
551 1267 790 1332 Lenius
854 1266 1114 1352 quidem
1176 1269 1381 1351 possis
1446 1265 1526 1342 ἐξ
1544 1291 1587 1328 α
1605 1274 1747 1347 psci?
1800 1266 2119 1362 ἡγούμεθα
2165 1263 2243 1330 εἶ
2255 1290 2382 1330 ναι
2401 1317 2421 1349 ,
2469 1266 2728 1330 hiatum
2772 1265 2936 1329 enim

552 1394 680 1437 non
738 1374 940 1437 evitat
999 1371 1185 1436 Plato
1208 1420 1224 1448 ,
1291 1370 1400 1436 sed
1462 1372 1711 1436 obstare
1775 1371 2035 1437 videtur
2079 1372 2443 1436 rarissimus
2491 1371 2795 1436 adiectivi
2811 1418 2829 1447 ,
2875 1370 2936 1431 in

554 1477 691 1543 sola
738 1476 1065 1564 tragoedia
1112 1478 1285 1542 obvii
1304 1525 1319 1554 ,
1371 1479 1545 1542 usus.

646 1583 722 1648 P.
775 1581 907 1648 460
932 1586 1011 1649 A.
1076 1593 1283 1662 κλῆροι
1348 1583 1419 1656 δή
1483 1606 1678 1661 τινες,
1741 1577 1950 1661 οἶμαι,
2016 1583 2278 1657 ποιητέοι
2327 1584 2594 1661 κομψοί,
2643 1578 2800 1645 ὥστε
2845 1579 2938 1644 τὸν

556 1694 803 1771 Φαῦλον
869 1690 1087 1754 ἐκεῖνον
1144 1691 1465 1754 αἰτιᾶσθαι
1514 1690 1622 1769 ἐφ’
1673 1688 1939 1763 ἑκάστης
1986 1687 2308 1768 συνέρξεως
2354 1687 2582 1769 τύχην,
2633 1689 2810 1752 ἄλλα
2857 1685 2936 1762 μὴ

556 1795 697 1868 τοὺς
746 1792 1081 1877 ἄρχοντας.
1129 1794 1365 1859 Risum
1410 1800 1632 1860 movet
1678 1795 1820 1872 hic,
1868 1799 1944 1858 ut
1991 1816 2116 1860 non
2160 1796 2254 1859 ita
2298 1815 2478 1872 raro,
2528 1793 2850 1868 Platonis,
2889 1791 2938 1853 si

560 1902 636 1967 de
684 1907 863 1966 tanto
910 1904 1049 1968 viro
1095 1903 1189 1966 ita
1226 1900 1407 1987 loqui
1443 1901 1537 1966 fas
1576 1908 1707 1978 est,
1751 1899 2049 1978 ἀφέλεια.
2096 1899 2275 1964 Iusto
2313 1902 2488 1965 enim
2528 1898 2938 1984 simpliciores

564 2013 630 2074 et
689 2007 1049 2073 hebetiores
1108 2006 1300 2094 fingit
1362 2008 1646 2072 civitatis
1705 2027 1856 2072 suae
1919 2006 2212 2071 homines
2231 2055 2248 2084 ,
2299 2008 2410 2092 qui
2457 2010 2660 2070 sortes
2707 2022 2942 2086 semper

567 2116 739 2179 exire
801 2113 1365 2198 praestantioribus
1428 2112 2006 2178 animadvertentes
2070 2111 2492 2177 nihilominus
2547 2131 2678 2175 non
2723 2105 2942 2174 intelli·

566 2224 792 2305 gerent
810 2267 826 2296 ,
898 2221 1407 2304 magistratuum
1476 2220 1794 2282 sortitioni
1862 2219 2374 2304 praepositorum
2443 2217 2709 2302 perfidia
2778 2210 2938 2279 istud

562 2325 719 2390 fieri.
770 2324 1087 2390 Similiter
1134 2347 1196 2410 p.
1248 2322 1379 2389 464
1405 2324 1459 2388 Β
1482 2346 1596 2409 sq„
1648 2325 1760 2388 ubi
1808 2324 1960 2389 solis
1997 2323 2370 2389 custodibus
2409 2322 2692 2389 decernit
2732 2319 2940 2386 mulie-

561 2451 709 2495 rum
770 2433 1289 2496 communionem
1308 2478 1325 2507 ,
1377 2435 1442 2494 et
1488 2428 1679 2506 alibi,
1729 2429 1843 2494 ubi
1888 2430 1990 2494 his
2039 2434 2295 2494 tantum
2343 2432 2670 2514 privatam
2715 2443 2938 2513 posscs-

562 2539 811 2602 sionem
884 2557 1143 2600 omnem
1205 2535 1468 2612 adimit,
1539 2541 1613 2599 ut
1676 2537 1768 2599 ita
1816 2556 2035 2600 omnes
2083 2535 2428 2600 discordiae
2474 2533 2688 2600 civilis
2734 2548 2938 2598 causae

562 2643 888 2720 abessent,
962 2644 1215 2706 mireris
1285 2640 1744 2725 philosophum
1813 2641 1977 2705 nihil
2046 2661 2332 2718 curasse,
2407 2641 2578 2726 quod
2655 2638 2939 2725 opificum

562 2753 778 2813 tamen
846 2752 911 2812 et
978 2746 1410 2833 agricolarum
1480 2747 1732 2812 ordines
1749 2795 1766 2824 ‚
1838 2747 2070 2833 quibus
2141 2747 2365 2812 eadem
2433 2745 2767 2812 decernere
2825 2761 2936 2806 non

561 2858 845 2940 poterat,
919 2851 1333 2918 dissentiendi
1401 2855 1545 2916 istis
1619 2855 1825 2917 causis
1897 2856 2247 2918 manserint
2317 2854 2596 2918 obnoxii.
2662 2853 2937 2917 Fortasse

564 2957 944 3044 opinabatur
991 2959 1125 3023 fore
1173 2963 1249 3022 ut
1296 2959 1638 3022 custodum
1683 2958 2018 3024 concordia
2063 2958 2246 3024 facile
2293 2958 2692 3045 reliquorum
2733 2956 2939 3021 discor·

564 3065 774 3142 diam,
825 3067 881 3129 si
930 3085 1057 3129 non
1098 3066 1539 3148 extingueret,
1568 3066 1866 3128 .vinceret
1905 3071 2122 3128 tamen
2161 3071 2226 3128 et
2263 3066 2592 3128 innoxiam
2629 3061 2935 3130 redderetJ

564 3170 734 3255 quod
787 3173 843 3234 si
890 3173 983 3234 ita
1030 3175 1128 3234 est
1147 3219 1164 3247 ,
1214 3168 1563 3234 admodum
1610 3168 1833 3234 dubito
1877 3190 2039 3233 num
2085 3189 2235 3234 vere
2281 3168 2684 3234 iudicaverit.

655 3275 728 3338 P.
780 3274 911 3339 464
934 3274 1026 3338 E..
1061 3275 1181 3338 Καὶ
1232 3275 1353 3350 μην
1403 3275 1539 3338 οὐδὲ
1584 3275 1806 3352 βιαίων
1846 3300 1925 3353 γε
1968 3276 2088 3340 οὐδ’
2129 3277 2336 3346 αίκίας
2379 3274 2754 3356 (1.αἷκείας)
2793 3271 2938 3336 δίκαι

568 3379 692 3444 δικ
712 3380 793 3443 αί
811 3404 853 3443 ω
873 3405 901 3453 ς
946 3377 1022 3444 ἂν
1060 3375 1177 3443 εἷεν
1207 3381 1267 3442 ἐν
1293 3381 1527 3453 αὐτοῖς.
1570 3379 1716 3444 Non
1739 3383 1958 3466 agitur
1984 3381 2060 3445 de
2083 3382 2184 3458 iis,
2211 3401 2374 3465 quae
2399 3383 2539 3445 iure
2563 3377 2938 3448 antiniana,

566 3488 795 3550 merito
844 3491 957 3549 aut
992 3488 1356 3564 immerito,
1400 3486 1513 3551 sed
1551 3486 1628 3550 de
1667 3488 1749 3549 iis
1792 3505 1952 3570 quae
1997 3489 2064 3550 in
2104 3508 2154 3550 r.
2181 3508 2244 3571 p.
2294 3484 2664 3552 Platonicae
2714 3483 2938 3552 civibus

567 3595 825 3657 omnino
874 3592 1029 3657 fiant
1076 3597 1191 3657 aut
1236 3614 1361 3656 non
1407 3592 1580 3658 fiant.
1635 3595 1904 3665 Δικαίως
1946 3592 2465 3679 dittographema
2505 3614 2641 3658 esse
2667 3592 2938 3658 arbitror.

656 3699 731 3763 P.
784 3697 913 3764 465
941 3696 1014 3765 G.
1087 3700 1193 3763 Τά
1257 3723 1336 3777 γε
1398 3701 1521 3775 μὴν
1580 3697 1973 3778 σμικρότατα
2035 3705 2152 3762 τῶν
2213 3705 2416 3764 κακῶν
2478 3700 2554 3762 δι’
2619 3699 2937 3779 α’πρέπειαν

568 3808 713 3870 ὀκνῶ
766 3803 868 3869 καὶ
920 3802 1150 3881 λέγειν,
1200 3801 1276 3867 ὦν
1324 3804 1812 3882 ἀπηλλαγμένοι
1862 3802 1939 3867 ἄν
1986 3799 2105 3868 εἷεν
2155 3805 2488 3875 κολακείας
2537 3827 2605 3868 τε
2655 3801 2936 3868 πλουσίων

570 3911 853 3992 [πένητες
926 3908 1106 3975 deleo
1171 3931 1322 3974 cum
1386 3910 1635 3992 Astio],
1702 3911 1961 3989 α’πορίας
2026 3933 2095 3973 τε
2145 3910 2248 3977 καί
2299 3908 2653 3988 ἀλγηδόνας
2702 3907 2840 3976 ὅσας
2885 3901 2936 3964 ἕν

569 4015 1035 4096 παιδοτροφίαις
1107 4013 1211 4078 καὶ
1284 4022 1748 4094 χρηματισμοῖς
1821 4015 1921 4078 διὰ
1989 4017 2218 4094 τροφὴν
2289 4017 2534 4079 οἰκετῶν
2601 4010 2934 4093 ἀναγκαίαν

572 4119 856 4200 ἴσχουσι,
920 4123 1004 4185 τὰ
1054 4121 1166 4196 μὲν
1214 4117 1652 4198 δανειζόμενοι,
1704 4121 1786 4183 τοὶ
1836 4119 1902 4184 δὲ
1949 4119 2404 4200 ἐξαρνούμενοι,
2464 4122 2546 4184 τοὶ
2597 4121 2661 4184 δὲ
2710 4117 2930 4183 πάντως

572 4225 959 4305 πορισάμενοι
1033 4225 1261 4303 θέμενοι
1336 4228 1507 4305 παρὰ
1581 4228 1887 4304 γυναῖκάς
1959 4250 2030 4290 τε
2099 4226 2202 4290 καὶ
2279 4227 2519 4299 οἰκέτας
2540 4274 2557 4303 ,
2641 4219 2931 4304 ταμιεύειν

573 4329 987 4412 παραδόντες,
1039 4329 1153 4396 ὅσα
1202 4355 1307 4409 τε,
1357 4328 1400 4395 ὦ
1448 4331 1632 4412 φίλε,
1683 4332 1818 4412 περὶ
1872 4331 2039 4396 αὐτοὶ
2088 4331 2192 4396 καὶ
2245 4326 2342 4396 οἶα
2385 4329 2736 4412 πάσχουσι,
2775 4317 2929 4394 δειλά
