3192 5009
618 223 751 291 212
1603 240 2003 292 nummus.

614 414 756 495 (pro
819 408 1233 492 Φάσκοντας),
1294 418 1436 495 (pro
1488 417 1530 492 .)
1595 415 1699 475 καὶ
1757 412 1828 475 τὸ
1890 414 2154 489 α’γγεῖον
2203 412 2262 474 ἐν
2309 403 2352 492 ᾧ
2400 414 2676 489 κιρνᾶται
2726 412 2755 475 0'
2807 404 2982 487 οἶνος,

613 521 978 596 κρατῆρα
1042 520 1181 601 (pro
1228 516 1480 596 κρατὴρ)
1540 518 1666 582 ἀπὸ
1730 521 1836 580 τοῦ
1898 520 2336 595 συγκιρνᾶσθαι
2403 517 2464 579 ἐν
2512 518 2680 597 αὐτῷ
2727 518 2800 581 τὸ
2848 516 2985 594 ὕδωρ

614 622 649 699 ἢ
713 622 839 686 ἀπὸ
896 627 1002 687 τοῦ
1068 624 1352 702 κέρατος,
1420 617 1535 685 οἷον
1601 632 2009 703 κερατῆρα
2059 629 2198 708 (pro
2247 624 2534 705 κερατίιρ)
2580 623 2706 687 α’πό
2754 628 2862 687 τοῦ
2909 623 2985 693 εἷς

611 731 681 794 τὸ
730 727 911 807 κέρας
962 730 1292 809 ἐγχεῖσθαι
1340 730 1410 791 τὸ
1459 730 1660 802 πόμα.

700 856 765 919 p.
818 833 970 911 478,
998 855 1052 899 a.
1118 833 1192 897 In
1252 834 1620 900 Hn’PARGm
1671 835 2030 921 fragmento
2078 840 2198 915 (vs.
2251 835 2318 916 6)
2365 834 2476 899 καί
2523 844 2680 915 (τι)
2729 837 2986 912 κυμβίον

608 962 737 1003 mea
782 942 1086 1005 correctio
1136 946 1267 1017 est,
1315 962 1509 1024 quam
1558 944 1865 1025 proposui
1912 941 2080 1003 stud.
2139 942 2288 1005 crit.
2336 941 2402 1003 in
2436 965 2510 1023 p.
2557 964 2638 1006 sc.
2685 965 2748 1028 p,
2793 940 2900 1007 91.

698 1068 761 1131 p.
813 1046 965 1125 484,
992 1067 1046 1111 e.
1096 1045 1170 1109 In
1216 1045 1476 1110 DIPmm
1522 1045 1846 1132 reliquiis:

971 1154 1243 1230 πρίστις,
1294 1152 1739 1230 τραγέλαφος,
1793 1152 2117 1230 βατιάκη,
2169 1152 2528 1232 λαβρώνιος.

844 1259 918 1324 Β.
968 1257 1514 1336 ἀνδραπόδων
1564 1260 1652 1332 δὴ
1700 1261 1897 1337 ταῦθ’,
1949 1260 2124 1341 ὁρᾷς,
2175 1260 2253 1324 A.
2304 1256 2525 1333 ἥκιστα
2577 1285 2692 1338 γε,

971 1365 1359 1440 ἐκπωμάτων
1412 1364 1462 1427 δ’
1508 1365 1790 1438 ὀνόματα
1833 1365 1960 1429 κτὲ.

606 1471 803 1550 nihil,
864 1471 1035 1557 quod
1072 1474 1301 1548 seiam,
1341 1471 1674 1556 hucusque
1712 1472 2117 1557 propositum
2157 1477 2287 1549 est,
2330 1472 2498 1557 quod
2537 1494 2652 1557 pro
2695 1480 2982 1558 corrupto

606 1577 996 1655 ἀνδραπόδων
1058 1583 1205 1661 apte
1251 1583 1682 1661 reponeretur.
1745 1576 1913 1641 Nam
1964 1576 2132 1661 quod
2181 1577 2403 1656 editor,
2452 1581 2565 1663 qui
2613 1583 2832 1644 omnia
2877 1582 2982 1643 uni

608 1687 981 1748 continuans
1028 1703 1327 1768 persona-e
1368 1685 1672 1747 coniecit:
1725 1683 2072 1761 ανδραποδί
2089 1709 2180 1747 ων
2230 1686 2299 1759 δὴ
2341 1686 2540 1762 ταῦθ’,
2582 1686 2723 1767 ὁρᾷς
2767 1684 2982 1760 ἥκιστα

605 1790 739 1867 μὲν,
809 1788 1121 1867 voluerit,
1194 1810 1299 1853 me
1360 1789 1620 1874 quidem
1684 1810 1940 1875 prorsus
2004 1789 2347 1855 obscurum
2409 1798 2540 1868 est,
2606 1813 2722 1857 nee
2770 1793 2981 1857 dubito

606 1898 759 1981 quin
822 1901 989 1960 reete
1048 1895 1242 1960 verba
1301 1897 1470 1959 inter
1535 1895 1692 1959 duas
1755 1916 2050 1980 personas
2098 1895 2304 1961 divisa
2354 1901 2500 1962 sint.
2552 1898 2792 1963 Kockii
2839 1921 2980 1964 vero

604 2004 965 2067 coniectura
1009 2001 1361 2077 τετράποδα
1410 2000 1461 2065 δ’
1505 2001 1616 2075 ἤδη
1655 2004 1789 2066 iam
1824 2005 2138 2067 evertitur
2177 2006 2381 2087 ipsius
2419 2006 2978 2081 animadversione,

600 2108 671 2173 id
718 2109 797 2173 ad
842 2107 1054 2173 solum
1101 2107 1506 2186 τραγέλαφος
1554 2108 1774 2172 referri
1813 2128 1994 2194 posse
2011 2128 2028 2185 ;
2069 2108 2292 2193 procul
2331 2112 2505 2175 enim
2545 2110 2738 2176 dubio
2787 2114 2982 2197 requi-

600 2216 787 2293 ritur,
855 2215 1026 2301 quod
1088 2214 1168 2279 ad
1232 2216 1445 2279 omnia
1510 2216 1826 2299 pertineat
1888 2219 2002 2278 aut
2057 2214 2288 2280 saltem
2333 2219 2649 2300 pertinere
2695 2218 2981 2283 videat-ur

599 2341 900 2407 personae
964 2320 1036 2398 Β,
1104 2340 1263 2406 quae
1324 2321 1609 2397 βατιακὴ
1673 2327 1738 2385 et
1799 2320 2129 2397 λαβρώνιος
2198 2320 2461 2386 audiens
2509 2344 2622 2407 pro
2669 2324 2977 2407 piscibus,

600 2428 819 2514 quales
880 2427 1137 2503 βατίδες
1189 2432 1370 2491 erant
1416 2432 1481 2491 et
1527 2426 1882 2504 λάβρακες,
1933 2427 2161 2491 habere
2209 2448 2283 2491 ea
2326 2432 2598 2512 poterat.
2665 2427 2822 2495 Tale
2867 2431 2979 2514 igi-

599 2541 709 2598 tur
757 2534 911 2619 quid
954 2532 1400 2620 reperiendum
1447 2531 1735 2617 relinquo
1779 2533 2332 2619 ingeniosioribus.

689 2662 752 2725 p.
803 2640 955 2718 486,
982 2640 1026 2705 f.
1076 2638 1155 2705 σὺ
1202 2639 1263 2703 δὲ
1314 2642 1421 2712 την
1468 2640 1759 2716 μέλην,
1813 2643 2105 2720 Συρίσκε,
2158 2638 2410 2715 ταυτηνὶ
2460 2640 2676 2717 λαβὼν

1078 2742 1321 2821 ἔνεγκον
1370 2745 1468 2808 ἐπὶ
1517 2744 1587 2806 τὸ
1638 2744 1828 2820 μνῆμ’
1877 2744 2102 2823 ἐκείνη,
2152 2745 2514 2822 μανθάνεις;

1078 2850 1180 2913 καὶ
1232 2849 1573 2929 κατάχεον.

597 2958 741 3023 Non
810 2958 1005 3022 fuisse
1073 2976 1294 3021 revera
1365 2954 1612 3020 vasculi
1683 2976 1914 3021 nomen
1983 2956 2199 3033 μέλην,
2241 2956 2382 3022 -sed
2446 2957 2788 3043 deceptum
2851 2980 2974 3024 esse

595 3064 1000 3128 Athenaeum
1069 3068 1366 3145 corrupta
1432 3063 1744 3145 scriptura
1764 3109 1779 3138 ,
1851 3060 2154 3127 facillime
2217 3063 2401 3127 credo
2461 3062 2777 3129 KaibeliO.
2844 3064 2975 3129 Nisi

594 3176 814 3236 autem
860 3172 1119 3255 egregie
1167 3166 1374 3244 fallor,
1422 3168 1798 3231 ANAxn’Pth
1843 3166 2188 3232 salsissime
2235 3171 2602 3255 scripserat:

1072 3274 1147 3337 σὺ
1196 3273 1258 3337 δὲ
1309 3276 1417 3349 την
1466 3274 1955 3350 με<γοὶλ>ην,
2009 3274 2302 3352 Συρίσκε,
2354 3276 2480 3339 κτὲ.

593 3381 729 3447 soil.
804 3380 1049 3445 κύλικα.
1123 3379 1394 3444 Vinosae
1458 3379 1720 3444 mulieri
1785 3383 1929 3465 qui,
1993 3402 2261 3466 quaem,
2325 3384 2577 3468 gratius
2643 3381 2972 3449 defunctae

590 3486 783 3551 libari
808 3489 1052 3571 ,potuit
1101 3506 1295 3572 quam
1344 3506 1378 3549 e
1423 3485 1604 3571 largo
1626 3535 1641 3561 ,
1693 3506 1818 3570 quo
1868 3489 2022 3551 viva
2067 3490 2167 3551 uti
2217 3486 2496 3564 solebat,
2547 3487 2821 3573 poculo?

685 3615 746 3678 p.
798 3591 950 3670 494,
980 3614 1033 3657 e.
1084 3592 1157 3656 In
1200 3592 1450 3657 Eumm
1496 3593 1890 3678 fragmento:

1670 3700 1771 3761 καὶ
1823 3706 1978 3762 πιεῖν
2031 3701 2212 3777 χωρὶς
2261 3702 2520 3780 μέτρω

1045 3804 1370 3886 ὀξύβαφον
1418 3806 1530 3875 εἷς
1584 3804 2014 3868 τὸκοινόν·
2067 3800 2176 3869 εἶθ’
2226 3807 2658 3882 ὑπώμνυτο

1045 3912 1071 3974 ὅ
1120 3912 1232 3986 μὲν
1282 3907 1425 3981 οἶνος
1476 3909 1604 3986 ὄξος
1654 3913 1840 3975 αὑτὸν
1891 3907 2042 3975 εἶναι
2095 3914 2360 3989 γνήσιον,

1040 4016 1109 4079 τὸ
1161 4018 1212 4081 δ’
1260 4015 1389 4091 ὅξος
1436 4013 1585 4081 οἶνον
1637 4017 1786 4081 αὑτὸ
1839 4021 2086 4093 μᾶλλον
2133 4017 2402 4097 θατέρου.

587 4146 714 4189 non
774 4126 985 4209 magis
1050 4144 1243 4207 quam
1288 4124 1487 4203 μέτρω
1538 4130 1606 4187 et
1654 4124 1974 4197 ὑπώμνυτο
2025 4144 2178 4188 sana
2223 4125 2387 4189 mihi
2432 4124 2736 4189 videntur
2781 4125 2966 4191 verba

588 4230 671 4299 εἰς
739 4229 810 4291 τὸ
875 4227 1062 4291 κοινόν
1123 4233 1189 4292 et
1248 4228 1444 4292 verba
1472 4232 1822 4313 ‘sequentia
1869 4230 1997 4294 fere
2045 4229 2407 4314 postulant,
2457 4237 2533 4294 ut
2577 4232 2648 4295 in
2693 4231 2795 4295 his
2841 4235 2966 4295 iam

583 4336 827 4401 mentio
884 4333 1051 4397 facta
1113 4320 1305 4414 fuerit
1368 4334 1445 4399 de
1506 4338 1660 4401 vino
1726 4342 1790 4399 et
1838 4342 2014 4399 aceto
2034 4384 2049 4411 ,
2103 4356 2295 4421 quare
2339 4335 2567 4401 lubens
2617 4339 2964 4401 conicerem
