3192 5009
478 201 608 267 380
1437 223 1858 272 8888888188.

474 395 615 464 tur,
664 408 812 452 oum
858 387 1045 474 miles
1091 387 1353 473 quidam
1394 391 1766 475 gregarius,
1817 388 2055 454 Scaeva
2096 390 2388 466 nomine,
2429 409 2600 453 unus
2639 393 2872 453 eontra

474 515 693 560 omnes
740 495 851 559 diu
896 515 1192 581 pugnans
1239 501 1447 560 morte
1496 515 1615 560 888
1660 515 1797 561 rem
1844 493 2129 562 Caesaris
2177 497 2477 560 servavit.
2527 493 2652 574 Qui
2693 491 2872 558 mul-

474 603 559 664 tis
606 603 735 664 iam
782 599 1083 666 letalibus
1133 599 1507 666 vulneribus
1556 604 1830 686 acceptis

565 706 732 771 202:
1279 710 1411 772 iam
1459 712 1714 792 pectora
1758 728 1888 772 808
1935 710 2101 792 teg-it
2145 711 2376 784 armis,

834 833 906 877 88
951 815 1198 878 veritus
1248 812 1417 878 credi
1466 812 1670 898 clipeo
1715 811 2022 898 laevaque
2068 833 2324 878 vacasse
2341 862 2357 890 ,

836 925 950 982 aut
994 917 1181 1004 culpa
1228 921 1467 984 vixisse
1514 938 1663 994 sua,
1711 924 1812 982 tot
1858 903 2123 984 vulnera
2168 917 2324 983 belli

836 1022 1009 1088 solus
1056 1025 1227 1101 obit,
1279 1045 1333 1089 8.
1360 1046 1421 1108 q.
1450 1045 1500 1087 s.

475 1148 697 1193 versus
744 1127 877 1193 203
899 1177 915 1205 ‚
963 1129 1329 1194 Burmanno
1381 1150 1636 1215 quoque
1684 1132 1878 1194 nimis
1924 1135 2151 1194 acutus
2195 1132 2375 1193 visus
2395 1177 2410 1206 ,
2461 1128 2540 1194 ab
2587 1126 2874 1193 11881118-

476 1236 569 1299 sio
618 1235 707 1299 818
754 1233 1143 1321 explicatur:
1197 1236 1381 1312 „that
1427 1241 1597 1300 trust
1647 1235 1876 1300 should
1922 1235 2000 1300 be
2039 1241 2160 1320 put
2197 1237 2267 1299 in
2303 1235 2406 1299 his
2449 1232 2659 1298 shield
2678 1281 2694 1309 ,
2734 1231 2874 1297 and

475 1340 577 1404 his
634 1338 750 1404 lest
811 1340 979 1404 hand
1034 1341 1109 1406 be
1155 1339 1351 1418 idle'’,
1401 1347 1477 1405 ut
1523 1340 1747 1428 vulgo.
1812 1341 1950 1421 Qua
1995 1343 2520 1426 interpretatione
2567 1339 2876 1424 quamvis

478 1442 758 1509 violenta
800 1448 1083 1510 80818811
1127 1449 1332 1511 8111188
1378 1467 1630 1512 8888888
1679 1452 1809 1522 est,
1860 1465 2011 1512 nam
2061 1451 2158 1511 est
2204 1466 2278 1510 ea
2317 1465 2478 1530 quae
2517 1446 2878 1530 requiritur

479 1570 681 1634 neque
728 1548 861 1614 ulla
898 1550 1127 1615 adsunt
1166 1551 1564 1636 corruptelae
1608 1553 1902 1638 vestigia.
1953 1551 2321 1616 Burmanno
2362 1570 2620 1636 prorsus
2661 1570 2878 1614 assen-

478 1659 637 1732 tior,
701 1658 814 1741 qui
873 1660 1225 1722 morosius:
1296 1657 1739 1743 „Ineptiarum
1801 1660 1958 1723 satis
2013 1663 2110 1722 881
2155 1660 2223 1721 in
2272 1656 2566 1734 Lucano,
2617 1661 2694 1720 ut
2739 1676 2876 1720 non

480 1782 639 1846 opus
700 1763 821 1838 sit,
887 1764 1013 1846 ipsi
1074 1782 1271 1827 novas
1334 1762 1655 1850 adfingere
1713 1763 2188 1848 intempestivis
2245 1759 2872 1830 emendationibus&

487 1865 645 1931 Vide
708 1873 923 1932 tamen
993 1888 1199 1932 annon
1259 1871 1349 1934 818
1412 1866 1644 1933 1881101·
1690 1868 1918 1933 evadat
1965 1868 2142 1934 loeus
2191 1867 2493 1932 confusus
2539 1868 2595 1930 si
2639 1887 2754 1951 pro
2803 1888 2884 1928 ac

480 1972 740 2037 veritus:
792 1981 899 2038 aut
944 1974 1170 2038 veritus
1214 1974 1563 2038 scribamus
1613 1979 1678 2039 81
1724 1981 1868 2059 post
1913 1997 2024 2037 sua
2071 1980 2307 2058 puncto
2356 1971 2877 2058 distinguamus:

486 2084 639 2144 1888
688 2083 1001 2145 888188118
1048 2081 1203 2145 11888
1250 2085 1381 2144 est:
1440 2078 1580 2144 Iam
1629 2079 1859 2144 abiecit
1908 2077 2189 2164 elipeum
2236 2084 2350 2142 aut
2392 2079 2637 2142 veritus
2686 2097 2768 2140 88
2819 2077 2886 2140 ei

483 2184 742 2248 eredens
807 2187 1063 2248 sinistra
1123 2205 1246 2249 non
1306 2189 1599 2249 uteretur
1645 2190 1758 2248 881
1803 2189 2100 2250 18818888
2149 2205 2226 2248 88
2274 2203 2346 2248 80
2395 2187 2672 2248 mortem
2721 2201 2760 2245 8
2809 2201 2882 2245 88

484 2295 723 2354 arceret
771 2310 921 2354 oum
967 2293 1135 2354 mori
1180 2311 1295 2374 pro
1343 2287 1608 2356 Caesare
1655 2292 2004 2354 statuisset.

574 2491 922 2576 Pompeius
968 2512 1097 2556 una
1144 2497 1497 2557 castrorum
1544 2497 1724 2577 parte
1771 2492 2065 2578 repulsus
2113 2515 2239 2558 non
2289 2495 2498 2580 mag-is
2543 2493 2794 2576 quievit

577 2594 744 2660 265:
839 2616 1035 2681 quam
1082 2617 1257 2662 mare
1302 2597 1612 2675 lassatur,
1662 2619 1812 2662 8881
1860 2619 1926 2663 88
1972 2597 2344 2664 tollentibus
2393 2597 2587 2662 Euris

845 2702 1250 2787 frangentem
1298 2701 1529 2768 fluctus
1576 2702 1914 2788 scopulum
1960 2705 2142 2780 ferit,
2194 2709 2310 2769 aut
2351 2703 2526 2768 latus
2575 2700 2695 2767 alti

847 2811 1086 2874 montis
1131 2809 1309 2875 adest
1356 2830 1690 2895 seramque
1739 2810 1861 2874 sibi
1907 2817 2088 2896 parat
2133 2811 2303 2876 unda
2351 2812 2626 2874 ruinam.

486 2913 585 2978 Ad
630 2935 692 2977 se
740 2913 1085 2978 tollentibus
1122 2912 1407 2979 Haskins
1446 2921 1743 2979 annotat:
1792 2915 2083 3001 „merely
2122 2915 2490 3001 equivalent
2527 2921 2594 2978 to
2637 2935 2888 2992 eur-qen-

485 3019 681 3082 tibue”
703 3048 730 3094 ;
778 3027 966 3084 reete.
1018 3019 1143 3084 Sed
1173 3021 1405 3102 fluetus
1450 3020 1815 3085 subiectum
1854 3041 1990 3086 esse
2029 3026 2218 3106 putat
2255 3020 2436 3085 verbi
2467 3018 2674 3104 ferit,
2727 3037 2888 3082 eum

486 3125 691 3191 dieat:
761 3125 913 3202 „the
976 3124 1113 3190 cliff
1166 3125 1307 3190 that
1370 3125 1600 3190 breaks
1663 3128 1748 3190 its
1810 3127 2045 3203 foree'’,
2093 3126 2206 3191 ubi
2254 3125 2501 3192 dietum
2549 3126 2880 3210 oportuit:

490 3231 642 3306 „the
704 3229 840 3295 oliff
892 3231 1033 3295 that
1094 3231 1323 3296 breaks
1383 3231 1491 3296 the
1554 3231 1810 3308 manes,
1879 3253 2032 3298 nam
2076 3233 2258 3297 verbi
2291 3232 2466 3316 ferit
2513 3230 2883 3294 subiectum

488 3343 586 3401 est
632 3358 811 3399 mare.

585 3535 753 3602 522:
847 3541 1092 3603 semina
1141 3539 1443 3604 fecundae
1492 3543 1732 3626 segetis
1779 3538 2019 3605 calcata
2065 3543 2344 3626 perussit
2362 3587 2377 3613 ‚

852 3649 917 3708 81
957 3665 1082 3709 808
1122 3643 1405 3728 letiferas
1444 3647 1740 3729 spirando
1779 3646 2058 3731 perdidit
2101 3665 2284 3710 auras
2325 3649 2437 3722 (88.
2481 3640 2832 3720 Τ11888818).

491 3749 658 3829 Quin
705 3770 817 3834 pro
866 3771 1051 3812 auras
1095 3750 1500 3815 scribendum
1548 3752 1634 3814 sit
1683 3751 1896 3813 herbas
1944 3753 2052 3814 vix
2103 3751 2349 3815 dubito·

583 3949 749 4016 550:
846 3958 910 4016 81
958 3951 1401 4036 quodcumque
1446 3955 1612 4018 iacet
1660 3953 1831 4017 nuda
1879 3951 2110 4018 tellure
2159 3951 2425 4018 cadaver

854 4062 1001 4122 ante
1048 4058 1212 4122 feras
1262 4056 1681 4143 volucresque
1727 4059 1937 4124 sedet:
1990 4059 2240 4137 (eadem
2287 4078 2442 4144 saga
2489 4063 2604 4137 88.)

488 4161 605 4224 Est
667 4168 731 4226 et
788 4161 913 4226 alia
971 4161 1195 4240 lectio:
1252 4171 1316 4227 81
1361 4183 1737 4250 quacunque
1783 4166 1949 4229 iacet
1997 4164 2246 4228 nudum
2293 4163 2523 4228 teUure
2571 4161 2882 4240 cadaver,

488 4286 651 4351 quae
698 4275 935 4351 quanto
984 4266 1213 4332 melior
1263 4271 1347 4331 sit
1394 4290 1516 4334 non
1569 4291 1731 4355 opus
1780 4275 1878 4334 est
1925 4277 2001 4334 ut
2049 4269 2497 4334 demonstrem.
