3192 5009
1337 329 1675 381 nonnus.
2598 306 2679 373 11

318 498 580 561 externa
637 494 1092 561 vocabulorum
1155 495 1472 583 elegantia
1489 544 1506 574 ,
1571 495 1681 561 sed
1738 494 1945 561 multo
1992 497 2207 581 magis
2251 495 2327 560 de
2372 491 2684 580 sig-nifica-

321 602 515 665 tionis
571 604 642 666 vi
701 608 766 667 et
826 604 986 667 scito
1056 602 1334 688 quodam
1379 604 1690 668 acumine.
1741 601 1913 667 Huic
1958 602 2265 667 sermonis
2308 601 2682 687 proprietati

323 712 469 793 post
533 706 688 773 alios
750 711 1070 794 imprimis
1131 712 1416 775 intentus
1479 708 1604 773 fuit
1650 706 2081 794 Kiesslingius
2100 756 2117 786 ,
2166 709 2347 773 cuius
2395 710 2685 771 accurata

325 820 390 879 et
445 817 656 900 sag-aci
716 814 1169 881 vocabulorum
1213 814 1633 900 explicatione
1675 814 2147 899 permultorum
2190 814 2548 879 carminum
2593 830 2686 876 ar-

324 927 629 1007 gumento
693 926 758 987 et
819 922 1268 1009 significationi
1332 921 1571 1007 aliquid
1618 942 1817 987 novae
1863 920 2027 986 lucis
2072 920 2309 986 affulsit
2352 917 2682 1003 multaque

319 1024 570 1092 sublata
631 1034 781 1092 sunt
845 1028 1168 1094 obstacula
1184 1076 1201 1106 ,
1265 1030 1334 1093 in
1401 1029 1633 1113 quibus
1682 1034 1865 1093 antea
1910 1028 2241 1093 haeserant
2284 1028 2681 1111 interpretes.

317 1132 544 1198 Restat
603 1140 820 1200 autem
881 1134 1022 1200 aliis
1086 1137 1284 1201 etiam
1351 1138 1504 1199 satis
1564 1133 1747 1221 larga
1792 1155 1973 1221 seges
2018 1134 2214 1199 huius
2259 1134 2511 1220 generis
2557 1152 2685 1197 me-

317 1239 508 1304 tenda
524 1288 540 1317 ,
605 1240 752 1305 odas
815 1240 1056 1305 scilicet
1117 1240 1458 1326 diligenter
1515 1241 1996 1325 inspicientibus
2014 1288 2031 1317 ,
2078 1245 2155 1304 ut
2199 1259 2399 1326 pauca
2441 1236 2685 1323 Epodo-

317 1366 468 1411 rum
515 1345 804 1432 exempla
849 1368 998 1411 casu
1047 1346 1257 1413 oblata
1293 1349 1504 1434 magis
1543 1368 1737 1432 quam
1778 1347 1989 1413 studio
2029 1348 2313 1432 quaesita
2350 1345 2683 1410 docebunt.

411 1450 486 1517 In
544 1456 730 1518 tertio
790 1452 1009 1539 Epodo
1069 1459 1283 1519 narrat
1343 1453 1651 1519 Horatius
1712 1459 2024 1539 quantum
2082 1452 2241 1518 mali
2308 1452 2687 1517 contraxerit

317 1578 394 1623 ex
445 1557 598 1623 allio
645 1559 810 1644 quod
855 1562 1142 1624 convivis
1189 1560 1562 1645 praebuerat
1606 1558 1939 1625 Maecenas
1956 1609 1973 1638 ‚
2021 1559 2211 1645 idque
2256 1563 2334 1623 ut
2377 1560 2444 1624 in
2484 1562 2687 1644 poste-

313 1686 464 1731 rum
508 1670 729 1731 caveat
775 1672 992 1730 monet
1038 1666 1140 1731 his
1189 1667 1432 1733 verbis:

673 1778 755 1837 at
801 1773 1115 1858 siquid
1163 1771 1368 1837 olim
1414 1771 1583 1837 tale
1635 1774 2267 1858 concupiveris,

674 1880 956 1944 iocose
1005 1878 1471 1956 Maecenas,
1520 1900 1810 1964 precor

681 2005 1009 2051 manum
1057 1984 1348 2071 puella
1395 1987 1627 2050 savio
1666 1992 2035 2071 ’opponat
2082 1990 2245 2051 tuo.

407 2087 594 2155 Dicat
641 2089 872 2176 aliquis
919 2094 990 2155 si
1037 2093 1639 2177 concupiveris
1685 2094 1878 2156 metri
1930 2112 2117 2157 causa
2175 2094 2389 2176 inepte
2448 2090 2689 2155 adhibi-

315 2204 464 2261 tum
511 2217 644 2261 esse
689 2218 805 2282 pro
853 2200 924 2262 si
972 2200 1360 2263 convivis
1407 2199 2043 2262 ministraveris
2087 2219 2150 2263 v.
2203 2197 2265 2262 2.
2294 2194 2357 2261 9.
2406 2195 2529 2261 Sed
2575 2199 2686 2282 qui

315 2305 564 2367 noverit
609 2310 829 2389 poetae
879 2323 1145 2369 acumen
1193 2306 1262 2368 in
1307 2304 1516 2369 verbis
1561 2302 1903 2390 seligendis
1923 2352 1940 2381 ,
1982 2306 2321 2389 perspiciet
2356 2305 2685 2388 aptissimo

314 2409 509 2475 verbo
573 2414 736 2474 tecte
797 2412 979 2496 tangi
1040 2408 1476 2476 Maecenatem
1495 2458 1510 2487 ,
1558 2412 1671 2495 qui
1718 2431 1840 2495 quo
1884 2413 2019 2494 ipse
2068 2410 2205 2499 cibo
2249 2412 2422 2475 vesci
2467 2428 2688 2473 concu-

315 2517 506 2601 piscit
573 2536 652 2579 ne
718 2521 954 2600 puncto
1015 2516 1277 2601 quidem
1339 2518 1643 2602 temporis
1708 2518 1997 2581 convivis
2043 2536 2354 2601 apponere
2400 2515 2651 2580 dubitat
2667 2564 2684 2593 ,

311 2620 578 2685 fflorum
624 2620 936 2706 cupidinis
981 2624 1338 2688 incuriosus
1356 2671 1371 2698 ,
1423 2622 1580 2687 dum
1626 2622 1749 2687 sibi
1796 2622 2160 2686 satisfaciat.
2234 2620 2441 2700 Quam
2489 2620 2689 2685 homi-

315 2730 418 2791 nis
463 2733 756 2791 naturam
773 2776 790 2804 ‚
840 2726 1090 2793 aliunde
1137 2731 1292 2793 satis
1337 2734 1590 2806 notam,
1642 2734 1855 2813 aperte
1907 2727 2307 2813 reprehendit
2350 2729 2419 2792 in
2456 2725 2553 2791 III
2576 2724 2683 2793 29.

405 2831 484 2897 In
525 2831 743 2918 Epodo
785 2832 883 2898 XI

588 2939 730 3003 ubi
777 2940 973 3005 haec
1019 2961 1368 3005 severus
1416 2946 1494 3005 te
1543 2939 1817 3026 palam
1863 2939 2403 3007 laudaveram

587 3048 876 3110 iussus
925 3047 1154 3113 abire
1204 3047 1528 3113 domum
1571 3048 1905 3113 ferebar
1948 3051 2281 3113 incerto
2328 3048 2529 3133 pede

317 3173 523 3218 nonne
582 3154 1005 3238 incogitanter
1052 3158 1164 3218 aut
1207 3154 1551 3219 inhumane
1602 3154 1821 3219 scribit
1869 3153 2175 3219 Horatius
2220 3175 2287 3219 se
2356 3157 2441 3218 iu
2458 3176 2487 3217 s
2506 3175 2535 3217 s
2552 3174 2597 3217 u
2616 3174 2686 3218 m

319 3280 454 3325 esse
517 3258 780 3323 domum
847 3259 1018 3323 abire
1088 3260 1164 3324 ab
1235 3262 1436 3325 amico
1506 3256 1763 3325 Pettio?
1831 3258 2013 3324 Nihil
2082 3261 2330 3336 minus;
2398 3258 2689 3344 lepidum

319 3365 588 3431 verbum
633 3365 753 3429 hoc
797 3367 866 3427 in
935 3386 998 3430 se
1068 3365 1258 3430 habet
1276 3414 1292 3442 ,
1363 3364 1645 3431 infelices
1704 3372 2015 3430 amatores
2077 3372 2142 3430 et
2202 3368 2471 3431 incertos
2534 3365 2688 3451 quid

322 3476 516 3557 agant
533 3518 549 3547 ‚
599 3490 748 3535 cum
793 3469 963 3535 mala
1021 3473 1170 3535 vino
1228 3469 1526 3535 lavantur
1586 3472 1665 3535 ad
1723 3474 1912 3536 amici
1958 3469 2242 3536 foculum
2259 3518 2275 3548 ,
2324 3470 2576 3535 nullum
2623 3470 2689 3535 fi-

321 3598 472 3641 nem
515 3578 798 3642 invenire
843 3576 1233 3642 lamentandi
1277 3583 1342 3643 et
1385 3576 1643 3643 lavandi
1658 3627 1675 3655 ‚
1739 3580 1861 3643 nisi
1922 3577 2178 3643 tandem
2225 3578 2394 3643 abire
2439 3578 2695 3643 iubean-

323 3690 432 3749 tur
476 3683 553 3747 ab
601 3685 822 3747 amicO.
873 3680 968 3750 Of.
1016 3686 1235 3748 iussi
1277 3687 1344 3748 in
1387 3684 1588 3770 Epod.
1644 3684 1701 3748 1.
1732 3682 1792 3750 7.

413 3788 656 3855 Eadem
696 3792 903 3855 cautio
945 3810 1180 3875 mag-no
1219 3811 1368 3855 cum
1405 3790 1621 3855 fructu
1660 3790 1940 3855 adhibita
1979 3795 2075 3855 est
2096 3792 2164 3855 in
2189 3789 2386 3875 Epod.
2415 3790 2476 3855 4.
2507 3788 2568 3854 9.
2596 3812 2687 3876 sq.

329 3902 395 3961 et
463 3892 522 3961 7.
554 3894 636 3960 13
661 3916 793 3980 sqq.
859 3895 964 3975 (cf.
1010 3894 1292 3977 Kiessl.).
1354 3896 1438 3961 Et
1500 3900 1776 3983 pertinet
1834 3896 1957 3961 huc
2018 3900 2214 3961 etiam
2274 3896 2442 3982 quod
2501 3917 2695 3982 supra

328 4002 804 4068 observavimus
867 4001 942 4067 de
1002 4002 1195 4067 verbo
1257 4002 1657 4067 consiliis
1720 4005 1788 4067 in
1850 4001 1965 4067 Od.
2014 4001 2101 4067 IV
2149 4002 2210 4066 4.
2240 4002 2346 4080 24,
2412 4003 2523 4067 ubi
2566 4024 2692 4067 non

325 4110 542 4173 minus
611 4111 798 4185 scite,
869 4129 983 4193 pro
1043 4129 1118 4173 eo
1181 4108 1350 4193 quod
1408 4108 1893 4195 Peerlkampius
1959 4108 2212 4174 volebat
2256 4130 2396 4195 rep
2413 4130 2541 4174 res
2558 4130 2639 4174 sa
2658 4130 2693 4174 e

324 4213 430 4280 vel
490 4215 896 4291 reiectae,
945 4220 1130 4299 poeta
1174 4217 1424 4300 scripsit
1469 4218 1847 4281 revictae
1896 4215 1971 4280 de
2016 4215 2293 4281 barbaris
2337 4222 2522 4281 antea
2567 4219 2695 4285 vic-

328 4320 574 4386 toribus
621 4341 789 4385 nunc
835 4340 950 4384 sua
995 4323 1133 4386 vice
1180 4323 1388 4387 victis.

423 4425 744 4507 Quantum
781 4426 1098 4493 doctrinae
1136 4430 1445 4494 acuminis
1483 4429 1715 4515 leporis
1756 4432 1993 4495 ironiae
2014 4450 2139 4495 non
2163 4428 2418 4518 singula
2442 4436 2695 4497 tantum
