3192 5009
1208 268 1610 318 Amsmnus.
2461 252 2594 320 209

260 436 405 511 tur,
446 435 789 502 Athenaeum
826 441 1082 502 mutato
1123 436 1315 501 verbo
1360 436 1731 500 EPIGHARMI
1769 456 2033 501 versum
2070 438 2139 500 in
2181 458 2376 502 usum
2399 460 2594 504 suum

254 545 611 608 convertisse
665 542 1039 609 crediderim
1056 592 1073 621 ,
1134 542 1325 607 illum
1388 562 1539 607 vero
1589 536 1635 605 ὦ
1651 567 1680 605 ν
1699 566 1726 605 ο
1745 566 1775 605 ν
1821 541 2026 607 aliove
2070 543 2355 623 faciendi
2402 546 2594 611 verbo

248 666 451 711 usum
488 670 620 714 esse.

344 775 407 839 p.
452 752 580 834 309,
603 778 653 822 e.
704 764 819 820 τῶν
866 756 1261 838 ἰχθυοπωλῶν
1308 754 1527 833 οἰρτίως
1577 778 1672 825 τις
1723 754 2032 833 τεττάρων

714 863 1011 941 δραχμῶν
1062 862 1254 937 ἐτίμα
1304 860 1561 937 κωβιοὺς
1615 909 1626 924 .
1661 910 1676 924 .
1706 909 1721 925 .
1751 908 1766 924 .
1794 862 2054 942 σφόδρα.

238 962 399 1030 'Pam
438 967 719 1033 Meineke
767 988 963 1054 quam
1007 966 1194 1031 Kock
1242 965 1517 1031 Salvinii
1563 965 2088 1051 supplementum
2138 968 2260 1047 (B.
2313 976 2598 1047 πολλοῦ)

237 1071 467 1150 σφόδρα
512 1081 879 1159 receperunt
902 1122 919 1151 ,
965 1073 1118 1139 licet
1154 1072 1239 1137 K.
1275 1072 1589 1157 praeferat
1627 1072 1841 1149 ὀλίγον
1882 1074 2128 1139 dictum
2168 1096 2283 1159 per
2304 1078 2598 1141 ironiam.

235 1177 397 1257 Quid
435 1180 823 1246 interciderit
878 1201 1137 1266 prorsus
1188 1182 1508 1244 incertum
1571 1185 1703 1257 est,
1759 1179 1869 1244 sed
1921 1201 2048 1244 non
2103 1184 2318 1245 minus
2375 1189 2601 1267 aptum

234 1284 421 1365 foret,
490 1286 653 1372 quod
721 1294 981 1372 propter
1049 1306 1455 1372 praegressae
1488 1288 1694 1351 ,vocis
1758 1286 1990 1351 ductus
2068 1287 2322 1352 facilius
2398 1292 2602 1375 perire

232 1396 433 1476 potuit
452 1442 470 1470 ‚
538 1388 1063 1478 supplementum
1135 1394 1381 1471 μικρούς
1401 1440 1417 1471 ,
1491 1393 1662 1477 quod
1723 1395 1779 1457 si
1841 1393 2112 1471 excidit,
2176 1415 2344 1458 unus
2406 1395 2602 1460 homo

234 1497 377 1563 haec
423 1500 733 1585 loquitur.

309 1627 371 1690 p.
420 1604 573 1683 311,
598 1606 664 1670 b.
712 1608 865 1669 ἀλλ’
914 1607 1019 1670 οὐκ
1066 1604 1252 1682 εὐώδη
1303 1606 1572 1684 γαστρὸς
1621 1604 1947 1678 κέκτηνται
1997 1606 2268 1685 α’λοιφῆν

717 1711 843 1775 οὐδ’
890 1707 1087 1776 οὕτω
1138 1710 1538 1791 δριμεῖαν.

228 1816 391 1895 Quia
435 1818 511 1883 de
555 1819 898 1883 hominum
942 1817 1243 1904 gustibus
1261 1867 1277 1896 ,
1329 1818 1498 1903 quod
1543 1820 1756 1895 aiunt,
1809 1818 2268 1903 disputandum
2314 1841 2438 1885 non
2487 1828 2603 1900 est,

220 1923 379 1987 huic
445 1927 795 2009 scripturae
868 1923 1365 1989 admirabundus
1437 1926 1766 2008 acquiesco
1785 1973 1802 2001 ,
1871 1946 1983 1990 nec
2055 1927 2337 1992 conicere
2402 1928 2604 1993 audeo

216 2028 465 2101 οὕτως
512 2032 819 2103 ἡδεῖαν.

310 2160 383 2223 p.
429 2136 577 2215 314,
600 2138 645 2201 f.
708 2132 771 2207 ὃς
834 2138 1099 2218 ἀκριβῶς
1160 2134 1345 2205 οὕτως
1410 2136 1539 2200 διὰ
1589 2136 1981 2216 λιχνείαν
2031 2138 2135 2201 καὶ
2186 2141 2290 2203 τὸν
2340 2139 2602 2218 πορθμὸν

214 2244 547 2308 διέπλευσε
609 2244 714 2307 καί
782 2250 898 2307 τῶν
953 2249 1147 2322 μερῶν
1202 2244 1467 2307 ἕκαστον
1513 2249 1628 2307 τῶν
1678 2244 1901 2322 ἰχθύων
1951 2245 2068 2315 τὰς
2118 2245 2466 2332 ποιότητας,
2501 2245 2605 2310 καὶ

210 2350 365 2420 τοὺς
409 2350 651 2431 χυμοὺς
714 2350 845 2414 διὰ
908 2374 1049 2423 την
1108 2351 1491 2428 λιχνείαν
1539 2348 1836 2426 ἐξήτασεν
1886 2350 2013 2414 κτὲ.
2063 2349 2367 2416 Deleatur
2416 2351 2605 2417 ditto-

212 2456 575 2545 graphema
618 2455 720 2519 διὰ
768 2479 878 2528 την
926 2455 1229 2534 λιχνείαν.

312 2583 379 2647 p.
430 2560 581 2639 324,
606 2560 667 2625 d.
714 2562 858 2625 init.
921 2561 1090 2625 Ante
1151 2560 1366 2641 μορίων
1431 2581 1655 2646 operae
1718 2564 2070 2626 omiserunt
2117 2559 2298 2643 ζῴων.
2361 2561 2458 2629 Of.
2509 2520 2605 2628 ed.

218 2668 479 2735 Schwh.

314 2797 377 2860 p.
432 2772 585 2851 333,
611 2795 665 2839 e.
710 2776 853 2839 init.
900 2772 997 2839 De
1042 2774 1236 2839 huius
1279 2773 1408 2839 loci
1447 2777 1607 2839 vitio
1643 2773 2010 2839 consulatur
2051 2774 2606 2861 schweighauser.

314 2905 379 2968 p.
431 2880 585 2958 340,
610 2901 667 2945 a.
717 2883 797 2958 τῷ
848 2880 1295 2947 Καλλιμέδοντι
1345 2881 1472 2960 γὰρ
1521 2878 1828 2958 θεραπεύω
1877 2882 1992 2949 τὰς
2044 2881 2222 2958 κόρας

726 2986 831 3061 ἤδη
879 2987 1183 3061 τετάρτην
1230 2987 1481 3065 ἡμέραν.
1532 2986 1606 3049 Β.
1657 2982 1855 3059 ἦσαν
1905 2987 2074 3064 κόραι

728 3095 1058 3174 θυγατέρες
1111 3094 1314 3173 αὖτῷ;

222 3202 281 3269 Ε
340 3201 733 3289 praegressis
784 3198 1151 3284 planissime
1200 3204 1447 3263 constat
1493 3210 1597 3263 vs.
1638 3197 1679 3262 2
1727 3204 1981 3282 poetam
2029 3200 2352 3285 scripsisse
2402 3200 2610 3264 εἰσὶν

228 3308 397 3387 κόραι
447 3305 579 3369 arf.

316 3437 379 3501 p.
431 3410 587 3487 345,
614 3411 673 3475 (1.
743 3410 1031 3489 μεγάλου
1102 3414 1256 3483 τινὸς
1330 3410 1501 3475 κατὰ
1539 3409 1776 3490 ,τύχην
1847 3410 2050 3489 ἰχθύος
2120 3412 2609 3490 παρατεθέντος,

232 3522 427 3587 ἄλλον
490 3518 545 3581 δ’
592 3516 820 3588 οὐδενὸς
883 3517 1499 3595 παρεσκευασμένου,
1564 3517 1780 3593 λαβὼν
1843 3511 1978 3578 ὅλον
2038 3517 2066 3580 ὅ
2115 3519 2315 3591 Ζήνων
2363 3555 2449 3565 -
2497 3514 2612 3588 οἷος

234 3626 297 3703 ἦν
354 3624 735 3689 κατεσθίειν·
786 3628 891 3687 τοῦ
941 3625 992 3688 δ’
1040 3622 1203 3701 (scil.
1254 3622 1630 3700 ὀψοφάγου,
1681 3642 1958 3706 quocum
2005 3622 2333 3703 coenabat)
2383 3622 2615 3700 ἐμβλέ-

230 3742 459 3815 ψαντος
514 3730 716 3809 αὐτῷ,
766 3730 851 3792 ’τί
888 3723 1008 3807 οὖν,
1058 3728 1219 3807 ἔφη,
1267 3728 1405 3797 τοὺς
1458 3724 1765 3807 συζῶντας
1819 3752 1906 3791 σοι
1959 3726 2062 3791 οἴει
2105 3731 2401 3808 πάσχειν,
2445 3731 2495 3793 εἰ
2536 3730 2611 3793 σὺ

232 3844 377 3922 μίαν
419 3836 655 3913 »ἱμέραν
694 3835 781 3910 μὴ
823 3836 1141 3909 δεδύνησαι
1184 3836 1451 3911 ἐνεγκεῖν
1493 3833 1922 3913 δψοφαγίαν’;
1967 3832 2134 3898 Zeno
2174 3834 2409 3899 dixisse
2447 3836 2615 3900 mihi

232 3948 519 4017 videtur:
566 3942 633 4005 τί
678 3937 774 4005 οὖν
820 3942 959 4011 τοὺς
1009 3938 1315 4021 συζῶν-τοίς
1364 3964 1453 4004 σοι
1502 3938 1608 4003 οἴει
1662 3940 1858 4016 (ἀεὶ)
1904 3940 2204 4020 πάσχειν,
2249 3941 2299 4005 εἰ
2341 3942 2417 4006 σὺ
2458 3943 2613 4017 μίαν

236 4055 459 4135 ἧμέραν
525 4050 617 4124 μὴ
679 4045 995 4120 δεδύνησαι
1064 4048 1335 4123 ἐνεγκεῖν
1388 4045 1792 4124 δψοφαγίαν;
1843 4043 2049 4124 Quam
2096 4044 2280 4109 facile
2330 4046 2427 4111 οἰεί
2474 4054 2619 4133 post

234 4164 331 4231 οἰει
376 4156 541 4224 elabi
592 4156 915 4239 potuerit,
967 4153 1135 4218 cadit
1182 4156 1249 4216 in
1298 4150 1535 4217 oculos.

316 4292 377 4357 p.
426 4260 585 4339 346,
612 4280 667 4324 θ.
720 4264 841 4340 (vs.
890 4257 1006 4339 20)
1054 4259 1248 4324 verba
1294 4260 1345 4321 οἰ
1394 4265 1503 4333 τῆς
1555 4257 1687 4321 θεοῦ
1734 4257 1906 4336 ἱερεῖς
1955 4260 2118 4321 mire
2165 4258 2509 4324 abundant.

318 4400 377 4463 p.
426 4366 585 4447 351,
614 4366 677 4431 b.
750 4366 939 4439 Ζήθου
1002 4365 1065 4429 δὲ
1129 4370 1233 4430 τοῦ
1299 4365 1645 4444 κιθαριστοῦ
1708 4362 2019 4441 διεξιόντος
2087 4363 2221 4444 περὶ
2286 4374 2616 4444 μουσικῆς,

2264 4484 2327 4531 14
