3192 5009
1232 281 1242 294 '
1290 311 1512 359 Puro.
2471 289 2600 356 329

280 499 545 564 nusquam
599 477 753 574 alibi
816 477 987 562 apud
1047 476 1351 543 idoneum
1412 481 1739 542 auctorem
1783 475 1998 563 legere
2043 498 2148 541 me
2194 477 2481 542 memini.
2545 474 2600 540 E

280 583 605 672 pervulgato
650 605 777 649 usu
821 577 1123 669 loquendi
1173 567 1465 669 expectes
1514 585 1944 663 ὑποσχεῖν.

349 691 410 755 Ρ.
452 689 572 755 413
594 689 671 755 D.
728 692 988 768 Οὐκοῦν,
1038 685 1106 764 ἦν
1146 690 1196 754 δ’
1239 691 1396 768 ἐγώ,
1439 690 1544 754 καὶ
1587 689 1791 770 τρίτου
1831 688 2022 761 εἴδους
2049 686 2281 760 τούτοις
2310 687 2602 766 γοητείας

281 795 517 872 ἅμιλλαν
558 796 831 870 ποιητέον
878 797 981 860 καὶ
1006 843 1023 873 ,
1071 793 1270 876 ὥσπερ
1316 797 1455 868 τοὺς
1506 799 1741 868 πώλους
1785 795 1886 860 ἐπὶ
1926 797 2065 867 τοὺς
2105 793 2348 876 ψόφους
2391 819 2460 859 τε
2499 793 2604 858 καὶ

279 883 513 980 θορύβους
574 899 837 980 ἄγοντες
903 907 1228 967 σκοποῦσιν
1280 903 1329 966 εἲ
1379 901 1669 983 φοβεροί,
1721 898 1872 966 οὕτω
1920 900 2081 973 νέους
2131 899 2312 972 ὄντας
2363 900 2446 972 εἶς
2495 899 2610 965 δεί-

276 1014 403 1083 ματ’
441 1007 600 1072 ἄττα
652 1006 972 1086 κομιστέον
1020 1007 1125 1072 καὶ
1166 1009 1251 1078 εἷς
1295 1008 1505 1081 ἡδονὰς
1546 1002 1631 1072 αὖ
1668 1007 2124 1086 μεταβλητέον,
2149 1005 2604 1087 βασανίζοντας

276 1115 403 1178 πολὺ
457 1118 694 1192 μᾶλλον
742 1114 777 1188 ἣ
826 1112 1053 1194 χρυσὸν
1104 1114 1165 1178 ἐν
1212 1113 1389 1192 πυρί,
1442 1116 1492 1178 εἰ
1545 1114 1988 1192 δυσγοήτευτος
2037 1113 2140 1178 καὶ
2194 1113 2504 1192 ἀσχήμων
2549 1112 2609 1176 ἐν

275 1223 400 1282 τοῖσι
455 1221 765 1299 φαίνεται.
832 1218 923 1284 Ut
966 1219 1144 1284 locus
1192 1223 1285 1284 sic
1332 1222 1608 1305 scriptus
1655 1219 2007 1285 meridiana
2053 1219 2197 1284 luce
2242 1218 2469 1284 clarior
2515 1224 2612 1283 est

272 1329 323 1388 et
360 1333 486 1411 apte
530 1325 809 1391 decurrit
823 1374 841 1402 ,
891 1328 983 1390 ita
1028 1331 1245 1390 actum
1292 1332 1387 1390 est
1435 1325 1512 1389 de
1561 1327 1699 1391 eius
1747 1326 2270 1410 interpretatione
2287 1373 2304 1402 ,
2357 1327 2411 1389 si
2457 1345 2608 1388 cum

272 1431 573 1497 editoribus
612 1453 646 1496 e
685 1430 868 1496 libris
910 1431 1211 1496 scribitur
1250 1431 1356 1496 καὶ
1403 1431 1770 1509 θεατέον,
1811 1427 2009 1510 ὥσπερ
2048 1431 2188 1502 τοὺς
2217 1429 2452 1500 πώλους
2479 1429 2607 1493 κτὲ.

343 1537 406 1601 P.
450 1536 572 1603 415
596 1537 673 1602 Ε.
722 1536 1394 1616 στρατοπεδευσάμενοι
1442 1537 1542 1615 δέ,
1590 1537 1884 1608 θύσαντες
1933 1532 2017 1608 οἷς
2064 1538 2186 1618 χρὴ
2230 1536 2406 1609 εύνοὶς
2446 1559 2613 1610 ποιη-

272 1643 472 1708 σάσθων
536 1645 611 1722 (οἱ
673 1644 962 1724 φύλακες
1028 1649 1143 1723 sc.)
1208 1643 1241 1718 ἣ
1307 1649 1469 1722 πῶςς
1524 1640 1742 1720 Οὕτω,
1792 1640 1935 1723 ἔφη.
1990 1642 2228 1708 Οὔκουν
2275 1643 2608 1715 τοιαύτας,

271 1747 374 1820 οἵας
414 1750 702 1828 χειμῶνός
754 1774 827 1814 τε
873 1749 1124 1826 στέγειν
1173 1749 1275 1814 καὶ
1323 1750 1517 1829 θέρους
1568 1748 1791 1822 ἱκανὰς
1839 1744 2028 1832 εἷναι;
2081 1755 2214 1820 Πῶς
2262 1750 2389 1828 γὰρ
2430 1748 2576 1825 οὐχί
2591 1765 2609 1823 ;

268 1855 488 1929 οἰκήσεις
535 1854 699 1934 γάρ,
750 1853 911 1936 ἔφη,
963 1855 1154 1927 δοκεῖς
1204 1879 1307 1931 μοι
1356 1855 1587 1934 λέγειν.
1642 1856 1775 1920 Ναί
1825 1852 1893 1930 ἦν
1943 1855 1999 1919 δ’
2049 1851 2208 1932 ἐγώ,
2257 1876 2613 1934 στρατιωτι-

270 1962 361 2033 κάς
424 1985 527 2039 γε,
598 1963 748 2027 αλλ’
822 1964 888 2026 ού
952 1961 1482 2044 χρηματιστικάς.
1550 1967 1727 2040 Πῶς,
1793 1959 1949 2042 ἔφη,
2013 1954 2096 2024 αὖ
2158 1965 2336 2024 τοῦτο
2399 1958 2609 2036 λέγεις

270 2067 563 2149 [διαφέρειν
614 2067 902 2150 έκείνου]’;
953 2069 1119 2144 Ἐγώ
1167 2092 1291 2146 σοι,
1344 2061 1409 2140 ἦν
1460 2069 1513 2131 δ’
1563 2067 1721 2144 ἐγώ,
1764 2066 2136 2146 πειράσομαι
2179 2065 2408 2143 λέγειν.
2457 2063 2614 2128 Nul-

269 2171 350 2236 lus
402 2173 613 2238 dubito
677 2175 829 2258 quin
894 2172 1055 2237 oh‘m
1117 2172 1257 2237 Mn.
1308 2170 1405 2236 XI
1449 2194 1511 2257 p.
1550 2171 1697 2236 343
1746 2172 1942 2237 verba
1993 2170 2238 2237 seclusa
2286 2175 2456 2235 recte
2504 2172 2613 2232 tri-

269 2278 479 2342 buerim
540 2277 999 2364 interpolatori.
1062 2278 1341 2344 Socratis
1403 2277 1823 2343 inter-locutor
1884 2282 2080 2363 negat
2128 2284 2254 2348 πῶς
2304 2273 2384 2342 αὖ
2431 2280 2612 2340 τοῦτο

269 2381 473 2462 λέγειςς
522 2407 631 2468 quo
675 2407 853 2447 semu
898 2385 1005 2448 hoc
1053 2383 1243 2462 obicis,
1292 2389 1367 2448 ut
1414 2383 1603 2448 modo
1652 2383 1898 2449 dixerat
1944 2385 2200 2458 οἰκήσεις
2249 2382 2378 2461 γὰρ
2419 2382 2609 2451 δοκεῖς

268 2510 347 2564 μοι
410 2489 628 2568 λέγειν.
704 2489 775 2554 Si
842 2489 995 2575 quid
1056 2496 1219 2553 esset
1278 2493 1347 2553 in
1412 2490 1624 2555 verbis
1687 2510 1724 2553 a
1784 2511 1890 2555 me
1941 2489 2259 2554 damnatis
2307 2488 2607 2573 genuini,

268 2592 418 2660 Plato
478 2595 709 2660 saltem
772 2597 1127 2680 scripsisset
1174 2601 1299 2666 πῶς
1347 2595 1668 2665 ταύτας
1718 2593 1927 2672 λέγεις
1979 2592 2288 2674 διαφέρειν
2339 2593 2572 2657 ἐκείνων
2588 2613 2605 2670 ;

268 2700 353 2764 sed
403 2723 474 2766 ne
535 2702 653 2766 hoc
718 2701 977 2786 quidem
1045 2701 1434 2765 satisfaceret
1495 2703 1786 2785 sequenti
1848 2699 2124 2764 Socratis
2187 2701 2572 2784 expositioni
2591 2747 2606 2775 ,

268 2825 397 2888 quae
448 2829 565 2872 non
629 2806 848 2885 docet,
900 2807 1068 2892 quod
1114 2828 1300 2871 nemo
1349 2828 1473 2871 non
1516 2805 1690 2870 ultro
1737 2805 2100 2892 intellegit,
2153 2804 2306 2889 quid
2353 2807 2610 2869 intersit

266 2913 401 2976 inter
442 2913 697 2986 οἷκῆσεις
741 2912 1190 2992 στρατιωτικὰς
1231 2918 1296 2976 et
1333 2911 1878 2990 χρηματιστικάς,
1923 2911 2032 2976 sed
2071 2932 2185 2975 cur
2220 2913 2314 2976 ita
2354 2910 2607 2975 dixerit.

266 3015 413 3095 Quod
477 3018 633 3083 olim
698 3018 893 3084 verbo
956 3020 1214 3095 monui,
1280 3039 1447 3081 nunc
1508 3039 1587 3082 ne
1639 3020 1780 3101 quis
1826 3016 2182 3094 dubitaret,
2235 3016 2610 3102 diligentius

266 3129 593 3204 persecutus
642 3144 809 3188 sum.

333 3227 397 3292 P.
443 3228 569 3295 416
594 3232 671 3294 A.
737 3229 1078 3294 δεινότατον
1142 3227 1269 3308 γάρ
1326 3253 1439 3294 που
1508 3227 1755 3293 πάντων
1821 3230 1924 3293 καὶ
1981 3227 2310 3309 αἴσχιστον
2360 3225 2607 3302 ποιμέσι

264 3335 521 3407 τοιούτους
591 3360 669 3414 γε
743 3335 846 3398 καὶ
922 3332 1074 3399 οὕτω
1140 3334 1386 3416 τρέφειν
1450 3335 1639 3404 κύνας
1699 3335 2044 3412 ἐπικούρους
2096 3335 2407 3417 ποιμνίων,
2453 3330 2610 3397 ὥστε

268 3437 355 3500 ὑπὸ
412 3440 749 3513 ἀκολασίας
821 3441 853 3513 ἢ
918 3443 1105 3517 λιμοῦ
1172 3440 1205 3514 ἥ
1270 3463 1425 3510 τινος
1489 3437 1686 3504 ἄλλου
1748 3445 1938 3504 κακοῦ
1986 3439 2146 3510 ἔθους
2197 3440 2419 3509 αὐτοὺς
2468 3439 2608 3509 τοὺς

267 3543 415 3616 κύνας
484 3547 875 3626 ἐπιχειρῆσαι
950 3553 1073 3616 τοῖς
1147 3544 1483 3624 προβάτοις
1556 3549 1974 3628 [κακουργεῖν]
2049 3544 2153 3608 καὶ
2222 3545 2356 3607 ἀντὶ
2427 3549 2612 3607 κυνῶν

267 3647 429 3722 λύκοις
472 3651 844 3726 ὁμοιωθῆναι.
894 3649 964 3716 Si
1006 3659 1365 3731 κακουργεῖν
1409 3654 1703 3736 spurium
1743 3671 1878 3715 esse
1919 3651 2400 3727 contenderem,
2444 3649 2612 3734 quod

268 3755 311 3816 si
360 3756 511 3821 absit
567 3758 730 3823 nihil
792 3757 1221 3823 desideremus
1244 3808 1260 3836 ,
1312 3766 1411 3823 sat
1456 3761 1583 3823 scio
1630 3779 1862 3843 paucos
1908 3763 2162 3822 tantum
2210 3757 2401 3821 fidem
2445 3757 2612 3820 mihi

267 3857 584 3943 habituros;
651 3868 751 3928 sin
810 3884 959 3928 vero
1024 3873 1385 3943 κακουργεῖν
1450 3865 1555 3928 hic
1605 3869 1820 3928 contra
1870 3869 2266 3928 constantem
2315 3869 2610 3926 veterum

268 3970 746 4035 consuetudinem
789 3969 1082 4034 dativum
1121 3991 1235 4055 pro
1278 3973 1641 4035 accusativo
1685 3990 1904 4056 regere
1945 3969 2340 4034 affirmavero
2363 4017 2379 4046 ‚
2422 3989 2610 4032 nemo

268 4069 415 4138 facile
456 4079 677 4140 erroris
718 4097 823 4140 me
862 4079 1193 4140 convincet
1211 4095 1227 4152 ;
1272 4076 1654 4160 dabiturque
1693 4076 1860 4138 mihi
1899 4075 2168 4139 sciolum
2209 4077 2320 4159 qui
2360 4079 2610 4153 κακοῦρ-

271 4185 377 4249 mv
440 4182 847 4268 interpolavit
930 4180 1099 4246 male
1164 4183 1553 4263 ἐπιχειρῆσαι
1616 4183 2111 4265 interpretatum
2175 4201 2310 4245 esse
2367 4181 2607 4258 conari,

273 4299 393 4348 eum
432 4285 743 4354 debuisset
788 4289 1074 4351 invadere
1091 4338 1107 4367 ,
1158 4288 1411 4352 adoriri.

344 4387 405 4452 P.
451 4390 575 4458 419
600 4395 675 4458 A.
744 4393 885 4460 Lib.
934 4393 1024 4458 1v
1067 4396 1207 4459 init.
1278 4393 1393 4457 xx>
1445 4393 1471 4458 ι
1522 4392 1926 4472 Ἀδείμαντος
1976 4373 2308 4470 ὑπολαβὼν
2361 4390 2446 4454 T!
2489 4386 2608 4469 οὖν,
