<?xml version="1.0" encoding="UTF-8"?>
<!DOCTYPE html PUBLIC "-//W3C//DTD XHTML 1.0 Transitional//EN"
    "http://www.w3.org/TR/xhtml1/DTD/xhtml1-transitional.dtd">
<html xmlns="http://www.w3.org/1999/xhtml" xml:lang="en" lang="en">
 <head>
  <title>
</title>
<meta http-equiv="Content-Type" content="text/html;charset=utf-8" />
  <meta name='ocr-system' content='tesseract 3.04.00' />
  <meta name='ocr-capabilities' content='ocr_page ocr_carea ocr_par ocr_line ocrx_word'/>
</head>
<body>
  <div class='ocr_page' id='page_1' title='image "./mnemosyne07servgoog_0380.png"; bbox 0 0 3192 5009; ppageno 0'>
   <div class='ocr_carea' id='block_1_1' title="bbox 595 231 2139 301">
    <p class='ocr_par' dir='ltr' id='par_1_1' title="bbox 595 231 2139 301">
     <span class='ocr_line' id='line_1_1' title="bbox 595 231 2139 301; baseline 0.001 -2"><span class='ocrx_word' id='word_1_1' title='bbox 595 231 727 300; x_wconf 80' lang='lat'><strong>372</strong></span> <span class='ocrx_word' id='word_1_2' title='bbox 1444 251 1736 301; x_wconf 60' lang='lat' dir='ltr'><strong>officum</strong></span> <span class='ocrx_word' id='word_1_3' title='bbox 1783 251 2139 300; x_wconf 68' lang='lat' dir='ltr'><strong>smrnnnu.</strong></span> 
     </span>
    </p>
   </div>
   <div class='ocr_carea' id='block_1_2' title="bbox 590 413 2966 4320">
    <p class='ocr_par' dir='ltr' id='par_1_2' title="bbox 590 413 2966 4320">
     <span class='ocr_line' id='line_1_2' title="bbox 689 413 2712 496; baseline 0 -15"><span class='ocrx_word' id='word_1_4' title='bbox 689 417 845 483; x_wconf 86' lang='lat' dir='ltr'><strong>XIV</strong></span> <span class='ocrx_word' id='word_1_5' title='bbox 892 415 1024 483; x_wconf 83' lang='lat'><strong>288</strong></span> <span class='ocrx_word' id='word_1_6' title='bbox 2144 413 2227 491; x_wconf 76' lang='grc' dir='ltr'><strong><em>οἷς</em></strong></span> <span class='ocrx_word' id='word_1_7' title='bbox 2275 419 2484 496; x_wconf 76' lang='grc' dir='ltr'><strong><em>μέγας</em></strong></span> <span class='ocrx_word' id='word_1_8' title='bbox 2539 417 2712 483; x_wconf 75' lang='grc' dir='ltr'><strong><em>ἔσται</em></strong></span> 
     </span>
     <span class='ocr_line' id='line_1_3' title="bbox 776 522 2900 606; baseline 0.001 -18"><span class='ocrx_word' id='word_1_9' title='bbox 776 523 974 596; x_wconf 75' lang='grc' dir='ltr'><strong><em>κεδνὸς</em></strong></span> <span class='ocrx_word' id='word_1_10' title='bbox 1004 522 1501 601; x_wconf 73' lang='grc' dir='ltr'><strong><em>ἄναξ-’βασιλεὺς</em></strong></span> <span class='ocrx_word' id='word_1_11' title='bbox 1543 524 1849 588; x_wconf 77' lang='grc' dir='ltr'><strong><em>παίδων</em></strong></span> <span class='ocrx_word' id='word_1_12' title='bbox 1891 525 2023 588; x_wconf 81' lang='grc' dir='ltr'><strong>καὶ</strong></span> <span class='ocrx_word' id='word_1_13' title='bbox 2067 527 2361 606; x_wconf 81' lang='grc' dir='ltr'><strong><em>Φῶτεσι</em></strong></span> <span class='ocrx_word' id='word_1_14' title='bbox 2408 527 2744 602; x_wconf 77' lang='grc' dir='ltr'><strong><em>πέμπων</em></strong></span> <span class='ocrx_word' id='word_1_15' title='bbox 2783 527 2900 590; x_wconf 85' lang='grc' dir='ltr'><strong>κτὲ.</strong></span> 
     </span>
     <span class='ocr_line' id='line_1_4' title="bbox 590 626 2960 717; baseline -0.002 -20"><span class='ocrx_word' id='word_1_16' title='bbox 590 631 1256 717; x_wconf 86' lang='lat' dir='ltr'><strong>Locusperobscurus.</strong></span> <span class='ocrx_word' id='word_1_17' title='bbox 1282 629 1575 695; x_wconf 85' lang='lat' dir='ltr'><strong>Fortasse</strong></span> <span class='ocrx_word' id='word_1_18' title='bbox 1616 629 1836 694; x_wconf 76' lang='grc' dir='ltr'><strong><em>παῖδ’</em></strong></span> <span class='ocrx_word' id='word_1_19' title='bbox 1882 626 1958 694; x_wconf 81' lang='grc' dir='ltr'><strong>ὃν</strong></span> <span class='ocrx_word' id='word_1_20' title='bbox 1999 629 2224 708; x_wconf 76' lang='grc' dir='ltr'><strong><em>μέγα</em></strong></span> <span class='ocrx_word' id='word_1_21' title='bbox 2263 637 2424 710; x_wconf 79' lang='grc' dir='ltr'><strong><em>Φῶς</em></strong></span> <span class='ocrx_word' id='word_1_22' title='bbox 2467 630 2960 708; x_wconf 75' lang='grc' dir='ltr'><strong><em>ἐπιπέμπων.</em></strong></span> 
     </span>
     <span class='ocr_line' id='line_1_5' title="bbox 638 735 2593 830; baseline 0 -29"><span class='ocrx_word' id='word_1_23' title='bbox 638 737 795 803; x_wconf 87' lang='lat' dir='ltr'><strong>XIV</strong></span> <span class='ocrx_word' id='word_1_24' title='bbox 833 736 964 803; x_wconf 87' lang='lat'><strong>303</strong></span> <span class='ocrx_word' id='word_1_25' title='bbox 1004 737 1129 815; x_wconf 79' lang='grc' dir='ltr'><strong><em>τρὶς</em></strong></span> <span class='ocrx_word' id='word_1_26' title='bbox 1178 737 1374 801; x_wconf 85' lang='grc' dir='ltr'><strong><em>τοίνυν</em></strong></span> <span class='ocrx_word' id='word_1_27' title='bbox 1424 735 1683 830; x_wconf 79' lang='grc' dir='ltr'><strong><em>ὕψιστος</em></strong></span> <span class='ocrx_word' id='word_1_28' title='bbox 1733 735 1879 814; x_wconf 76' lang='grc' dir='ltr'><strong><em>ἄγοι</em></strong></span> <span class='ocrx_word' id='word_1_29' title='bbox 1931 738 2140 814; x_wconf 90' lang='grc' dir='ltr'><strong><em>μοίρην</em></strong></span> <span class='ocrx_word' id='word_1_30' title='bbox 2190 735 2333 802; x_wconf 81' lang='grc' dir='ltr'><strong><em>τότε</em></strong></span> <span class='ocrx_word' id='word_1_31' title='bbox 2379 737 2593 814; x_wconf 74' lang='grc' dir='ltr'><strong><em>δεινήν,</em></strong></span> 
     </span>
     <span class='ocr_line' id='line_1_6' title="bbox 999 838 2800 924; baseline 0.001 -17"><span class='ocrx_word' id='word_1_32' title='bbox 999 838 1059 913; x_wconf 74' lang='grc' dir='ltr'><strong><em>ὅς</em></strong></span> <span class='ocrx_word' id='word_1_33' title='bbox 1110 845 1177 921; x_wconf 67' lang='grc' dir='ltr'><strong>γ’</strong></span> <span class='ocrx_word' id='word_1_34' title='bbox 1225 842 1302 907; x_wconf 71' lang='grc' dir='ltr'><strong>ἂν</strong></span> <span class='ocrx_word' id='word_1_35' title='bbox 1348 841 1800 908; x_wconf 76' lang='grc' dir='ltr'><strong><em>πενθαλέον</em></strong></span> <span class='ocrx_word' id='word_1_36' title='bbox 1850 842 2084 924; x_wconf 79' lang='grc' dir='ltr'><strong><em>μακρὸν</em></strong></span> <span class='ocrx_word' id='word_1_37' title='bbox 2131 843 2266 923; x_wconf 75' lang='grc' dir='ltr'><strong><em>δόρυ</em></strong></span> <span class='ocrx_word' id='word_1_38' title='bbox 2315 847 2472 908; x_wconf 75' lang='grc' dir='ltr'><strong><em>πᾶσι</em></strong></span> <span class='ocrx_word' id='word_1_39' title='bbox 2523 843 2800 924; x_wconf 61' lang='lat' dir='ltr'><strong>nudem.</strong></span> 
     </span>
     <span class='ocr_line' id='line_1_7' title="bbox 595 948 2610 1036; baseline -0.001 -19"><span class='ocrx_word' id='word_1_40' title='bbox 595 949 763 1018; x_wconf 87' lang='lat' dir='ltr'><strong>Cum</strong></span> <span class='ocrx_word' id='word_1_41' title='bbox 810 955 1025 1035; x_wconf 88' lang='lat' dir='ltr'><strong>aperte</strong></span> <span class='ocrx_word' id='word_1_42' title='bbox 1072 948 1321 1014; x_wconf 88' lang='lat' dir='ltr'><strong>fulmen</strong></span> <span class='ocrx_word' id='word_1_43' title='bbox 1368 949 1786 1036; x_wconf 81' lang='lat' dir='ltr'><strong>significetur,</strong></span> <span class='ocrx_word' id='word_1_44' title='bbox 1837 949 2287 1036; x_wconf 83' lang='lat' dir='ltr'><strong>corrigendum</strong></span> <span class='ocrx_word' id='word_1_45' title='bbox 2334 951 2610 1017; x_wconf 81' lang='lat' dir='ltr'><strong>arbitror</strong></span> 
     </span>
     <span class='ocr_line' id='line_1_8' title="bbox 1000 1051 2785 1138; baseline 0.001 -19"><span class='ocrx_word' id='word_1_46' title='bbox 1000 1051 1061 1128; x_wconf 73' lang='grc' dir='ltr'><strong><em>ὅς</em></strong></span> <span class='ocrx_word' id='word_1_47' title='bbox 1110 1061 1177 1133; x_wconf 76' lang='grc' dir='ltr'><strong>γ’</strong></span> <span class='ocrx_word' id='word_1_48' title='bbox 1227 1054 1304 1119; x_wconf 72' lang='grc' dir='ltr'><strong>ἂν</strong></span> <span class='ocrx_word' id='word_1_49' title='bbox 1351 1056 1792 1121; x_wconf 75' lang='grc' dir='ltr'><strong><em>τινθαλέον</em></strong></span> <span class='ocrx_word' id='word_1_50' title='bbox 1839 1057 2073 1135; x_wconf 85' lang='grc' dir='ltr'><strong><em>μακρὸν</em></strong></span> <span class='ocrx_word' id='word_1_51' title='bbox 2122 1056 2258 1136; x_wconf 76' lang='grc' dir='ltr'><strong><em>δόρυ</em></strong></span> <span class='ocrx_word' id='word_1_52' title='bbox 2304 1061 2461 1121; x_wconf 71' lang='grc' dir='ltr'><strong><em>πᾶσι</em></strong></span> <span class='ocrx_word' id='word_1_53' title='bbox 2511 1057 2785 1138; x_wconf 67' lang='grc' dir='ltr'><strong><em>τινάσσῃ.</em></strong></span> 
     </span>
     <span class='ocr_line' id='line_1_9' title="bbox 596 1161 2960 1249; baseline -0.001 -21"><span class='ocrx_word' id='word_1_54' title='bbox 596 1162 1036 1234; x_wconf 76' lang='grc' dir='ltr'><strong><em>Διατινθαλέος</em></strong></span> <span class='ocrx_word' id='word_1_55' title='bbox 1110 1161 1389 1242; x_wconf 76' lang='grc' dir='ltr'><strong><em>κεραυνός</em></strong></span> <span class='ocrx_word' id='word_1_56' title='bbox 1456 1168 1553 1227; x_wconf 88' lang='lat' dir='ltr'><strong>est</strong></span> <span class='ocrx_word' id='word_1_57' title='bbox 1617 1161 1785 1248; x_wconf 87' lang='lat' dir='ltr'><strong>apud</strong></span> <span class='ocrx_word' id='word_1_58' title='bbox 1847 1163 2340 1248; x_wconf 84' lang='lat' dir='ltr'><strong>Aristophanem</strong></span> <span class='ocrx_word' id='word_1_59' title='bbox 2407 1162 2598 1249; x_wconf 85' lang='lat' dir='ltr'><strong>Vesp.</strong></span> <span class='ocrx_word' id='word_1_60' title='bbox 2662 1161 2808 1240; x_wconf 84' lang='lat'><strong>329,</strong></span> <span class='ocrx_word' id='word_1_61' title='bbox 2869 1161 2960 1226; x_wconf 87' lang='lat' dir='ltr'><strong>sed</strong></span> 
     </span>
     <span class='ocr_line' id='line_1_10' title="bbox 592 1267 2962 1355; baseline -0.002 -19"><span class='ocrx_word' id='word_1_62' title='bbox 592 1268 868 1355; x_wconf 79' lang='lat' dir='ltr'>simplex</span> <span class='ocrx_word' id='word_1_63' title='bbox 945 1267 1255 1339; x_wconf 77' lang='grc' dir='ltr'><strong><em>τινθαλέος</em></strong></span> <span class='ocrx_word' id='word_1_64' title='bbox 1319 1271 1593 1332; x_wconf 90' lang='lat' dir='ltr'><strong>occurrit</strong></span> <span class='ocrx_word' id='word_1_65' title='bbox 1645 1267 1827 1353; x_wconf 78' lang='lat' dir='ltr'><strong>apud</strong></span> <span class='ocrx_word' id='word_1_66' title='bbox 1887 1267 2384 1346; x_wconf 83' lang='lat' dir='ltr'><strong>Alexandrinos,</strong></span> <span class='ocrx_word' id='word_1_67' title='bbox 2451 1276 2529 1333; x_wconf 88' lang='lat' dir='ltr'><strong>ut</strong></span> <span class='ocrx_word' id='word_1_68' title='bbox 2593 1269 2962 1335; x_wconf 79' lang='lat' dir='ltr'><strong>Nicandrum</strong></span> 
     </span>
     <span class='ocr_line' id='line_1_11' title="bbox 591 1373 1897 1441; baseline -0.002 0"><span class='ocrx_word' id='word_1_69' title='bbox 591 1376 696 1441; x_wconf 90' lang='lat' dir='ltr'><strong>Al.</strong></span> <span class='ocrx_word' id='word_1_70' title='bbox 749 1373 881 1439; x_wconf 88' lang='lat'><strong>445</strong></span> <span class='ocrx_word' id='word_1_71' title='bbox 930 1380 994 1440; x_wconf 93' lang='lat' dir='ltr'><strong>et</strong></span> <span class='ocrx_word' id='word_1_72' title='bbox 1043 1374 1346 1439; x_wconf 90' lang='lat' dir='ltr'><strong>Nonnum</strong></span> <span class='ocrx_word' id='word_1_73' title='bbox 1392 1373 1577 1440; x_wconf 92' lang='lat' dir='ltr'><strong>Dion.</strong></span> <span class='ocrx_word' id='word_1_74' title='bbox 1629 1373 1692 1438; x_wconf 94' lang='lat' dir='ltr'><strong>II</strong></span> <span class='ocrx_word' id='word_1_75' title='bbox 1746 1373 1897 1439; x_wconf 86' lang='lat'>499.</span> 
     </span>
     <span class='ocr_line' id='line_1_12' title="bbox 636 1477 2665 1561; baseline 0 -16"><span class='ocrx_word' id='word_1_76' title='bbox 636 1481 791 1545; x_wconf 88' lang='lat' dir='ltr'><strong>XIV</strong></span> <span class='ocrx_word' id='word_1_77' title='bbox 828 1477 960 1546; x_wconf 84' lang='lat'><strong>337</strong></span> <span class='ocrx_word' id='word_1_78' title='bbox 1001 1483 1105 1545; x_wconf 77' lang='grc' dir='ltr'><strong>καὶ</strong></span> <span class='ocrx_word' id='word_1_79' title='bbox 1155 1480 1299 1546; x_wconf 78' lang='grc' dir='ltr'><strong><em>τότε</em></strong></span> <span class='ocrx_word' id='word_1_80' title='bbox 1348 1480 1418 1555; x_wconf 69' lang='lat'><strong>331</strong></span> <span class='ocrx_word' id='word_1_81' title='bbox 1465 1478 1667 1560; x_wconf 80' lang='grc' dir='ltr'><strong><em>χώρης</em></strong></span> <span class='ocrx_word' id='word_1_82' title='bbox 1719 1488 1958 1553; x_wconf 80' lang='grc' dir='ltr'><strong><em>πολλῆς</em></strong></span> <span class='ocrx_word' id='word_1_83' title='bbox 2008 1480 2404 1559; x_wconf 76' lang='grc' dir='ltr'><strong><em>ὁμοτέρμονες</em></strong></span> <span class='ocrx_word' id='word_1_84' title='bbox 2455 1480 2665 1561; x_wconf 75' lang='grc' dir='ltr'><strong><em>ἄνδρες</em></strong></span> 
     </span>
     <span class='ocr_line' id='line_1_13' title="bbox 997 1582 2551 1664; baseline 0.002 -16"><span class='ocrx_word' id='word_1_85' title='bbox 997 1584 1334 1664; x_wconf 81' lang='grc' dir='ltr'><strong><em>Φεύξονται</em></strong></span> <span class='ocrx_word' id='word_1_86' title='bbox 1383 1585 1604 1662; x_wconf 80' lang='grc' dir='ltr'><strong><em>δειλοί,</em></strong></span> <span class='ocrx_word' id='word_1_87' title='bbox 1655 1586 1888 1655; x_wconf 76' lang='grc' dir='ltr'><strong><em>δειλοὺς</em></strong></span> <span class='ocrx_word' id='word_1_88' title='bbox 1936 1586 1989 1649; x_wconf 78' lang='grc' dir='ltr'><strong>δ’</strong></span> <span class='ocrx_word' id='word_1_89' title='bbox 2037 1582 2249 1660; x_wconf 76' lang='grc' dir='ltr'><strong><em>ἄξουσι</em></strong></span> <span class='ocrx_word' id='word_1_90' title='bbox 2299 1595 2551 1661; x_wconf 72' lang='grc' dir='ltr'><strong><em>τοκῆας.</em></strong></span> 
     </span>
     <span class='ocr_line' id='line_1_14' title="bbox 1004 1689 2902 1772; baseline 0.001 -17"><span class='ocrx_word' id='word_1_91' title='bbox 1004 1691 1109 1755; x_wconf 77' lang='grc' dir='ltr'><strong>καὶ</strong></span> <span class='ocrx_word' id='word_1_92' title='bbox 1139 1690 1333 1755; x_wconf 69' lang='grc' dir='ltr'><strong><em>πάλιν</em></strong></span> <span class='ocrx_word' id='word_1_93' title='bbox 1360 1691 1720 1769; x_wconf 68' lang='grc' dir='ltr'><strong><em>ἑγκύρσουσι</em></strong></span> <span class='ocrx_word' id='word_1_94' title='bbox 1747 1689 1909 1771; x_wconf 75' lang='grc' dir='ltr'><strong><em>πέδῳ</em></strong></span> <span class='ocrx_word' id='word_1_95' title='bbox 1934 1690 2298 1768; x_wconf 75' lang='grc' dir='ltr'><strong><em>μέγα·νῒκος</em></strong></span> <span class='ocrx_word' id='word_1_96' title='bbox 2325 1697 2544 1772; x_wconf 83' lang='grc' dir='ltr'><strong><em>(νεῖκος</em></strong></span> <span class='ocrx_word' id='word_1_97' title='bbox 2566 1690 2620 1772; x_wconf 74' lang='lat' dir='ltr'><strong>Y)</strong></span> <span class='ocrx_word' id='word_1_98' title='bbox 2646 1691 2902 1772; x_wconf 78' lang='grc' dir='ltr'><strong><em>ἔχοντες,</em></strong></span> 
     </span>
     <span class='ocr_line' id='line_1_15' title="bbox 1006 1795 2764 1877; baseline 0.001 -17"><span class='ocrx_word' id='word_1_99' title='bbox 1006 1797 1329 1866; x_wconf 75' lang='grc' dir='ltr'><strong><em>Ἰουδαίους</em></strong></span> <span class='ocrx_word' id='word_1_100' title='bbox 1380 1796 1434 1861; x_wconf 76' lang='grc' dir='ltr'><strong>δ’</strong></span> <span class='ocrx_word' id='word_1_101' title='bbox 1476 1796 1788 1873; x_wconf 83' lang='grc' dir='ltr'><strong><em>δλέσουσι,</em></strong></span> <span class='ocrx_word' id='word_1_102' title='bbox 1842 1795 2339 1874; x_wconf 82' lang='grc' dir='ltr'><strong><em>μενεπτολέμους</em></strong></span> <span class='ocrx_word' id='word_1_103' title='bbox 2391 1799 2728 1877; x_wconf 70' lang='grc' dir='ltr'><strong><em>ἀνθρώπους</em></strong></span> <span class='ocrx_word' id='word_1_104' title='bbox 2749 1847 2764 1876; x_wconf 88' lang='grc'><em>,</em></span> 
     </span>
     <span class='ocr_line' id='line_1_16' title="bbox 916 1900 2514 1984; baseline 0.001 -18"><span class='ocrx_word' id='word_1_105' title='bbox 916 1961 923 1966; x_wconf 94' lang='grc'><strong><em>.</em></strong></span> <span class='ocrx_word' id='word_1_106' title='bbox 1000 1901 1187 1983; x_wconf 71' lang='grc' dir='ltr'><strong><em>ἄχρις</em></strong></span> <span class='ocrx_word' id='word_1_107' title='bbox 1237 1903 1388 1972; x_wconf 70' lang='grc' dir='ltr'><strong><em>ἁλὸς</em></strong></span> <span class='ocrx_word' id='word_1_108' title='bbox 1442 1909 1656 1973; x_wconf 76' lang='grc' dir='ltr'><strong><em>πολιῆς</em></strong></span> <span class='ocrx_word' id='word_1_109' title='bbox 1704 1900 2088 1984; x_wconf 75' lang='grc' dir='ltr'><strong><em>κεραΐζοντες</em></strong></span> <span class='ocrx_word' id='word_1_110' title='bbox 2138 1903 2514 1982; x_wconf 69' lang='grc' dir='ltr'><strong><em>πολέμοισιν,</em></strong></span> 
     </span>
     <span class='ocr_line' id='line_1_17' title="bbox 732 2008 2864 2090; baseline -0.001 -16"><span class='ocrx_word' id='word_1_111' title='bbox 732 2009 861 2075; x_wconf 83' lang='grc'><strong>342</strong></span> <span class='ocrx_word' id='word_1_112' title='bbox 1002 2009 1387 2086; x_wconf 73' lang='grc' dir='ltr'><strong><em>ποιμένες</em></strong></span> <span class='ocrx_word' id='word_1_113' title='bbox 1439 2009 1901 2088; x_wconf 68' lang='grc' dir='ltr'><strong><em>ἀμφότεροι</em></strong></span> <span class='ocrx_word' id='word_1_114' title='bbox 1954 2008 2086 2088; x_wconf 76' lang='grc' dir='ltr'><strong><em>περὶ</em></strong></span> <span class='ocrx_word' id='word_1_115' title='bbox 2139 2009 2427 2090; x_wconf 76' lang='grc' dir='ltr'><strong><em>πατρίδος</em></strong></span> <span class='ocrx_word' id='word_1_116' title='bbox 2479 2010 2579 2085; x_wconf 75' lang='grc' dir='ltr'><strong>ἡδὲ</strong></span> <span class='ocrx_word' id='word_1_117' title='bbox 2627 2011 2864 2083; x_wconf 76' lang='grc' dir='ltr'><strong><em>τοκήων.</em></strong></span> 
     </span>
     <span class='ocr_line' id='line_1_18' title="bbox 1002 2113 2740 2197; baseline 0.001 -19"><span class='ocrx_word' id='word_1_118' title='bbox 1002 2116 1225 2189; x_wconf 76' lang='grc' dir='ltr'><strong><em>θησει</em></strong></span> <span class='ocrx_word' id='word_1_119' title='bbox 1274 2113 1340 2179; x_wconf 74' lang='grc' dir='ltr'><strong>δὲ</strong></span> <span class='ocrx_word' id='word_1_120' title='bbox 1384 2114 1729 2196; x_wconf 76' lang='grc' dir='ltr'><strong><em>Φθιμένοισι</em></strong></span> <span class='ocrx_word' id='word_1_121' title='bbox 1777 2115 2225 2197; x_wconf 80' lang='grc' dir='ltr'><strong><em>τροπαιοφόρων</em></strong></span> <span class='ocrx_word' id='word_1_122' title='bbox 2273 2116 2450 2193; x_wconf 75' lang='grc' dir='ltr'><strong><em>γένος</em></strong></span> <span class='ocrx_word' id='word_1_123' title='bbox 2501 2117 2740 2195; x_wconf 71' lang='grc' dir='ltr'><strong><em>ἀνδρῶν.</em></strong></span> 
     </span>
     <span class='ocr_line' id='line_1_19' title="bbox 1001 2221 2530 2302; baseline 0.001 -18"><span class='ocrx_word' id='word_1_124' title='bbox 1001 2222 1067 2286; x_wconf 72' lang='grc' dir='ltr'><strong>αἳ</strong></span> <span class='ocrx_word' id='word_1_125' title='bbox 1116 2221 1320 2286; x_wconf 77' lang='grc' dir='ltr'><strong><em>ὁπόσοι</em></strong></span> <span class='ocrx_word' id='word_1_126' title='bbox 1368 2226 1572 2302; x_wconf 79' lang='grc' dir='ltr'><strong><em>Φῶτες</em></strong></span> <span class='ocrx_word' id='word_1_127' title='bbox 1625 2223 1760 2302; x_wconf 79' lang='grc' dir='ltr'><strong><em>περὶ</em></strong></span> <span class='ocrx_word' id='word_1_128' title='bbox 1813 2223 2074 2298; x_wconf 80' lang='grc' dir='ltr'><strong><em>κύματα</em></strong></span> <span class='ocrx_word' id='word_1_129' title='bbox 2123 2223 2530 2302; x_wconf 74' lang='grc' dir='ltr'><strong><em>νηχήσονται·</em></strong></span> 
     </span>
     <span class='ocr_line' id='line_1_20' title="bbox 1003 2326 2876 2408; baseline 0.002 -17"><span class='ocrx_word' id='word_1_130' title='bbox 1003 2327 1297 2392; x_wconf 82' lang='grc' dir='ltr'><strong><em>πολλοὶ</em></strong></span> <span class='ocrx_word' id='word_1_131' title='bbox 1346 2327 1501 2407; x_wconf 68' lang='grc' dir='ltr'><strong>γὰρ</strong></span> <span class='ocrx_word' id='word_1_132' title='bbox 1552 2328 1974 2392; x_wconf 82' lang='grc' dir='ltr'><strong><em>κείσονται</em></strong></span> <span class='ocrx_word' id='word_1_133' title='bbox 2025 2326 2125 2392; x_wconf 76' lang='grc' dir='ltr'><strong><em>ἐπὶ</em></strong></span> <span class='ocrx_word' id='word_1_134' title='bbox 2175 2328 2602 2408; x_wconf 75' lang='grc' dir='ltr'><strong><em>ψαμαθώδεας</em></strong></span> <span class='ocrx_word' id='word_1_135' title='bbox 2649 2330 2876 2402; x_wconf 69' lang='grc' dir='ltr'><strong><em>ἀκτάς·</em></strong></span> 
     </span>
     <span class='ocr_line' id='line_1_21' title="bbox 1002 2431 2759 2511; baseline 0.001 -15"><span class='ocrx_word' id='word_1_136' title='bbox 1002 2432 1197 2510; x_wconf 64' lang='grc' dir='ltr'><strong><em>ξανθὰ.</em></strong></span> <span class='ocrx_word' id='word_1_137' title='bbox 1246 2431 1477 2510; x_wconf 73' lang='grc' dir='ltr'><strong><em>κάρηνα</em></strong></span> <span class='ocrx_word' id='word_1_138' title='bbox 1526 2433 1820 2498; x_wconf 76' lang='grc' dir='ltr'><strong><em>πέτονται</em></strong></span> <span class='ocrx_word' id='word_1_139' title='bbox 1871 2434 1973 2498; x_wconf 77' lang='grc' dir='ltr'><strong>ὑπ’</strong></span> <span class='ocrx_word' id='word_1_140' title='bbox 2026 2435 2388 2511; x_wconf 76' lang='grc' dir='ltr'><strong><em>Αἰγυπτίων</em></strong></span> <span class='ocrx_word' id='word_1_141' title='bbox 2439 2441 2759 2508; x_wconf 80' lang='grc' dir='ltr'><strong><em>πετεηνῶν.</em></strong></span> 
     </span>
     <span class='ocr_line' id='line_1_22' title="bbox 592 2539 2966 2624; baseline -0.002 -17"><span class='ocrx_word' id='word_1_142' title='bbox 592 2541 801 2607; x_wconf 89' lang='lat' dir='ltr'><strong>Locus</strong></span> <span class='ocrx_word' id='word_1_143' title='bbox 842 2540 1330 2604; x_wconf 83' lang='lat' dir='ltr'><strong>obscurissimus</strong></span> <span class='ocrx_word' id='word_1_144' title='bbox 1370 2545 1435 2604; x_wconf 89' lang='lat' dir='ltr'><strong>et</strong></span> <span class='ocrx_word' id='word_1_145' title='bbox 1466 2541 2004 2623; x_wconf 86' lang='lat' dir='ltr'><strong>corruptissimus,</strong></span> <span class='ocrx_word' id='word_1_146' title='bbox 2033 2561 2227 2624; x_wconf 89' lang='lat' dir='ltr'><strong>quem</strong></span> <span class='ocrx_word' id='word_1_147' title='bbox 2252 2543 2387 2605; x_wconf 90' lang='lat' dir='ltr'><strong>sine</strong></span> <span class='ocrx_word' id='word_1_148' title='bbox 2411 2539 2782 2606; x_wconf 86' lang='lat' dir='ltr'><strong>melioribus</strong></span> <span class='ocrx_word' id='word_1_149' title='bbox 2803 2539 2966 2606; x_wconf 83' lang='lat' dir='ltr'><strong>libris</strong></span> 
     </span>
     <span class='ocr_line' id='line_1_23' title="bbox 592 2643 2966 2729; baseline -0.001 -17"><span class='ocrx_word' id='word_1_150' title='bbox 592 2648 828 2712; x_wconf 86' lang='lat' dir='ltr'><strong>frustra</strong></span> <span class='ocrx_word' id='word_1_151' title='bbox 852 2651 1024 2712; x_wconf 83' lang='lat' dir='ltr'><strong>certa</strong></span> <span class='ocrx_word' id='word_1_152' title='bbox 1047 2648 1290 2710; x_wconf 88' lang='lat' dir='ltr'><strong>ratione</strong></span> <span class='ocrx_word' id='word_1_153' title='bbox 1314 2645 1678 2729; x_wconf 80' lang='lat' dir='ltr'><strong>temptabis.</strong></span> <span class='ocrx_word' id='word_1_154' title='bbox 1721 2643 1942 2710; x_wconf 88' lang='lat' dir='ltr'><strong>Nimia</strong></span> <span class='ocrx_word' id='word_1_155' title='bbox 1965 2652 2184 2711; x_wconf 85' lang='lat' dir='ltr'><strong>autem</strong></span> <span class='ocrx_word' id='word_1_156' title='bbox 2209 2648 2573 2712; x_wconf 85' lang='lat' dir='ltr'><strong>temeritate</strong></span> <span class='ocrx_word' id='word_1_157' title='bbox 2595 2669 2711 2712; x_wconf 90' lang='lat' dir='ltr'><strong>nec</strong></span> <span class='ocrx_word' id='word_1_158' title='bbox 2735 2645 2966 2712; x_wconf 77' lang='lat' dir='ltr'><strong>facilem</strong></span> 
     </span>
     <span class='ocr_line' id='line_1_24' title="bbox 592 2750 2966 2840; baseline -0.001 -21"><span class='ocrx_word' id='word_1_159' title='bbox 592 2775 705 2820; x_wconf 91' lang='lat' dir='ltr'><strong>nec</strong></span> <span class='ocrx_word' id='word_1_160' title='bbox 752 2774 864 2840; x_wconf 90' lang='lat' dir='ltr'><strong>per</strong></span> <span class='ocrx_word' id='word_1_161' title='bbox 909 2774 974 2818; x_wconf 90' lang='lat' dir='ltr'><strong>se</strong></span> <span class='ocrx_word' id='word_1_162' title='bbox 1019 2751 1207 2817; x_wconf 84' lang='lat' dir='ltr'><strong>valde</strong></span> <span class='ocrx_word' id='word_1_163' title='bbox 1256 2750 1656 2836; x_wconf 85' lang='lat' dir='ltr'><strong>probabilem</strong></span> <span class='ocrx_word' id='word_1_164' title='bbox 1701 2774 1886 2817; x_wconf 85' lang='lat' dir='ltr'><strong>suam</strong></span> <span class='ocrx_word' id='word_1_165' title='bbox 1935 2757 2365 2818; x_wconf 87' lang='lat' dir='ltr'><strong>coniecturam</strong></span> <span class='ocrx_word' id='word_1_166' title='bbox 2420 2754 2793 2834; x_wconf 73' lang='grc' dir='ltr'><strong><em>ἀμφότερον,</em></strong></span> <span class='ocrx_word' id='word_1_167' title='bbox 2849 2775 2966 2830; x_wconf 75' lang='grc' dir='ltr'><strong><em>τρο·</em></strong></span> 
     </span>
     <span class='ocr_line' id='line_1_25' title="bbox 591 2856 2960 2944; baseline -0.002 -19"><span class='ocrx_word' id='word_1_168' title='bbox 591 2859 843 2942; x_wconf 72' lang='grc' dir='ltr'><strong><em>μάχους</em></strong></span> <span class='ocrx_word' id='word_1_169' title='bbox 888 2862 956 2924; x_wconf 90' lang='lat' dir='ltr'><strong>in</strong></span> <span class='ocrx_word' id='word_1_170' title='bbox 1002 2863 1259 2924; x_wconf 84' lang='lat' dir='ltr'><strong>textum</strong></span> <span class='ocrx_word' id='word_1_171' title='bbox 1305 2861 1545 2942; x_wconf 88' lang='lat' dir='ltr'><strong>recepit</strong></span> <span class='ocrx_word' id='word_1_172' title='bbox 1591 2880 1707 2944; x_wconf 91' lang='lat' dir='ltr'><strong>pro</strong></span> <span class='ocrx_word' id='word_1_173' title='bbox 1756 2856 2072 2923; x_wconf 89' lang='lat' dir='ltr'><strong>librorum</strong></span> <span class='ocrx_word' id='word_1_174' title='bbox 2118 2879 2312 2943; x_wconf 91' lang='lat' dir='ltr'><strong>quam</strong></span> <span class='ocrx_word' id='word_1_175' title='bbox 2353 2863 2646 2926; x_wconf 82' lang='lat' dir='ltr'><strong>revocavi</strong></span> <span class='ocrx_word' id='word_1_176' title='bbox 2690 2861 2960 2926; x_wconf 86' lang='lat' dir='ltr'><strong>lectione.</strong></span> 
     </span>
     <span class='ocr_line' id='line_1_26' title="bbox 590 2964 2964 3050; baseline -0.001 -18"><span class='ocrx_word' id='word_1_177' title='bbox 590 2965 973 3033; x_wconf 70' lang='lat' dir='ltr'><strong>Ariolationi</strong></span> <span class='ocrx_word' id='word_1_178' title='bbox 1032 2967 1088 3030; x_wconf 87' lang='lat' dir='ltr'><strong>si</strong></span> <span class='ocrx_word' id='word_1_179' title='bbox 1130 2964 1344 3042; x_wconf 87' lang='lat' dir='ltr'><strong>locus,</strong></span> <span class='ocrx_word' id='word_1_180' title='bbox 1396 2966 1610 3050; x_wconf 85' lang='lat' dir='ltr'><strong>potius</strong></span> <span class='ocrx_word' id='word_1_181' title='bbox 1659 2967 2034 3030; x_wconf 89' lang='lat' dir='ltr'><strong>coniecerim</strong></span> <span class='ocrx_word' id='word_1_182' title='bbox 2084 2967 2364 3040; x_wconf 67' lang='grc' dir='ltr'><strong><em>ποινὴν</em></strong></span> <span class='ocrx_word' id='word_1_183' title='bbox 2414 2971 2488 3045; x_wconf 91' lang='lat' dir='ltr'><strong>(s.</strong></span> <span class='ocrx_word' id='word_1_184' title='bbox 2537 2969 2823 3046; x_wconf 72' lang='grc' dir='ltr'><strong><em>τιμὴν)</em></strong></span> <span class='ocrx_word' id='word_1_185' title='bbox 2870 2969 2964 3042; x_wconf 73' lang='grc' dir='ltr'><strong>ἁρ-</strong></span> 
     </span>
     <span class='ocr_line' id='line_1_27' title="bbox 590 3069 2964 3157; baseline -0.002 -21"><span class='ocrx_word' id='word_1_186' title='bbox 590 3072 912 3148; x_wconf 81' lang='grc' dir='ltr'><strong><em>νύμενοι</em></strong></span> <span class='ocrx_word' id='word_1_187' title='bbox 934 3119 950 3149; x_wconf 88' lang='grc'><em>,</em></span> <span class='ocrx_word' id='word_1_188' title='bbox 1015 3077 1092 3135; x_wconf 89' lang='lat' dir='ltr'><strong>ut</strong></span> <span class='ocrx_word' id='word_1_189' title='bbox 1155 3071 1447 3136; x_wconf 87' lang='lat' dir='ltr'><strong>dicantur</strong></span> <span class='ocrx_word' id='word_1_190' title='bbox 1508 3069 1925 3135; x_wconf 82' lang='lat' dir='ltr'><strong>Alexandrini</strong></span> <span class='ocrx_word' id='word_1_191' title='bbox 1987 3074 2274 3157; x_wconf 85' lang='lat' dir='ltr'><strong>primum</strong></span> <span class='ocrx_word' id='word_1_192' title='bbox 2335 3074 2491 3136; x_wconf 81' lang='lat' dir='ltr'><strong>victi</strong></span> <span class='ocrx_word' id='word_1_193' title='bbox 2539 3092 2576 3136; x_wconf 86' lang='lat' dir='ltr'><strong>a</strong></span> <span class='ocrx_word' id='word_1_194' title='bbox 2623 3070 2872 3138; x_wconf 85' lang='lat' dir='ltr'><strong>Iudaeis</strong></span> <span class='ocrx_word' id='word_1_195' title='bbox 2912 3077 2964 3135; x_wconf 86' lang='lat' dir='ltr'><strong>et</strong></span> 
     </span>
     <span class='ocr_line' id='line_1_28' title="bbox 592 3176 2964 3265; baseline -0.001 -21"><span class='ocrx_word' id='word_1_196' title='bbox 592 3199 743 3245; x_wconf 87' lang='lat' dir='ltr'><strong>cum</strong></span> <span class='ocrx_word' id='word_1_197' title='bbox 788 3177 1159 3265; x_wconf 89' lang='lat' dir='ltr'><strong>parentibus</strong></span> <span class='ocrx_word' id='word_1_198' title='bbox 1204 3179 1475 3262; x_wconf 89' lang='lat' dir='ltr'><strong>patriam</strong></span> <span class='ocrx_word' id='word_1_199' title='bbox 1530 3176 1752 3263; x_wconf 83' lang='lat' dir='ltr'><strong>fugere</strong></span> <span class='ocrx_word' id='word_1_200' title='bbox 1801 3178 2002 3241; x_wconf 86' lang='lat' dir='ltr'><strong>coacti</strong></span> <span class='ocrx_word' id='word_1_201' title='bbox 2024 3225 2064 3254; x_wconf 69' lang='lat'><strong>‚,</strong></span> <span class='ocrx_word' id='word_1_202' title='bbox 2089 3199 2256 3242; x_wconf 93' lang='lat' dir='ltr'><strong>nunc</strong></span> <span class='ocrx_word' id='word_1_203' title='bbox 2305 3177 2574 3242; x_wconf 86' lang='lat' dir='ltr'><strong>Iudaeos</strong></span> <span class='ocrx_word' id='word_1_204' title='bbox 2625 3181 2964 3252; x_wconf 80' lang='lat' dir='ltr'><strong>vincentes,</strong></span> 
     </span>
     <span class='ocr_line' id='line_1_29' title="bbox 594 3279 2966 3371; baseline -0.002 -22"><span class='ocrx_word' id='word_1_205' title='bbox 594 3287 872 3371; x_wconf 86' lang='lat' dir='ltr'><strong>patriam</strong></span> <span class='ocrx_word' id='word_1_206' title='bbox 927 3289 993 3347; x_wconf 90' lang='lat' dir='ltr'><strong>et</strong></span> <span class='ocrx_word' id='word_1_207' title='bbox 1054 3284 1375 3369; x_wconf 84' lang='lat' dir='ltr'><strong>genitores</strong></span> <span class='ocrx_word' id='word_1_208' title='bbox 1436 3281 1679 3346; x_wconf 88' lang='lat' dir='ltr'><strong>ulcisci.</strong></span> <span class='ocrx_word' id='word_1_209' title='bbox 1747 3279 1843 3347; x_wconf 85' lang='lat' dir='ltr'><strong>Of.</strong></span> <span class='ocrx_word' id='word_1_210' title='bbox 1911 3282 2254 3348; x_wconf 84' lang='lat' dir='ltr'><strong>Alexandri</strong></span> <span class='ocrx_word' id='word_1_211' title='bbox 2323 3286 2668 3348; x_wconf 74' lang='lat' dir='ltr'><strong>annotatio.</strong></span> <span class='ocrx_word' id='word_1_212' title='bbox 2747 3281 2966 3351; x_wconf 85' lang='lat' dir='ltr'><strong>Deinde</strong></span> 
     </span>
     <span class='ocr_line' id='line_1_30' title="bbox 591 3386 2963 3478; baseline -0.002 -23"><span class='ocrx_word' id='word_1_213' title='bbox 591 3412 706 3478; x_wconf 93' lang='lat' dir='ltr'><strong>pro</strong></span> <span class='ocrx_word' id='word_1_214' title='bbox 778 3389 1004 3464; x_wconf 75' lang='grc' dir='ltr'><strong><em>θήσει</em></strong></span> <span class='ocrx_word' id='word_1_215' title='bbox 1076 3393 1450 3473; x_wconf 83' lang='lat' dir='ltr'><strong>expectatur</strong></span> <span class='ocrx_word' id='word_1_216' title='bbox 1518 3386 1825 3451; x_wconf 78' lang='lat' dir='ltr'><strong>illudendi</strong></span> <span class='ocrx_word' id='word_1_217' title='bbox 1895 3389 2168 3454; x_wconf 81' lang='lat' dir='ltr'><strong>verbum</strong></span> <span class='ocrx_word' id='word_1_218' title='bbox 2187 3438 2202 3467; x_wconf 90' lang='lat'>‚</span> <span class='ocrx_word' id='word_1_219' title='bbox 2279 3388 2448 3475; x_wconf 91' lang='lat' dir='ltr'><strong>quod</strong></span> <span class='ocrx_word' id='word_1_220' title='bbox 2521 3411 2647 3454; x_wconf 91' lang='lat' dir='ltr'><strong>non</strong></span> <span class='ocrx_word' id='word_1_221' title='bbox 2724 3392 2963 3478; x_wconf 88' lang='lat' dir='ltr'><strong>reperio.</strong></span> 
     </span>
     <span class='ocr_line' id='line_1_31' title="bbox 590 3493 2964 3584; baseline -0.002 -23"><span class='ocrx_word' id='word_1_222' title='bbox 590 3493 876 3561; x_wconf 78' lang='lat' dir='ltr'><strong>Tandem</strong></span> <span class='ocrx_word' id='word_1_223' title='bbox 912 3499 1128 3580; x_wconf 83' lang='lat' dir='ltr'><strong>aperte</strong></span> <span class='ocrx_word' id='word_1_224' title='bbox 1166 3499 1463 3578; x_wconf 84' lang='lat' dir='ltr'><strong>corrupta</strong></span> <span class='ocrx_word' id='word_1_225' title='bbox 1494 3499 1656 3562; x_wconf 73' lang='lat' dir='ltr'><strong>,sunt</strong></span> <span class='ocrx_word' id='word_1_226' title='bbox 1695 3494 1890 3559; x_wconf 83' lang='lat' dir='ltr'><strong>verba</strong></span> <span class='ocrx_word' id='word_1_227' title='bbox 1935 3497 2152 3560; x_wconf 76' lang='grc' dir='ltr'><strong><em>πολλοὶ</em></strong></span> <span class='ocrx_word' id='word_1_228' title='bbox 2199 3496 2324 3574; x_wconf 73' lang='grc' dir='ltr'><strong>γὰρ</strong></span> <span class='ocrx_word' id='word_1_229' title='bbox 2365 3498 2672 3560; x_wconf 81' lang='grc' dir='ltr'><strong><em>κείσονται</em></strong></span> <span class='ocrx_word' id='word_1_230' title='bbox 2699 3547 2715 3575; x_wconf 87' lang='grc'><strong><em>,</em></strong></span> <span class='ocrx_word' id='word_1_231' title='bbox 2759 3497 2964 3584; x_wconf 80' lang='lat' dir='ltr'><strong>quibus</strong></span> 
     </span>
     <span class='ocr_line' id='line_1_32' title="bbox 592 3599 2961 3677; baseline -0.003 -9"><span class='ocrx_word' id='word_1_232' title='bbox 592 3602 861 3668; x_wconf 83' lang='lat' dir='ltr'><strong>absurde</strong></span> <span class='ocrx_word' id='word_1_233' title='bbox 928 3600 1218 3666; x_wconf 77' lang='lat' dir='ltr'><strong>redditur</strong></span> <span class='ocrx_word' id='word_1_234' title='bbox 1288 3601 1451 3664; x_wconf 86' lang='lat' dir='ltr'><strong>ratio</strong></span> <span class='ocrx_word' id='word_1_235' title='bbox 1472 3648 1487 3677; x_wconf 90' lang='lat'>‚</span> <span class='ocrx_word' id='word_1_236' title='bbox 1554 3620 1668 3663; x_wconf 90' lang='lat' dir='ltr'><strong>cur</strong></span> <span class='ocrx_word' id='word_1_237' title='bbox 1731 3605 1826 3663; x_wconf 86' lang='lat' dir='ltr'><strong>tot</strong></span> <span class='ocrx_word' id='word_1_238' title='bbox 1889 3599 2182 3666; x_wconf 86' lang='lat' dir='ltr'><strong>homines</strong></span> <span class='ocrx_word' id='word_1_239' title='bbox 2243 3607 2464 3665; x_wconf 86' lang='lat' dir='ltr'><strong>natent</strong></span> <span class='ocrx_word' id='word_1_240' title='bbox 2525 3604 2593 3665; x_wconf 93' lang='lat' dir='ltr'><strong>in</strong></span> <span class='ocrx_word' id='word_1_241' title='bbox 2663 3601 2961 3668; x_wconf 83' lang='lat' dir='ltr'><strong>fluctibus.</strong></span> 
     </span>
     <span class='ocr_line' id='line_1_33' title="bbox 592 3705 2958 3792; baseline -0.002 -19"><span class='ocrx_word' id='word_1_242' title='bbox 592 3707 939 3774; x_wconf 86' lang='lat' dir='ltr'><strong>Manifesto</strong></span> <span class='ocrx_word' id='word_1_243' title='bbox 964 3711 1183 3771; x_wconf 88' lang='lat' dir='ltr'><strong>autem</strong></span> <span class='ocrx_word' id='word_1_244' title='bbox 1208 3708 1428 3791; x_wconf 82' lang='lat' dir='ltr'><strong>agitur</strong></span> <span class='ocrx_word' id='word_1_245' title='bbox 1451 3705 1526 3769; x_wconf 93' lang='lat' dir='ltr'><strong>de</strong></span> <span class='ocrx_word' id='word_1_246' title='bbox 1551 3725 1716 3769; x_wconf 84' lang='lat' dir='ltr'><strong>nova</strong></span> <span class='ocrx_word' id='word_1_247' title='bbox 1739 3726 1958 3792; x_wconf 80' lang='lat' dir='ltr'><strong>pugna</strong></span> <span class='ocrx_word' id='word_1_248' title='bbox 1983 3705 2216 3784; x_wconf 83' lang='lat' dir='ltr'><strong>navali,</strong></span> <span class='ocrx_word' id='word_1_249' title='bbox 2243 3713 2316 3772; x_wconf 91' lang='lat' dir='ltr'><strong>ut</strong></span> <span class='ocrx_word' id='word_1_250' title='bbox 2341 3728 2536 3792; x_wconf 85' lang='lat' dir='ltr'><strong>supra</strong></span> <span class='ocrx_word' id='word_1_251' title='bbox 2559 3729 2655 3773; x_wconf 81' lang='lat' dir='ltr'><strong>vs.</strong></span> <span class='ocrx_word' id='word_1_252' title='bbox 2685 3709 2820 3774; x_wconf 80' lang='lat'><strong>334</strong></span> <span class='ocrx_word' id='word_1_253' title='bbox 2847 3729 2958 3792; x_wconf 79' lang='lat' dir='ltr'>sqq.</span> 
     </span>
     <span class='ocr_line' id='line_1_34' title="bbox 592 3811 2823 3900; baseline -0 -19"><span class='ocrx_word' id='word_1_254' title='bbox 592 3814 1046 3900; x_wconf 83' lang='lat' dir='ltr'><strong>Intellegerem</strong></span> <span class='ocrx_word' id='word_1_255' title='bbox 1094 3812 1253 3878; x_wconf 90' lang='lat' dir='ltr'><strong>duos</strong></span> <span class='ocrx_word' id='word_1_256' title='bbox 1299 3811 1565 3876; x_wconf 84' lang='lat' dir='ltr'><strong>ultimos</strong></span> <span class='ocrx_word' id='word_1_257' title='bbox 1615 3818 1838 3876; x_wconf 84' lang='lat' dir='ltr'><strong>versus</strong></span> <span class='ocrx_word' id='word_1_258' title='bbox 1884 3814 1974 3877; x_wconf 90' lang='lat' dir='ltr'><strong>sic</strong></span> <span class='ocrx_word' id='word_1_259' title='bbox 2023 3815 2290 3898; x_wconf 88' lang='lat' dir='ltr'><strong>scriptos</strong></span> <span class='ocrx_word' id='word_1_260' title='bbox 2341 3819 2406 3878; x_wconf 87' lang='lat' dir='ltr'><strong>et</strong></span> <span class='ocrx_word' id='word_1_261' title='bbox 2453 3813 2823 3881; x_wconf 84' lang='lat' dir='ltr'><strong>distinctos:</strong></span> 
     </span>
     <span class='ocr_line' id='line_1_35' title="bbox 1001 3912 2843 3998; baseline 0.002 -17"><span class='ocrx_word' id='word_1_262' title='bbox 1001 3923 1319 3983; x_wconf 79' lang='grc' dir='ltr'><strong><em>πολλῶν</em></strong></span> <span class='ocrx_word' id='word_1_263' title='bbox 1366 3916 1439 3994; x_wconf 78' lang='grc' dir='ltr'><strong>δ’,</strong></span> <span class='ocrx_word' id='word_1_264' title='bbox 1487 3912 1556 3980; x_wconf 81' lang='grc' dir='ltr'><strong>οἳ</strong></span> <span class='ocrx_word' id='word_1_265' title='bbox 1602 3913 1928 3995; x_wconf 75' lang='grc' dir='ltr'><strong><em>ἵξονται</em></strong></span> <span class='ocrx_word' id='word_1_266' title='bbox 1979 3919 2078 3982; x_wconf 78' lang='grc' dir='ltr'><strong><em>ἐπὶ</em></strong></span> <span class='ocrx_word' id='word_1_267' title='bbox 2129 3920 2551 3998; x_wconf 75' lang='grc' dir='ltr'><strong><em>ψαμαθώδεας</em></strong></span> <span class='ocrx_word' id='word_1_268' title='bbox 2599 3921 2843 3998; x_wconf 64' lang='grc' dir='ltr'><strong><em>ἀκτάς,</em></strong></span> 
     </span>
     <span class='ocr_line' id='line_1_36' title="bbox 997 4021 2762 4104; baseline 0.002 -17"><span class='ocrx_word' id='word_1_269' title='bbox 997 4022 1193 4100; x_wconf 72' lang='grc' dir='ltr'><strong><em>ξανθοὶ</em></strong></span> <span class='ocrx_word' id='word_1_270' title='bbox 1244 4021 1477 4103; x_wconf 71' lang='grc' dir='ltr'><strong><em>κάρηνα</em></strong></span> <span class='ocrx_word' id='word_1_271' title='bbox 1526 4023 1816 4089; x_wconf 83' lang='grc' dir='ltr'><strong><em>πέσονται</em></strong></span> <span class='ocrx_word' id='word_1_272' title='bbox 1867 4024 1973 4089; x_wconf 83' lang='grc' dir='ltr'><strong><em>ὑπ’</em></strong></span> <span class='ocrx_word' id='word_1_273' title='bbox 2025 4026 2386 4104; x_wconf 67' lang='grc' dir='ltr'><strong><em>Αἶγυπτίων</em></strong></span> <span class='ocrx_word' id='word_1_274' title='bbox 2435 4032 2762 4100; x_wconf 77' lang='grc' dir='ltr'><strong><em>πετεηνῶν.</em></strong></span> 
     </span>
     <span class='ocr_line' id='line_1_37' title="bbox 596 4126 2961 4218; baseline -0.002 -22"><span class='ocrx_word' id='word_1_275' title='bbox 596 4132 923 4207; x_wconf 74' lang='grc' dir='ltr'><strong><em>Αἰγύπτια</em></strong></span> <span class='ocrx_word' id='word_1_276' title='bbox 983 4126 1253 4202; x_wconf 76' lang='grc' dir='ltr'><strong><em>πετεηνοὶ</em></strong></span> <span class='ocrx_word' id='word_1_277' title='bbox 1300 4129 1603 4193; x_wconf 85' lang='lat' dir='ltr'><strong>dicuntur</strong></span> <span class='ocrx_word' id='word_1_278' title='bbox 1647 4132 1772 4214; x_wconf 88' lang='lat' dir='ltr'><strong>ipsi</strong></span> <span class='ocrx_word' id='word_1_279' title='bbox 1821 4131 2131 4218; x_wconf 86' lang='lat' dir='ltr'><strong>Aegyptii</strong></span> <span class='ocrx_word' id='word_1_280' title='bbox 2151 4181 2166 4209; x_wconf 85' lang='lat'><em>,</em></span> <span class='ocrx_word' id='word_1_281' title='bbox 2218 4135 2329 4216; x_wconf 90' lang='lat' dir='ltr'><strong>qui</strong></span> <span class='ocrx_word' id='word_1_282' title='bbox 2377 4131 2644 4198; x_wconf 87' lang='lat' dir='ltr'><strong>Iudaeos</strong></span> <span class='ocrx_word' id='word_1_283' title='bbox 2697 4154 2732 4197; x_wconf 89' lang='lat' dir='ltr'><strong>e</strong></span> <span class='ocrx_word' id='word_1_284' title='bbox 2783 4129 2961 4196; x_wconf 88' lang='lat' dir='ltr'><strong>flucti-</strong></span> 
     </span>
     <span class='ocr_line' id='line_1_38' title="bbox 594 4219 1550 4320; baseline -0.004 -19"><span class='ocrx_word' id='word_1_285' title='bbox 594 4238 715 4301; x_wconf 88' lang='lat' dir='ltr'><strong>bus</strong></span> <span class='ocrx_word' id='word_1_286' title='bbox 764 4238 1103 4320; x_wconf 82' lang='lat' dir='ltr'><strong>sospitatos</strong></span> <span class='ocrx_word' id='word_1_287' title='bbox 1151 4219 1550 4299; x_wconf 80' lang='lat' dir='ltr'><strong>obtruncant.</strong></span> 
     </span>
    </p>
   </div>
   <div class='ocr_carea' id='block_1_3' title="bbox 1597 4420 1978 4434">
    <p class='ocr_par' dir='ltr' id='par_1_3' title="bbox 1597 4420 1978 4434">
     <span class='ocr_line' id='line_1_39' title="bbox 1597 4420 1978 4434; baseline 0 -8"><span class='ocrx_word' id='word_1_288' title='bbox 1597 4420 1978 4434; x_wconf 43' lang='grc' dir='ltr'>Ἢ</span> 
     </span>
    </p>
   </div>
   <div class='ocr_carea' id='block_1_4' title="bbox 3085 7 3097 382">
    <p class='ocr_par' dir='ltr' id='par_1_4' title="bbox 3085 7 3097 382">
     <span class='ocr_line' id='line_1_40' title="bbox 3085 7 3095 28; baseline 0 -16"><span class='ocrx_word' id='word_1_289' title='bbox 3085 7 3095 28; x_wconf 64' lang='grc' dir='ltr'>Ἰ</span> 
     </span>
     <span class='ocr_line' id='line_1_41' title="bbox 3095 367 3097 382; baseline 0 0"><span class='ocrx_word' id='word_1_290' title='bbox 3095 367 3097 382; x_wconf 98' lang='grc' dir='ltr'>Ι</span> 
     </span>
    </p>
   </div>
  </div>
 </body>
</html>
