3192 5009
1317 254 1624 303 Lucanus.
2568 238 2653 305 39

295 420 534 489 Gollato
565 444 628 487 v,
671 420 839 487 652:
883 425 1174 508 „ipsique
1213 428 1528 489 retrorsus
1553 421 1735 488 effusi
1756 424 1985 489 faciem
2007 426 2297 491 vitabant
2322 421 2655 513 Gorgonos

293 528 567 615 angues''
633 534 894 615 apparet
939 529 1406 607 confusionem,
1455 550 1616 615 quae
1664 532 1898 596 centies
1946 531 2113 596 facta
2158 537 2255 596 est
2302 532 2483 610 alibi,
2532 533 2653 597 hoc

293 656 530 721 quoque
573 633 710 700 loco
753 656 888 701 esse
925 635 1386 722 corrigendam.
1435 635 1495 700 N
1497 655 1578 699 on
1616 637 1867 701 adversa
1900 637 2200 701 subrectae
2214 685 2229 715 ,
2266 638 2376 703 sed
2413 661 2655 703 aversae

289 744 548 805 subrecta
593 741 854 807 videtur
897 740 1264 829 legendum.
1311 740 1398 807 Et
1444 764 1654 805 aversa
1700 748 1798 807 est
1841 744 1909 807 in
1958 742 2051 807 M.
2101 742 2301 809 Totus
2345 742 2523 809 locus
2562 747 2652 811 sic

287 870 347 913 se
387 848 677 913 habebit:

459 952 593 1021 629
641 955 760 1021 hoc
804 957 1092 1040 primum
1135 960 1366 1020 natura
1409 974 1639 1019 nocens
1682 956 1752 1019 in
1799 973 2057 1039 corpore
2102 974 2321 1021 saevas

457 1059 596 1127 630
639 1060 862 1127 eduxit
906 1066 1149 1147 pestes;
1195 1059 1400 1125 illisae
1447 1060 1733 1125 faucibus
1780 1080 2021 1146 angues

455 1166 590 1233 633
635 1170 777 1254 ipsa
819 1166 1228 1255 flagellabant
1271 1166 1623 1255 gaudentes
1669 1165 1829 1232 colla
1872 1166 2178 1232 Medusae
2194 1216 2211 1245 ,

455 1272 592 1341 632
636 1274 946 1340 femineae
991 1276 1099 1339 cui
1145 1294 1320 1341 more
1365 1293 1586 1338 comae
1630 1294 1745 1358 per
1788 1278 1972 1360 terga
2017 1272 2263 1340 solutae

452 1379 585 1446 631
637 1379 906 1447 stridula
951 1380 1254 1446 fuderunt
1299 1380 1564 1445 vibratis
1612 1378 1797 1445 sibila
1841 1379 2105 1466 linguis.

451 1484 588 1551 634
637 1493 913 1574 surgunt
960 1507 1214 1553 aversae
1261 1486 1551 1551 subrecta
1595 1486 1803 1553 fronte
1846 1484 2141 1553 colubrae
2159 1536 2177 1565 ,

450 1592 586 1659 635
636 1596 1094 1679 vipereumque
1139 1592 1282 1657 fluit
1325 1591 1402 1657 de
1448 1613 1611 1678 pexo
1660 1594 1829 1658 crine
1876 1614 2213 1659 venenum.

282 1696 392 1765 Oui
435 1720 556 1785 per
599 1706 782 1787 terga
816 1726 898 1751 =
933 1702 1118 1765 cuius
1161 1719 1276 1784 per
1321 1704 1536 1786 terga,
1583 1719 1709 1763 usu
1753 1702 1960 1784 poetis
2007 1698 2328 1765 familiari.
2370 1700 2644 1765 Femineo

281 1804 461 1871 Ashb.
528 1805 575 1872 2
624 1828 736 1883 m.‚
797 1812 956 1891 puto
1019 1826 1053 1871 e
1114 1806 1515 1871 correctione.
1579 1805 1677 1869 De
1726 1828 1885 1887 pexo
1932 1804 2257 1871 Heinsius.
2313 1806 2645 1871 Gaudentio

280 1932 394 1975 non
455 1918 560 1977 est
603 1914 868 1977 unicum
916 1910 1285 1997 exemplum
1328 1913 1797 1977 terminationis
1842 1910 1898 1973 ie
1943 1909 2103 1976 falso
2150 1931 2187 1976 a
2229 1911 2505 1977 librariis
2551 1915 2644 1977 in-

281 2024 506 2083 vectae.
573 2056 660 2067 -
721 2016 929 2103 Supra
965 2016 1064 2081 eui
1108 2038 1199 2083 m.
1247 2016 1290 2082 2
1338 2018 1416 2081 A.
1465 2019 1681 2102 posuit
1726 2038 1757 2080 e
1798 2018 1872 2080 de
1886 2037 1903 2095 3
1954 2014 2162 2081 voluit
2204 2016 2350 2082 fort.
2398 2018 2517 2081 ἀφ’.
2566 2019 2643 2081 de

277 2124 590 2207 pertinens
637 2122 717 2188 ad
757 2144 934 2187 more.

359 2325 514 2392 656.
580 2324 798 2404 „Olim
857 2325 1241 2414 Phlegraeos
1261 2375 1278 2405 ‚
1343 2330 1582 2393 stantes
1628 2331 1917 2411 serpente
1964 2322 2280 2412 Gigantas
2298 2375 2315 2405 ‚
2374 2327 2383 2412 Ι
2435 2330 2637 2392 erexit

277 2431 583 2498 montes.’'
655 2432 934 2520 Egregie
993 2433 1113 2497 hoc
1169 2440 1396 2497 stantes
1451 2439 1723 2515 serpente
1783 2431 2144 2497 illustratur
2201 2436 2635 2499 monumentis

278 2535 678 2625 Pergamenis
697 2587 714 2616 ,
774 2541 846 2603 in
908 2537 1140 2624 quibus
1201 2535 1512 2624 Gigantes
1558 2559 1675 2623 pro
1720 2538 2008 2603 cruribus
2055 2539 2452 2624 serpentibus
2496 2539 2640 2603 sub-

276 2646 396 2709 nixi
433 2650 610 2709 sunt.
653 2642 954 2711 Ceterum
977 2644 1378 2711 scribendum
1403 2644 1761 2725 Phleqraeos
1784 2665 1912 2709 non
1936 2644 2299 2725 Phleqraeo;
2327 2647 2637 2709 maiorem

276 2750 776 2835 probabilitatem
823 2751 1012 2817 habet
1058 2754 1292 2816 omissa
1336 2750 1555 2815 littera
1601 2748 1813 2837 aliqua
1859 2756 2004 2815 ante
2052 2750 2331 2815 similem
2380 2758 2493 2831 (-os
2531 2758 2635 2832 ab)

277 2877 454 2940 quam
503 2856 736 2923 addita.
787 2852 1144 2939 Phlegraeos
1189 2857 1380 2923 habet
1421 2857 1540 2935 M„
1590 2857 1667 2934 A,
1719 2876 1755 2921 a
1802 2878 1889 2921 m.
1940 2856 2003 2935 2,
2053 2855 2126 2921 V.
2146 2877 2163 2933 ;
2227 2856 2318 2921 U:
2356 2859 2636 2941 phleqre-

275 2968 522 3027 astantes
537 3012 554 3042 ‚
627 2983 818 3048 supra
885 2966 1120 3050 scripta
1188 2962 1388 3029 altera
1454 2986 1502 3028 ε.
1574 2963 1904 3043 Phleqraeo
1966 2984 2043 3029 ex
2103 2961 2338 3028 Weisio
2399 2967 2632 3029 sumsit

271 3066 576 3147 Haskins,
623 3068 733 3135 ille
779 3090 998 3135 rursus
1038 3091 1118 3135 ex
1163 3073 1436 3135 vetustis
1484 3072 1618 3135 suis
1666 3068 2051 3135 editionibus
2071 3117 2087 3147 ,
2137 3070 2215 3135 cf.
2258 3073 2395 3136 eius
2433 3070 2627 3157 praef.

271 3196 324 3259 p.
355 3194 489 3239 nv.
530 3174 753 3241 Weisii
796 3178 1094 3255 recensi0,
1144 3196 1304 3262 quae
1338 3178 1570 3241 nititur
1610 3182 1865 3243 tantum
1906 3178 2185 3262 antiquis
2221 3178 2627 3257 editionibus,

269 3302 378 3346 non
423 3304 540 3369 pro
585 3281 996 3349 fundamento
1043 3283 1329 3349 adhiberi
1376 3282 1661 3349 debebat.

349 3499 502 3569 675.
547 3502 740 3568 Hunc
780 3523 1042 3568 versum
1087 3506 1176 3568 sic
1223 3502 1627 3569 scribendum
1665 3508 1853 3589 puto:

521 3610 662 3693 ipsa
706 3611 875 3695 regit
919 3610 1231 3694 trepidam
1275 3608 1487 3675 Pallas
1539 3610 1885 3695 dextraque
1934 3615 2315 3677 trementem

520 3712 784 3780 Perseos
828 3718 1034 3781 aversi
1082 3713 1418 3802 Cyllenida
1464 3715 1701 3803 derigit
1745 3715 2039 3801 Harpen:

269 3818 304 3880 i.
329 3839 378 3883 e.
415 3818 628 3885 Pallas
667 3824 836 3907 regit
873 3821 1095 3887 dextra
1115 3822 1429 3907 trepidam
1453 3826 1518 3887 et
1541 3828 1923 3888 trementem
1946 3822 2227 3908 Harpen.
2252 3821 2494 3889 Dextra
2517 3825 2617 3889 διὰ

269 3924 440 3997 μέσου
485 3929 770 4012 positum
817 3934 1084 4014 utroque
1129 3932 1422 4013 pertinet.
1472 3928 1789 4011 stepidam
1826 3950 1859 3994 e
1898 3931 2256 3995 coniectura
2290 3951 2403 4015 pro
2440 3932 2613 4014 trepi-

271 4030 390 4093 dem·
403 4060 430 4107 ‚·
476 4034 802 4118 dextraque
839 4040 1171 4097 trementem
1192 4054 1342 4099 cum
1363 4033 1438 4098 M
1463 4038 1557 4116 (in
1583 4056 1707 4120 quo
1731 4034 1773 4100 2
1798 4056 1887 4099 m.
1914 4034 2151 4101 delevit
2173 4041 2253 4116 m)
2278 4042 2344 4101 et
2366 4036 2425 4100 U
2451 4037 2614 4103 dedi.

273 4134 429 4201 Alios
479 4137 725 4204 codices
771 4159 806 4203 6
852 4141 1176 4225 dextraque
1223 4148 1554 4205 trementem
1595 4141 1815 4208 fecisse
1860 4144 2239 4228 dextramque
2286 4150 2615 4207 trementem

273 4245 360 4317 (ut
378 4244 476 4324 A),
515 4243 676 4310 alios
705 4246 1030 4335 dextraque
1053 4253 1328 4311 tremente
1352 4245 1452 4327 (V.
1478 4246 1727 4335 vulgo),
1754 4248 1922 4336 quod
1942 4252 2234 4337 ineptum
2260 4256 2356 4315 est
2377 4249 2453 4315 de
2477 4249 2611 4327 dea,

273 4366 368 4432 per
407 4370 472 4419 se
517 4350 938 4439 intellegitur.
987 4352 1062 4419 In
1098 4351 1156 4419 U
1200 4352 1232 4417 1
1276 4374 1402 4421 m.:
1461 4356 1814 4442 death-acque
1868 4363 2055 4439 (corr.
2095 4360 2198 4423 in:
2241 4357 2612 4443 dextraque)
