3192 5009
571 252 702 318 154
1572 267 1924 317 uousmos.

575 434 981 501 hexametros
1046 435 1463 500 restituamus
1530 433 1696 500 nulli
1757 434 2149 500 dubitamus.
2210 431 2356 520 Ipse
2414 437 2635 498 autem
2697 435 2930 498 textus
2949 479 2968 510 ,

570 561 763 628 quem
810 541 1126 606 traditum
1173 544 1533 627 accepimus
1552 590 1569 619 ,
1620 542 1952 628 digamma
1993 540 2224 606 leviter
2267 545 2596 605 mutatum
2635 544 2851 604 servat
2893 541 2968 602 in

566 647 897 714 vocabulis
943 645 1265 712 nonnullis
1286 695 1302 725 ‚
1352 668 1512 733 quae
1560 651 1688 713 viri
1725 648 1894 713 docti
1935 647 2180 712 dudum
2219 645 2648 732 collegerunt3
2677 645 2970 712 dicimus

564 753 761 820 verba
787 753 1086 833 αὐέρυσαν
1110 779 1192 804 =
1216 752 1534 832 ἆηέρυσαν
1560 753 1940 834 (ἀνι-ἔρυσαν)
1969 765 2019 817 Λ
2051 751 2182 818 459
2209 757 2351 830 etc„
2379 751 2686 830 καυάξαις
2713 777 2800 802 =
2824 775 2974 816 xar-

562 859 774 939 εαξαις
833 857 1227 940 (κατεάξαις)
1280 858 1433 924 HeS.
1474 857 1664 945 Oper.
1709 857 1862 937 666,
1890 857 2043 937 693,
2085 861 2341 939 αὖίαχοι
2366 846 2718 938 Ξὲνίαχοι
2759 866 2821 922 N
2847 856 2968 934 41,

564 967 923 1044 ταλαύρινος
948 965 1425 1045 -ὲ-ταλοὶ-ερινος
1468 968 1539 1047 (i.
1566 987 1622 1030 e.
1665 965 2013 1046 Φέρασπις,
2055 966 2280 1051 hymn.
2321 964 2534 1048 VII2)
2574 974 2622 1029 E
2651 961 2790 1030 289
2813 968 2969 1039 etc„

564 1071 745 1139 εὔαδε
771 1099 853 1126 --
877 1067 1071 1137 {trade
1118 1070 1385 1153 (ἔσναδε)
1438 1080 1479 1138 Ξ
1508 1070 1640 1137 340
1665 1075 1808 1149 etc„
1851 1070 2128 1148 ἀπούρας
2151 1099 2234 1126 =
2257 1073 2522 1152 ἀποεροὶς
2569 1082 2623 1135 Λ
2653 1069 2788 1136 356
2814 1075 2968 1146 etc„

565 1219 652 1230 -
697 1182 765 1243 in
821 1179 1055 1264 quibus
1102 1177 1501 1244 semivocalis
1547 1202 1575 1244 r
1619 1181 1688 1242 in
1732 1177 2023 1244 vocalem
2071 1203 2105 1242 υ
2153 1178 2313 1242 abiit
2359 1185 2424 1245 et
2468 1199 2507 1244 a
2551 1177 2785 1243 multis
2831 1197 2968 1240 non

565 1292 664 1352 est
710 1288 949 1371 agnita.
998 1283 1059 1348 Ν
1063 1307 1145 1350 on
1190 1305 1505 1371 magnum
1554 1289 1774 1350 autem
1822 1283 2017 1350 fuisse
2065 1283 2408 1349 discrimen
2451 1287 2622 1350 inter
2661 1303 2851 1348 sonos
2891 1305 2972 1346 ar

568 1417 627 1458 er
687 1414 749 1457 vr
806 1397 872 1457 et
933 1416 1014 1455 αυ
1063 1415 1129 1455 ευ
1176 1415 1243 1455 ου
1292 1391 1477 1456 facile
1521 1390 2002 1478 intellegimus,
2050 1411 2256 1476 neque
2299 1394 2510 1478 igitur
2553 1396 2652 1457 est
2695 1411 2815 1455 cur
2861 1388 2972 1455 ad-

567 1498 839 1564 modum
901 1517 1251 1585 gravemur
1312 1501 1369 1562 si
1428 1501 1570 1583 quis
1635 1499 1873 1564 formas
1936 1498 2238 1576 αὐέρυσαν
2285 1505 2404 1563 etc.
2458 1498 2704 1562 mutari
2748 1501 2932 1562 vetet
2949 1545 2968 1574 ,

570 1627 721 1671 cum
782 1606 1161 1690 praesertim
1226 1603 1363 1669 alia
1412 1603 1727 1670 vocabula
1744 1653 1760 1682 ‚
1814 1624 1974 1690 quae
2020 1606 2264 1669 ratione
2313 1602 2638 1670 subsimili
2685 1603 2974 1667 formata

569 1717 754 1789 sunt,
805 1709 1033 1788 εὔληρα
1084 1709 1336 1784 εὔκηλος
1387 1710 1758 1787 καλαύροπα
1809 1710 2215 1787 ταναύποδα,
2264 1709 2538 1775 firmiter
2589 1709 2974 1774 inhaereant

566 1819 833 1904 linguae
894 1822 1303 1882 vetustorum
1364 1822 1725 1902 poetarum.
1799 1818 2104 1882 Attamen
2163 1818 2338 1882 iusta
2399 1835 2590 1881 causa
2651 1836 2790 1881 esse
2835 1836 2970 1879 non

567 1924 827 1991 videtur
872 1943 985 1989 cur
1028 1925 1097 1986 in
1142 1922 1277 1988 illis
1325 1924 1593 1989 vocibus
1642 1922 1973 2011 digamma
2017 1926 2084 1986 in
2123 1921 2410 1987 vocalem
2447 1921 2622 1987 abire
2664 1927 2730 1987 et
2767 1941 2809 1986 a
2847 1941 2970 1986 sua

570 2029 817 2117 syllaba
856 2029 1195 2114 abreptum
1234 2049 1381 2094 cum
1421 2027 1823 2116 praecedenti
1863 2027 2207 2093 coalescere
2247 2030 2534 2092 sinamus
2553 2075 2569 2104 ,
2615 2047 2768 2092 cum
2807 2025 2968 2092 alibi

567 2139 637 2202 in
683 2135 1070 2200 carminibus
1118 2134 1481 2199 Homericis
1526 2137 1745 2220 ipsum
1793 2134 2123 2221 digamma
2167 2153 2560 2200 revocemus.

660 2241 926 2307 Maioris
994 2243 1311 2306 momenti
1372 2240 1497 2306 alia
1558 2247 1658 2306 est
1719 2243 2027 2325 quaestio.
2087 2239 2438 2326 ,Digamma
2499 2235 2752 2304 initiale
2798 2258 2970 2324 quae

567 2369 757 2414 voces
818 2346 1213 2412 Homericae·
1258 2347 1601 2412 habuerint
1665 2347 1847 2412 docet
1891 2352 2178 2411 metrum
2194 2367 2210 2425 ;
2259 2349 2322 2410 in
2375 2345 2608 2411 mediis
2653 2363 2804 2410 vero
2851 2365 2969 2408 vo-

570 2452 811 2521 cabulis
857 2459 1083 2518 utrum
1122 2456 1403 2518 carmina
1440 2452 1788 2518 Homerica
1825 2451 2016 2517 illum
2055 2473 2287 2517 sonum
2325 2453 2722 2518 servaverint
2742 2471 2964 2527 necne,

568 2558 636 2624 id
704 2557 955 2623 indiciis
1025 2561 1310 2624 metricis
1372 2558 1591 2624 confici
1650 2560 1909 2644 nequit,
1970 2562 2188 2644 itaque
2253 2557 2418 2622 nihil
2478 2556 2649 2643 quod
2697 2558 2966 2621 omnino

570 2671 819 2732 certum
880 2667 967 2730 sit
1026 2665 1145 2730 hac
1209 2665 1285 2731 de
1346 2687 1413 2731 re
1478 2671 1690 2751 potest
1735 2667 1964 2742 statui,
2014 2663 2123 2731 sed
2170 2664 2325 2750 quid
2373 2683 2524 2729 vero
2573 2661 2786 2728 simile
2834 2664 2924 2726 sit
2943 2711 2962 2740 ,

570 2771 724 2859 quid
785 2770 1097 2836 dissimile
1114 2821 1131 2848 ,
1200 2793 1426 2859 rogare
1489 2771 1812 2836 debemus.
1880 2770 2081 2836 Nobis
2144 2775 2364 2836 autem
2409 2768 2687 2835 Homeri
2731 2767 2968 2854 lingua

566 2879 853 2944 litteram
914 2901 942 2942 r
1000 2879 1187 2942 initio
1250 2881 1508 2941 tantum
1567 2877 1914 2942 verborum
1975 2895 2259 2942 servasse
2319 2875 2610 2952 videtur;
2677 2895 2830 2938 nam
2891 2876 2964 2937 in

568 2984 711 3051 aliis
750 2983 1035 3050 dialectis
1076 2982 1362 3064 (Aeolica
1386 2983 1686 3050 Boeotica
1708 2981 2021 3063 Cretensi)
2061 2983 2392 3070 digamma
2429 2979 2677 3047 initiale
2712 2979 2965 3045 diutius

568 3092 943 3155 remansisse
993 3109 1187 3175 quam
1236 3092 1595 3168 internum,
1644 3089 1840 3174 probe
1886 3095 2124 3154 norunt
2171 3091 2283 3174 qui
2329 3089 2774 3173 inscriptiones
2817 3107 2964 3151 con-

568 3195 907 3262 suluerunt
925 3215 941 3274 3
1015 3198 1084 3260 in
1155 3195 1429 3260 Homeri
1498 3202 1717 3261 autem
1785 3195 2010 3282 lingua
2077 3197 2248 3260 vivit
2321 3193 2582 3280 quidem
2651 3197 2964 3280 vigetque

570 3301 935 3388 digamma,
1000 3300 1107 3366 sed
1170 3307 1385 3367 tamen
1453 3300 1735 3367 dominio
1783 3304 1992 3366 utitur
2039 3302 2390 3365 imminuto
2439 3321 2644 3386 neque
2689 3301 2784 3364 ita
2827 3299 2964 3365 late

570 3411 851 3494 patenti,
917 3414 1132 3474 carent
1189 3411 1361 3473 enim
1426 3429 1499 3474 ea
1562 3428 1833 3474 consona
1881 3407 2122 3474 radices
2169 3406 2530 3493 complures
2552 3455 2568 3485 ,
2619 3429 2672 3473 e.
2698 3427 2764 3494 g.
2814 3403 2962 3488 ὄρὶἑν

572 3521 637 3581 et
683 3515 845 3588 ἱστίη
882 3511 949 3595 ¹).

634 3820 686 3882 1)
723 3819 993 3886 quominus
1029 3820 1203 3877 reor-ln
1237 3823 1286 3870 et
1320 3817 1606 3880 ἔπιπέστιος
1639 3836 1748 3872 cum
1783 3821 1948 3871 Fickio
1985 3820 2326 3880 rescribamus.
2361 3822 2648 3872 dehortatur
2683 3821 2962 3887 Naupacti·

563 3902 813 3967 inscriptio
864 3901 1041 3952 sacculi
1086 3903 1153 3952 Vi
1194 3919 1313 3967 quse
1357 3919 1481 3953 anno
1530 3905 1660 3953 1869
1695 3907 1886 3968 reperta
1919 3907 1992 3952 cst
2026 3904 2176 3965 (IGA.
2212 3905 2332 3963 321,
2365 3904 2541 3953 Collitz
2577 3903 2958 3956 Dialektimohr.

568 3983 714 4043 1⁴78,
762 3984 966 4034 Robcrts
1012 3985 1287 4050 Epigraphy
1333 4002 1377 4050 p.
1422 3985 1561 4046 234),
1608 3985 1658 4034 in
1706 4000 1799 4049 qua
1835 3985 2004 4050 passim
2043 3984 2253 4034 occurrit
2289 3985 2530 4050 digamma
2561 4001 2670 4035 cum
2707 3985 2960 4036 internum

564 4069 667 4116 tum
703 4066 891 4116 initiale
926 4065 1085 4128 (ah-s!
1116 4065 1358 4123 πέκαστος
1394 4068 1511 4130 etc)
1546 4069 1595 4116 ct
1629 4071 1789 4116 tamen
1825 4065 1968 4114 lor-la
2005 4070 2151 4116 extat.

635 4149 760 4213 Apte
802 4149 1010 4197 conferri
1056 4151 1252 4214 possunt
1298 4154 1547 4213 praeterea
1593 4146 1783 4197 tabulae
1817 4147 2158 4198 Heracleenses
2187 4149 2361 4210 (Cauer
2397 4149 2646 4200 Deiectus·
2689 4150 2751 4200 n⁰
2783 4153 2852 4201 40
2868 4153 2960 4217 sq.)

564 4231 740 4282 saeculi
775 4229 864 4281 IVi
900 4231 1140 4288 excuntis,
1176 4229 1226 4278 in
1263 4228 1435 4293 quibus
1468 4229 1701 4280 nonnulla
1735 4229 1964 4279 vocabula
1999 4227 2164 4292 (riq-oc
2201 4230 2371 4279 xlma
2404 4229 2490 4297 νέξ
2523 4229 2698 4297 τίδιος)
2739 4237 2962 4284 constan-

563 4320 639 4365 ter
688 4317 882 4363 servant
932 4313 1169 4377 digamma
1215 4309 1425 4370 initiale,
1474 4311 1533 4360 sb
1578 4311 1688 4360 aliis
1731 4311 1970 4376 (ἕκαστος
2007 4308 2294 4378 ἐργάζομαι
2325 4309 2438 4371 Ἰο-ος
2477 4311 2633 4378 οἰκία)
2667 4329 2765 4365 uon
2801 4315 2960 4368 ninus

565 4399 841 4448 constanter
874 4393 1020 4445 abest.
1056 4421 1121 4432 —
1156 4393 1229 4444 ct.
1266 4395 1462 4445 Monac
1498 4395 1638 4444 Hom.
1677 4393 1928 4445 Granum·
1962 4395 2115 4456 5404.
