3192 5009
1331 346 1667 397 nona-nus.
2597 324 2678 394 31

404 510 480 577 In
545 516 826 579 carmine
895 516 1192 599 quinto
1256 518 1622 592 „amantem
1682 512 2017 600 Lalages’',
2080 534 2273 599 quem
2330 512 2681 600 alloquitur

314 627 500 706 poeta
515 668 532 699 ,
603 622 820 707 ipsum
885 620 1232 686 Horatium
1291 642 1427 687 esse
1489 622 1847 705 suspicatur
1904 618 2361 709 Kiesslingius.
2425 618 2566 685 Hoc
2628 622 2681 686 si

313 747 541 793 verum
601 733 698 793 est
719 776 735 805 ,
799 727 967 813 quod
1009 716 1338 793 affirmare
1369 748 1494 791 non
1538 729 1749 791 ausim
1766 774 1784 803 ,
1831 728 1898 789 in
1944 724 2339 811 paenultima
2384 725 2676 812 stropha:

1035 840 1269 921 petet
1313 832 1630 920 Lalage
1676 834 2119 911 maritum,

585 938 906 1006 dilecta
950 945 1353 1027 quantum
1399 959 1552 1003 non
1595 936 1917 1003 Pholoe
1964 937 2262 1026 fugax,

585 1067 739 1112 non
788 1043 1120 1113 Chloris
1166 1044 1351 1113 albo
1397 1048 1517 1111 sic
1564 1065 1843 1110 umero
1888 1046 2169 1109 nitens

583 1198 1161 1219 ......
1253 1148 1674 1219 Cnidiusv
1706 1172 1741 1216 e
1788 1148 2069 1238 Gyges

308 1277 425 1343 per
470 1256 844 1324 Pholoen
888 1259 1284 1347 fugacem
1320 1257 1587 1323 indicari
1634 1257 1865 1344 aliquis
1914 1257 2126 1322 credat
2174 1254 2472 1324 Cinaram
2518 1260 2683 1323 eius-

308 1382 436 1448 que
481 1362 707 1451 fugam
743 1364 1167 1451 deplomm,
1208 1385 1322 1450 per
1367 1361 1723 1431 Chlorin
1769 1384 2053 1428 umero
2096 1365 2513 1429 nitentem
2556 1364 2683 1451 Ly-

311 1488 459 1548 cen,
501 1473 682 1535 cuius
719 1470 962 1548 color,
1003 1471 1306 1537 candidus
1343 1472 1673 1548 nimirum,
1697 1472 1897 1534 etiam
1917 1468 2303 1535 laudaturin
2326 1468 2412 1533 IV
2442 1469 2544 1535 13.
2570 1470 2681 1548 17,

313 1580 380 1641 et
439 1597 553 1661 per
611 1574 903 1665 Gygen
922 1627 938 1656 ,
993 1577 1263 1664 puellari
1311 1578 1708 1642 formositate
1751 1578 2109 1662 insignem,
2158 1576 2421 1642 fortasse
2467 1576 2689 1662 Lycis-

314 1700 464 1746 cum
533 1682 1002 1769 quamlibet
1070 1680 1677 1748 mulierculam
1747 1685 2228 1749 vincentem
2296 1680 2686 1747 mollitia

311 1786 514 1874 Epod.
568 1787 670 1853 11.
698 1788 806 1854 24.
855 1788 982 1854 Sed
1027 1790 1183 1855 hacc
1229 1810 1488 1875 prorsus
1532 1794 1685 1853 sunt
1730 1791 1990 1853 incerta.

405 1891 481 1958 In
552 1900 848 1961 octavo
916 1895 1188 1982 denique
1235 1897 1512 1961 carmine
1558 1896 1813 1981 periura
1880 1876 2215 1973 Barine,
2286 1898 2685 1961 iuvenum

313 1999 660 2084 publica
714 2021 947 2079 cura,
1018 2022 1258 2088 qnam
1329 2007 1641 2066 matres
1710 2004 2099 2065 metuunt
2164 2003 2551 2068 iuvencis
2620 2007 2688 2069 et

313 2126 555 2173 senes
601 2108 836 2193 parci
882 2114 947 2172 et
992 2110 1380 2195 virgines
1425 2128 1683 2193 nuper
1727 2112 2069 2192 nuptae,
2110 2128 2235 2171 non
2280 2128 2358 2172 ex
2402 2110 2484 2172 iis
2529 2114 2685 2187 erat,

314 2232 472 2299 quas
514 2234 828 2299 umquam
873 2216 1036 2279 serio
1084 2216 1328 2279 amavit
1372 2213 1681 2279 Horatius
1698 2262 1715 2293 ,
1758 2215 1955 2279 etiam
1993 2215 2049 2278 si
2086 2212 2203 2277 illa
2239 2213 2501 2299 quidem
2535 2215 2689 2279 huic

312 2323 392 2383 ut
451 2318 594 2385 aliis
653 2318 924 2385 clitellas
982 2322 1309 2407 imponere
1353 2326 1578 2387 conata
1626 2322 1712 2385 sit
1756 2318 1932 2384 nullo
1979 2340 2101 2384 non
2146 2319 2553 2385 iureiurando
2598 2322 2689 2385 in-

314 2428 618 2511 terposito
635 2474 652 2505 ,
703 2428 887 2492 cuius
933 2432 1148 2493 tamen
1190 2428 1542 2495 vanitatem
1591 2424 1817 2493 callide
1861 2427 2203 2513 perspexit.

405 2638 505 2705 Ex
573 2643 826 2707 creticis
894 2643 1142 2708 tertii
1211 2640 1418 2705 libri
1486 2640 1567 2705 ad
1628 2642 1846 2726 ipsum
1892 2645 2149 2725 poetam
2196 2659 2321 2704 non
2366 2642 2689 2725 pertinent

313 2746 470 2813 odae
519 2747 578 2825 7,
611 2747 714 2825 12,
746 2745 848 2824 15,
875 2746 983 2825 20,
1046 2767 1161 2813 nec
1216 2750 1428 2835 magis
1483 2748 2050 2825 παρακλαυσίθυρον
2096 2744 2421 2833 eleganter
2463 2746 2687 2813 confic-

311 2858 458 2919 tum
503 2855 572 2917 in
615 2858 975 2919 matronam
1019 2852 1474 2919 inexorabilem
1513 2852 1718 2939 Lyces
1756 2854 2011 2918 nomine
2048 2851 2341 2918 inditam.
2382 2851 2684 2941 Tang-unt

309 2959 518 3044 ipsius
563 2979 810 3025 amores
857 2959 1011 3025 odae
1060 2958 1122 3037 9,
1152 2956 1256 3037 11,
1281 2958 1390 3037 26,
1418 2955 1526 3036 2¹7,
1554 2957 1663 3023 28.

405 3063 692 3131 Incertus
736 3065 960 3131 haereo
997 3068 1066 3130 in
1104 3064 1534 3152 pulcherrimo
1574 3068 1852 3130 carmine
1891 3088 1934 3129 n
1950 3086 1987 3130 o
2004 3086 2047 3129 n
2063 3085 2099 3129 o
2116 3112 2133 3142 ,
2170 3066 2352 3129 cuius
2390 3065 2687 3151 strophae

315 3169 579 3237 alternis
624 3173 872 3238 vicibus
917 3177 1203 3237 cantatae
1247 3171 1582 3257 finguntur
1630 3172 1707 3236 ab
1754 3170 2027 3237 Horatio
2075 3176 2140 3236 et
2185 3170 2414 3259 Lydia.

408 3274 573 3344 Cum
637 3280 917 3343 carmina
972 3279 1169 3343 huius
1228 3278 1381 3344 libri
1397 3326 1413 3355 ,
1462 3298 1536 3343 ea
1581 3297 1743 3364 quae
1791 3280 1933 3342 tuto
1984 3276 2231 3342 definiri
2278 3276 2504 3343 saltem
2550 3298 2689 3363 pos-

313 3389 467 3449 sunt
481 3432 498 3463 ,
569 3387 1011 3449 contineantur
1077 3387 1256 3450 annis
1321 3383 1412 3449 29
1475 3391 1538 3449 et
1600 3382 1709 3463 24,
1774 3384 1934 3448 ratio
1980 3381 2421 3470 chronologica
2466 3382 2689 3448 suadet

313 3496 393 3555 ut
466 3489 520 3554 L
536 3512 584 3578 y
598 3489 678 3555 di
695 3511 814 3555 am
883 3491 1170 3556 dicamus
1239 3508 1372 3557 esse
1442 3492 1861 3555 novissimam
1933 3491 2245 3555 amicam:
2339 3486 2699 3576 Myrtalen-

313 3595 858 3683 Phrynen-Lycen
874 3646 891 3675 ,
954 3617 1231 3683 quacum
1313 3602 1452 3662 orta
1513 3595 1843 3661 simultate
1904 3615 1982 3660 ex
2044 3601 2274 3662 mutua
2336 3594 2685 3673 calumnia,

314 3708 393 3768 ut
450 3702 558 3781 fit,
621 3724 772 3768 cum
831 3702 992 3769 alter
1050 3703 1235 3770 alteri
1294 3704 1703 3790 exprobraret
1763 3700 1931 3788 quod
1977 3700 2184 3766 alieno
2231 3704 2443 3789 magis
2489 3722 2684 3788 quam

315 3810 419 3873 sui
477 3808 724 3875 arderet
783 3830 996 3875 amore
1012 3858 1029 3889 ,
1091 3810 1236 3897 post
1292 3810 1480 3877 breve
1525 3807 1867 3875 discidium
1911 3807 2223 3873 Horatius
2266 3812 2549 3895 gratiam
2594 3829 2689 3874 re-

316 3914 649 3981 conciliare
697 3916 947 3982 studet:

589 4020 833 4103 Quid,
883 4024 952 4088 si
996 4026 1275 4109 prisca
1317 4021 1544 4088 redit
1591 4020 1867 4086 Venus

589 4129 1148 4216 diductosque
1191 4132 1394 4215 iugo
1442 4130 1673 4213 cogit
1719 4146 2009 4205 aeneo,

588 4238 660 4300 si
703 4234 931 4301 flava
976 4237 1417 4301 excutitur
1464 4231 1717 4302 Chloe

590 4345 1130 4427 reiectaeque
1177 4347 1412 4428 patet
1456 4343 1711 4405 ianua
1754 4336 2110 4428 Lydiae?

320 4451 428 4515 cui
470 4448 639 4515 laeta
684 4470 756 4515 ac
801 4447 1058 4527 lubens,
1107 4447 1175 4513 id
1220 4447 1390 4535 quod
1433 4448 1909 4537 praesagiverat
1954 4450 2141 4537 poeta
2159 4493 2175 4525 ,
2224 4446 2593 4532 respondet:
