3192 5009
1109 217 1194 263 nn
1237 217 1389 262 man
1432 214 1716 262 Romo.
2477 190 2604 256 121

1344 449 1491 514 ΧΠ.

1056 652 1204 710 oum
1251 651 1348 700 srr
1394 652 1779 698 nnmr'rnnn.

332 812 525 880 Variis
564 816 765 882 modis
800 817 1147 883 resolvitur
1186 821 1395 903 operis
1436 820 1589 882 novi
1629 819 1969 882 nuntiatio.
2017 816 2286 882 Decreto
2317 815 2606 893 solvitur,

256 921 347 984 ubi
407 921 661 989 Praetor
722 928 1195 990 nuntiationem
1256 927 1523 990 missam
1584 925 1772 1002 facit;
1839 924 2247 990 satisdatione
2310 921 2608 999 solvitur,

256 1029 381 1112 quia
442 1030 767 1096 satisdatio
840 1031 916 1097 de
986 1051 1171 1117 opere
1236 1032 1633 1098 restituendo
1697 1033 2126 1097 nuntiationis
2187 1032 2421 1095 missae
2469 1030 2609 1094 vice

254 1141 363 1210 οδω
426 1141 707 1223 tempore
772 1137 1045 1204 solvitur
1106 1143 1316 1219 ann(o)
1379 1138 1635 1220 elopem)
1702 1161 1774 1201 ex
1835 1159 1946 1222 quo
2005 1136 2386 1201 denuntiatio
2429 1135 2612 1198 miesa

254 1243 309 1320 (i.
330 1262 379 1305 e.
424 1245 675 1322 emissa)
742 1250 830 1307 eet
888 1251 969 1324 (c.
1025 1243 1108 1308 14
1154 1267 1249 1330 pr.
1302 1241 1373 1312 O.
1426 1243 1668 1324 8.10);
1735 1250 1944 1310 morte
2005 1245 2413 1329 extinguitur
2473 1244 2610 1307 eius

256 1349 347 1433 qui
382 1351 773 1414 nuntiaverit
816 1349 887 1430 (1.
927 1349 971 1414 8
1020 1349 1123 1436 §6
1170 1349 1251 1416 D.
1297 1349 1405 1415 39.
1438 1351 1533 1428 1);
1574 1353 1739 1415 item
1775 1349 2152 1416 alienatione
2191 1351 2330 1413 eius
2366 1347 2612 1434 praedii

254 1457 407 1520 euius
450 1457 709 1520 nomine
754 1454 1049 1521 dominus
1095 1459 1493 1522 nuntiaverit
1531 1455 1780 1537 (ibid.);
1824 1461 2009 1541 pacto
2053 1455 2346 1533 solvitur,
2385 1453 2442 1517 si
2466 1461 2612 1537 post

254 1561 419 1642 operis
482 1561 619 1624 novi
690 1561 1125 1626 nuntiationem
1189 1562 1504 1626 conveniat
1564 1562 1677 1626 tibi
1743 1585 1872 1626 cum
1935 1561 2286 1626 adversario
2349 1568 2415 1624 ut
2462 1583 2612 1642 opue

242 1667 477 1750 suffiae)
524 1666 591 1746 (1.
640 1666 675 1730 1
728 1666 895 1751 §10¹
919 1666 997 1731 D.
1040 1666 1147 1732 39.
1182 1669 1255 1745 1;
1298 1667 1341 1732 1.
1374 1665 1412 1734 ’7
1452 1668 1602 1754 §14
1641 1668 1720 1733 D.
1749 1668 1811 1733 2.
1845 1668 1988 1747 14);
2032 1667 2272 1732 iudicio
2314 1665 2610 1744 solvitur,

254 1774 295 1834 si
344 1793 413 1838 ex
469 1771 809 1838 interdicto
862 1795 951 1837 ne
995 1773 1115 1836 vis
1143 1774 1337 1859 fiat
1383 1773 1911 1859 aedificanti
1957 1772 2152 1838 iudex
2199 1772 2387 1837 datus
2432 1769 2612 1837 nullo

254 1880 365 1942 iure
396 1879 627 1944 factam
666 1882 1137 1945 nuntiationem
1178 1883 1710 1967 pronuntiaverit.
1759 1879 1974 1945 Donec
2015 1880 2252 1944 horum
2290 1877 2444 1963 quid
2478 1877 2610 1954 fiat,

258 1986 575 2050 nuntiaturi
634 1989 1010 2072 proponitur
1061 1986 1479 2052 interdictum
1526 1989 2002 2052 restitutorium
2021 2034 2038 2063 ,
2087 1988 2270 2051 cuius
2315 1985 2422 2049 hie
2468 1983 2614 2048 finis

254 2097 355 2165 est,
414 2097 487 2156 ut
552 2113 699 2158 reus
757 2099 1032 2180 cogatur
1091 2096 1306 2160 omnia
1367 2093 1691 2160 destruere
1740 2113 1900 2180 quae
1946 2097 2092 2179 post
2137 2092 2612 2156 nuntiationem

254 2195 657 2263 aedificaverit.
707 2198 924 2263 Huius
970 2199 1294 2265 interdicti
1341 2201 1549 2265 forma
1596 2200 1751 2266 haec
1795 2205 1892 2264 est
1930 2199 1999 2277 (1.
2029 2197 2119 2263 20
2141 2218 2236 2283 pr.
2261 2196 2341 2261 D.
2371 2195 2477 2261 39.
2511 2195 2608 2276 l):

512 2327 765 2389 „quem
826 2305 911 2368 in
972 2305 1215 2370 locum
1274 2307 1732 2370 nuntiatum
1779 2312 1924 2383 est,
1971 2327 2060 2368 nc
2105 2304 2299 2390 quid
2343 2301 2618 2386 operio

485 2411 671 2474 novi
716 2412 1023 2497 fieret,
1084 2435 1231 2497 qua
1277 2415 1367 2478 de
1410 2435 1492 2476 re
1536 2413 1850 2493 abitur,
1902 2412 2103 2497 quod
2139 2409 2224 2474 in
2270 2431 2351 2473 eo
2398 2409 2608 2487 loco,

482 2525 908 2603 antequam
987 2519 1409 2582 nuntiatio
1476 2518 1720 2582 missa
1772 2517 2098 2603 fieret,
2169 2522 2307 2579 aut
2375 2515 2458 2579 in
2525 2537 2612 2578 ea

480 2645 723 2686 causa
769 2631 1009 2701 esset,
1058 2632 1143 2688 ut
1189 2625 1509 2688 remitti
1557 2625 1882 2689 deberet
1927 2623 2122 2703 (intra
2159 2627 2408 2701 annm)
2432 2623 2613 2707 fae-

485 2735 641 2792 tum
685 2736 836 2806 est,
883 2729 971 2793 id
1018 2730 1443 2795 restituae.

322 2831 475 2900 Huic
533 2835 779 2901 formae
842 2843 1106 2922 apparet
1166 2843 1475 2922 perpetuo
1524 2839 1728 2902 inesse
1777 2836 1914 2900 sive
1963 2836 2156 2899 tacite
2207 2836 2419 2920 magis
2471 2835 2606 2898 sive

261 2943 527 3022 expressis
576 2941 787 3007 verbis
836 2963 943 3007 eas
988 2945 1393 3030 exceptiones
1442 2963 1605 3028 quae
1650 2946 2000 3006 naseuntur
2039 2939 2290 3005 decreto
2316 2938 2390 3019 1),
2433 2942 2614 3005 satis-

261 3041 467 3110 datione
484 3095 500 3124 ,
547 3046 932 3113 alienatione
948 3097 964 3125 ‚
1016 3055 1302 3136 tempore
1321 3098 1338 3127 ‚
1390 3055 1617 3114 morte.
1671 3047 1743 3113 Si
1783 3053 2044 3133 pactum
2065 3046 2312 3112 factum
2334 3048 2454 3124 sit,
2480 3068 2612 3109 con—

263 3151 511 3216 ventionis
572 3154 838 3236 exceptio
900 3153 1105 3220 danda
1168 3160 1266 3221 est
1313 3155 1381 3234 (1.
1440 3155 1473 3220 1
1526 3154 1676 3241 §10
1722 3152 1803 3219 D.
1855 3152 1962 3219 39.
1994 3152 2092 3232 l);
2143 3156 2200 3218 si
2244 3151 2424 3218 nullo
2470 3156 2610 3218 iure

260 3261 589 3324 nuntiatum
649 3259 844 3324 iudex
907 3263 1419 3346 pronuntiaverit
1436 3310 1453 3339 ,
1514 3263 1608 3326 rei
1655 3261 1974 3326 iudicatae
2022 3261 2390 3346 exceptione
2438 3264 2613 3325 actor

264 3366 750 3431 summovebitur.

330 3468 485 3538 Haec
545 3493 701 3537 vero
760 3479 1137 3559 oppugnant
1199 3473 1404 3538 Baron
1422 3523 1439 3552 ‚
1500 3474 1804 3540 Karlowa
1819 3521 1836 3551 ,
1900 3472 2306 3552 Burekhard;
2373 3479 2610 3560 negant

264 3577 399 3640 enim
438 3580 811 3644 remissione
856 3582 1333 3646 nuntiationem
1380 3601 1493 3667 per
1536 3582 1754 3645 omnia
1799 3577 2065 3658 resolvi;
2130 3588 2476 3666 provocant
2529 3581 2610 3646 ad

262 3681 370 3766 ipsa
408 3683 723 3750 Praetoris
766 3686 993 3763 verba,
1046 3707 1206 3772 quae
1254 3691 1508 3752 exstant
1553 3686 1597 3751 l.
1653 3686 1686 3751 1
1738 3708 1833 3771 pr.
1883 3685 1962 3750 D.
2015 3684 2121 3750 43.
2149 3685 2272 3751 25:

494 3793 743 3877 „quod
799 3791 926 3854 ine
982 3792 1095 3856 eit
1150 3793 1301 3856 illi
1351 3793 1788 3876 prohibere
1835 3815 1924 3856 ne
1965 3814 2043 3856 ee
2087 3793 2351 3855 invito
2382 3792 2605 3878 fiat,

490 3897 575 3960 in
637 3918 715 3960 eo
776 3897 1205 3962 nuntiatio
1270 3906 1565 3986 teneat:
1613 3905 1960 3962 ceterum
2009 3897 2608 3962 nuntiationem

490 4003 799 4066 missam
828 4004 1139 4089 faei0.’'

318 4257 361 4320 1)
394 4262 453 4312 At
491 4263 531 4313 ei
562 4263 819 4330 municipii
852 4264 1081 4316 duumvir
1114 4264 1354 4316 remiserit
1389 4265 1485 4314 elin
1518 4265 1793 4331 exceptione
1827 4280 1946 4331 opus
1978 4269 2078 4326 nt,
2111 4282 2258 4332 qum
2289 4268 2500 4318 servavit
2531 4267 2608 4318 lex

272 4337 475 4396 Rubriae.
506 4346 587 4399 1⁹.
