3192 5009
1332 338 1553 391 Puro.
2507 316 2632 389 157

354 509 594 576 Deinde
663 532 829 575 nunc
906 510 1170 575 demum
1256 514 1503 574 constat
1587 528 1780 593 quam
1864 512 2117 573 mature
2188 506 2637 572 commaculari

264 625 521 703 coeptus
566 619 650 682 sit
694 616 983 681 Platonis
1030 621 1245 681 textus
1291 620 1459 680 certo
1500 614 1776 700 quodam
1813 616 2122 679 vitiorum
2159 634 2388 699 genere
2407 662 2424 691 ,
2466 613 2635 699 quod

264 746 445 810 saepe
519 724 698 789 nobis
759 723 1105 813 :observare
1166 724 1292 787 visi
1354 742 1578 786 sumus
1599 770 1615 799 ‚
1679 721 1942 806 posthac
2007 742 2158 786 vero
2219 720 2634 785 confidentius

261 832 645 896 notabimus.
708 828 1079 896 Incredibile
1125 831 1295 894 enim
1343 828 1517 893 dictu
1565 834 1663 893 est
1710 848 1903 913 quam
1950 826 2177 892 multis
2223 826 2378 892 locis
2424 825 2638 892 Plato·
2697 888 2701 891 .

260 939 389 1002 nici
456 938 763 1002 sermonis
832 935 1001 1002 color
1068 937 1555 1022 importunitate
1616 933 1932 999 lectorum
1991 933 2488 999 semidoctorum
2549 936 2635 998 sit

263 1043 631 1109 obscuratus
651 1092 666 1120 ,
729 1063 923 1129 quam
982 1041 1191 1107 multa
1252 1044 1562 1107 sermonis
1629 1046 1996 1105 ornamenta
2016 1089 2031 1117 ,
2096 1042 2548 1105 venustissime
2598 1060 2635 1104 a

258 1149 525 1215 Platone
581 1152 841 1215 inventa
901 1148 1001 1213 illi
1060 1147 1630 1235 pessumdederint.
1701 1146 2002 1233 Longum
2049 1151 2145 1211 est
2190 1166 2392 1232 neque
2437 1146 2632 1210 huius

260 1259 626 1343 argumenti
686 1277 879 1342 quam
938 1254 1065 1321 late
1110 1254 1227 1320 illa
1270 1254 1443 1320 labes
1489 1260 1776 1340 grassata
1823 1256 1908 1318 sit
1953 1258 2242 1317 accurate
2290 1270 2630 1338 exponere:

260 1365 489 1429 omitto
549 1384 701 1450 ergo
760 1362 931 1429 locos
950 1412 966 1441 ,
1032 1362 1145 1427 ubi
1204 1367 1309 1426 τοῦ
1358 1360 1809 1437 ἀπροσδοκήτου
1856 1359 2063 1447 figura
2109 1359 2324 1424 addita
2369 1358 2635 1445 explica-

256 1471 429 1535 tione
473 1468 723 1534 sublata
768 1472 852 1533 sit
869 1518 886 1547 ,
934 1468 1099 1533 nihil
1144 1468 1283 1533 dico
1332 1467 1407 1533 de
1453 1466 1586 1533 illis
1605 1516 1620 1545 ,
1663 1468 1776 1532 ubi
1811 1466 2117 1553 longioris
2160 1466 2636 1532 demonstratio-

257 1577 357 1639 nis
402 1581 582 1641 tenor
624 1578 878 1640 insertis
925 1573 1251 1640 vocabulis
1270 1624 1285 1652 ,
1336 1594 1496 1659 quae
1544 1594 1620 1639 ex
1667 1572 1792 1639 alia
1830 1579 2007 1659 parte
2047 1572 2286 1660 dialogi
2325 1572 2631 1638 translata

258 1684 419 1759 sint,
475 1685 1010 1767 interrumpatur3
1062 1702 1217 1767 quos
1266 1684 1320 1745 si
1368 1680 1583 1746 afferre
1630 1679 1868 1745 vellem
1913 1682 2102 1765 spatii
2149 1680 2314 1743 mihi
2360 1680 2634 1745 concessi

256 1791 562 1853 terminos
605 1788 797 1875 longe
846 1788 1230 1853 excederem.
1282 1786 1405 1852 Sed
1442 1788 1567 1852 duo
1607 1786 1898 1873 exempla
1938 1808 2284 1873 proponam
2323 1787 2634 1852 eiusmodi

256 1901 330 1960 ut
390 1894 587 1961 lector
632 1894 828 1962 semel
877 1897 1096 1979 paucis
1146 1894 1357 1959 verbis
1406 1894 1771 1959 admonitus
1820 1898 2023 1958 totam
2073 1914 2209 1959 rem
2256 1892 2440 1959 velut
2485 1899 2630 1959 ante

257 2000 471 2066 oculos
517 2004 791 2088 positam
839 2001 1087 2066 habeat.

346 2106 764 2193 Apollodorus
833 2106 1221 2171 Aristodemi
1288 2106 1365 2171 de
1427 2108 1784 2193 Agathonis
1849 2108 2144 2172 convivio
2205 2108 2630 2171 narrationem

259 2217 350 2279 sic
402 2214 632 2280 referre
670 2218 903 2304 ¹incipit
949 2211 1175 2293 (Conv.
1222 2236 1284 2299 p.
1340 2211 1467 2280 174
1492 2214 1612 2295 A):

347 2320 467 2399 ἔφη
530 2321 657 2401 γάρ
711 2322 759 2385 οἱ
812 2320 1105 2399 Σωκράτη
1157 2320 1435 2399 ἐντυχεῖν
1484 2320 1848 2395 λελουμένον
1895 2343 1964 2383 τε
2014 2319 2118 2383 καὶ
2168 2317 2286 2391 τὰς
2333 2319 2628 2396 βλαύτας

256 2426 707 2505 ὑποδεδεμένον,
758 2427 860 2491 καὶ
911 2426 1142 2507 ἐρέσθαι
1193 2427 1377 2490 αὐτὸν
1428 2422 1557 2491 ὅποι
1607 2425 1678 2490 ἵοι
1729 2422 1880 2490 οὕτω
1921 2423 2109 2496 καλὸς
2150 2426 2582 2504 γεγενημένος.

344 2534 769 2621 Agnoscimus
807 2533 1098 2619 lepidum
1136 2535 1328 2598 amici
1372 2534 1625 2610 iocum,
1675 2535 1785 2619 qui
1833 2534 1933 2595 τὸν
1984 2531 2358 2604 ἀνυπόδητόν
2405 2556 2474 2597 τε
2523 2532 2627 2596 καὶ

251 2636 509 2704 ἄλουτον
582 2639 877 2721 Σωκράτη
948 2638 1277 2704 lenissimo
1344 2642 1733 2725 perstringat
1797 2641 1930 2703 risu
1947 2659 1964 2717 3
2031 2638 2416 2724 simulatque
2477 2659 2628 2703 eum

252 2747 433 2813 videt
474 2746 684 2812 lotum
730 2751 794 2812 et
839 2745 1189 2811 calceatum
1208 2794 1225 2823 ‚
1272 2766 1397 2809 non
1416 2793 1432 2821 ,
1480 2744 1690 2810 hercle
1709 2794 1724 2821 ‚
1767 2744 2047 2831 eleganti
2089 2744 2364 2830 quodam
2405 2743 2635 2810 calcea-

251 2860 470 2919 mento
486 2903 503 2932 ,
568 2854 677 2919 sed
736 2856 941 2918 unicis
988 2874 1143 2937 quas
1187 2852 1297 2917 ille
1343 2852 1603 2917 haberet
1649 2852 1836 2918 soleis
1855 2900 1871 2929 ‚
1919 2850 2186 2915 rudibus
2203 2900 2218 2927 ‚
2269 2857 2344 2915 ut
2391 2854 2629 2937 opinor,

250 2959 615 3045 vilibusque
634 3009 649 3037 ,
714 2982 865 3025 eum
910 2964 1131 3045 rogat:
1185 2980 1351 3044 „quo
1400 2965 1472 3022 tu
1519 2964 1654 3022 tam
1703 2957 1962 3043 pulchre
2011 2956 2334 3023 ornatus’'.
2401 2956 2630 3023 Omnia

250 3068 359 3133 hic
404 3070 663 3154 egregia
707 3069 892 3144 sunt,
939 3065 1139 3130 faceta
1160 3115 1176 3142 ,
1226 3065 1497 3141 urbana,
1546 3064 1657 3129 sed
1704 3070 1839 3129 tota
1886 3064 2013 3128 fere
2059 3062 2186 3129 loci
2222 3068 2524 3129 venustas
2562 3067 2630 3128 in

252 3194 381 3239 uno
442 3176 609 3238 inest
668 3171 935 3237 articulo
984 3170 1099 3243 τάς
1124 3220 1139 3249 ,
1190 3174 1373 3236 cuius
1417 3172 1571 3235 haec
1621 3173 1720 3237 vis
1767 3176 1861 3236 est
1913 3173 2124 3247 „nosti
2142 3219 2158 3247 ,
2206 3170 2585 3255 Apollodoro
2611 3219 2628 3248 ‚

250 3278 453 3345 soleas
513 3278 656 3343 illas
718 3276 997 3343 Socratis
1017 3327 1033 3355 ,
1097 3277 1173 3341 de
1238 3278 1469 3363 quibus
1527 3298 1690 3363 pone
1751 3280 2014 3341 ianuam
2076 3277 2392 3341 stantibus
2441 3280 2628 3343 toties

247 3387 441 3451 iocati
487 3383 775 3449 sumus'’.
824 3384 1009 3450 Nunc
1057 3406 1208 3449 vero
1256 3387 1323 3449 in
1369 3390 1553 3449 textu
1599 3383 1886 3449 Platonis
1929 3382 2174 3469 lepores
2220 3382 2363 3449 illos
2410 3386 2522 3448 vix
2568 3390 2632 3449 et

248 3511 332 3557 ne
378 3493 489 3557 vix
538 3490 796 3576 quidem
842 3492 1189 3569 sentimus;
1243 3490 1533 3556 additum
1580 3493 1752 3555 enim
1797 3495 1892 3555 est
1939 3489 2008 3553 id
2048 3510 2172 3575 quo
2219 3489 2404 3575 plane
2450 3491 2638 3557 offus-

248 3601 509 3663 centur:
563 3588 608 3661 a
656 3598 871 3668 ἐκεῖνος
920 3596 1203 3673 ὀλιγάκις
1247 3598 1451 3661 ἐποίει.
1498 3596 1597 3661 En
1636 3600 1907 3682 quatuor
1943 3595 2254 3661 vocabula
2291 3598 2361 3661 in
2398 3598 2632 3683 quibus

248 3701 527 3790 singulis
573 3702 843 3768 stridula
889 3703 1187 3771 audiatur
1230 3723 1355 3768 vox
1400 3702 1770 3790 magistelli.

345 3806 500 3877 Crit.
548 3834 612 3897 p.
662 3808 747 3875 43
774 3810 850 3873 A.
900 3809 1178 3875 Miratur
1222 3808 1505 3875 Socrates
1552 3808 1720 3895 quod
1763 3812 1900 3874 tam
1939 3829 2125 3874 mane
2164 3829 2201 3874 a
2241 3810 2502 3875 custode
2543 3812 2630 3876 sit

245 3918 659 3981 intromissus
720 3912 897 3982 Crito
915 3937 931 3993 3
1002 3916 1335 4001 respondet
1376 3917 1482 3981 hic
1500 3936 1517 3994 3
1566 3913 1815 3990 ξυνήθης
1867 3915 1974 3992 ἤδη
2025 3916 2129 3991 μοί
2177 3916 2359 3994 ἐστιν,
2411 3912 2454 3980 ὦ
2505 3918 2632 3983 Σώ-

250 4046 511 4100 κρατες,
580 4023 689 4086 καί
749 4045 807 4084 τι
873 4021 976 4085 καὶ
1044 4022 1443 4103 εὖεργέτητωι
1495 4021 1597 4086 ὑπ’
1650 4023 1818 4098 ἐμοῦ.
1870 4021 2077 4102 Quam
2123 4021 2336 4087 multa
2385 4024 2456 4087 in
2499 4043 2627 4088 uno

248 4127 556 4194 vocabulo
620 4126 869 4205 ξυνήθης
935 4130 1154 4193 insunt
1171 4177 1188 4206 ‚
1253 4134 1556 4214 quantam
1621 4128 1810 4194 habet
1853 4130 2263 4195 acerbitatem
2308 4150 2458 4194 cum
2500 4129 2632 4195 leni

248 4237 387 4300 risu
430 4237 725 4300 mixtam.
774 4233 1135 4301 'I'ritissima
1179 4256 1279 4300 res
1316 4241 1411 4301 est
1450 4238 1732 4301 amicum
1771 4238 1840 4300 in
1878 4234 2154 4301 vinculis
2192 4242 2431 4301 certam
2466 4258 2632 4302 mor·-

250 4348 387 4407 tem
450 4346 919 4427 exspectantem
980 4345 1221 4421 visere;
1288 4342 1397 4408 sed
1445 4347 1579 4407 tam
1631 4363 1812 4429 saepe
1858 4346 1991 4407 iam
2037 4362 2109 4407 eo
2155 4342 2448 4407 functum
2495 4362 2630 4409 esse

252 4447 455 4514 officio
496 4454 569 4513 ut
606 4451 743 4533 ipse
779 4450 1029 4527 ianitor,
1074 4451 1254 4515 cuius
1292 4455 1550 4515 torvum
1590 4449 1850 4516 vultum
1889 4450 2042 4515 adeo
2066 4457 2350 4515 metuere
2376 4448 2627 4531 soleres,
