3192 5009
586 214 718 279 266
844 224 855 235 '
1382 234 1467 280 1111
1511 234 1663 281 rum:
1713 234 2164 281 onuumunm.

582 402 795 484 potuit
851 402 1002 483 quia
1058 419 1097 463 a
1142 398 1371 463 multis
1413 422 1533 463 non
1577 402 1927 464 servabatur
1962 399 2067 465 lex
2117 398 2341 467 Clodia
2387 399 2562 480 (vel,
2615 400 2962 465 secundum

582 507 799 569 virum
844 504 905 569 d.
956 504 1173 591 Lange
1192 554 1207 582 ,
1259 526 1406 590 pars
1452 504 1618 592 16316
1666 505 1886 572 Α61166
1926 506 2145 571 Fufiae
2185 527 2347 591 quae
2385 510 2672 585 mansit).
2717 505 2962 583 Dicam,

582 632 696 675 6111
740 611 858 675 1166
903 632 1282 696 responsum
1330 612 1503 676 haud
1550 612 1835 677 sufficere
1881 612 2047 676 mihi
2098 612 2411 677 videatur.

673 715 836 781 Sane
896 737 1126 782 verum
1187 724 1284 781 est
1302 765 1317 794 ,
1382 722 1529 803 post
1590 738 1646 781 6.
1698 717 1784 782 58
1847 718 2043 783 fuisse
2107 720 2220 803 qui
2281 718 2732 783 contenderent
2794 716 2965 804 leges

582 821 836 890 Clodiae
878 826 1021 888 11116
1065 828 1321 909 rogatas
1365 845 1490 888 non
1530 844 1686 889 esse.
1738 822 1863 889 Sed
1901 844 1976 889 ea
2015 827 2328 889 sententia
2367 846 2562 909 quam
2601 824 2678 888 de
2713 824 2964 909 legibus

582 927 823 995 Clodiis
886 934 1229 994 tenuerunt
1290 928 1581 993 nonnulli
1601 978 1616 1006 ,
1683 951 1934 1015 semper
1995 934 2202 995 caruit
2248 929 2504 1015 publica
2549 933 2930 995 auctoritate
2948 978 2964 1005 ,

579 1035 755 1122 leges
811 1032 1070 1100 Clodiae
1116 1055 1474 1120 numquam
1520 1034 1810 1101 sublatae
1857 1043 2007 1100 sunt
2036 1034 2122 1115 1);
2158 1036 2240 1100 ‘id
2257 1084 2274 1114 ,
2326 1043 2643 1121 quantum
2689 1037 2964 1122 pertinet

581 1141 660 1205 ad
698 1142 859 1205 hanc
907 1139 1120 1227 1636111
1170 1140 1245 1205 (16
1294 1161 1420 1225 (1116
1464 1144 1722 1227 agimus
1742 1190 1759 1219 ,
1809 1145 2008 1207 etiam
2055 1142 2422 1207 conceditur
2467 1142 2546 1207 ab
2593 1142 2966 1207 adversariis

580 1250 809 1311 nostris
856 1245 1011 1327 (vid.
1054 1267 1202 1332 pag.
1246 1245 1375 1310 261
1426 1247 1568 1311 adn.
1613 1246 1701 1328 3).
1759 1246 2098 1312 Videamus
2144 1251 2352 1333 igitur
2399 1248 2554 1333 quid
2601 1252 2964 1313 consecutu-

580 1373 730 1416 rum
778 1355 895 1429 sit,
946 1355 1002 1416 si
1050 1351 1381 1417 dubitetur
1428 1351 1505 1416 de
1550 1354 1692 1417 11116
1733 1352 2006 1418 6116111116
2045 1352 2210 1440 16316
2250 1374 2412 1439 (11166
2449 1353 2679 1419 multis
2718 1354 2964 1419 civibus

582 1457 931 1544 displiceat.
980 1459 1121 1523 Hoc
1167 1465 1335 1523 certe
1384 1467 1876 1525 consecuturum
1923 1466 2021 1525 est
2039 1510 2055 1537 ‚
2106 1463 2351 1546 opinor,
2399 1468 2476 1525 ut
2517 1463 2578 1525 61
2617 1464 2829 1537 cives,
2867 1459 2964 1543 qui

582 1566 831 1647 cupiant
890 1588 1017 1628 eam
1080 1565 1261 1645 leqem
1320 1565 1553 1627 nullam
1619 1588 1741 1630 esse
1762 1615 1777 1643 ,
1843 1570 1910 1631 in
1975 1568 2092 1631 hac
2139 1566 2284 1653 1636
2333 1569 2714 1653 praesertim
2761 1566 2967 1631 crebro

580 1676 892 1755 usurpent
936 1669 1120 1734 illam
1164 1675 1549 1756 potestatem
1594 1692 1721 1735 non
1767 1671 2224 1737 servandarum
2268 1671 2494 1758 legum
2542 1672 2620 1735 ad
2669 1693 2738 1736 se
2786 1672 2968 1758 perti-

582 1780 877 1842 nentium
897 1824 912 1853 ,
975 1796 1169 1861 quam
1214 1777 1489 1843 habeant
1535 1797 1756 1841 omnes
1806 1780 1976 1843 cives
2027 1784 2340 1863 quatenus
2386 1783 2618 1862 putent
2657 1799 2726 1843 se
2769 1780 2968 1861 impu-

588 1904 699 1947 nes
761 1883 894 1946 fore
958 1903 1107 1946 cum
1153 1881 1369 1968 legem
1415 1881 1700 1968 aliquam
1747 1904 1869 1948 non
1917 1886 2332 1948 servaverint.
2397 1883 2665 1949 Utilitas
2715 1883 2964 1969 quidem

590 2008 787 2074 parva
857 1994 954 2053 est
1024 2008 1220 2073 quam
1283 1989 1351 2052 hi
1412 1991 1583 2053 cives
1644 1992 1714 2052 in
1776 2010 1848 2053 ea
1893 1989 2038 2076 1636
2085 2010 2212 2054 11611
2255 1989 2564 2054 servanda
2609 1989 2960 2075 percepturi

588 2098 717 2159 sint
780 2114 857 2157 ex
922 2094 1429 2159 dubitationibus
1489 2113 1650 2179 quae
1712 2093 1789 2159 de
1845 2098 1982 2159 eius
2045 2098 2183 2160 iure
2233 2095 2526 2160 feruntur
2544 2116 2558 2172 ;
2609 2093 2960 2181 periculum

589 2199 756 2285 quod
806 2202 1167 2285 suscipiunt
1210 2219 1469 2283 prorsus
1514 2199 1690 2264 idem
1740 2205 1836 2265 est
1882 2220 1953 2264 ac
1991 2203 2047 2264 si
2091 2221 2449 2285 numquam
2497 2200 2574 2265 de
2619 2202 2764 2265 iure
2809 2198 2961 2285 16316

585 2307 951 2373 dubitatum
1009 2310 1208 2381 esset3
1276 2307 1330 2368 si
1387 2310 1764 2369 accusantur
1808 2304 1977 2389 quod
2023 2304 2240 2391 legem
2285 2306 2686 2393 neglexerint
2706 2355 2722 2383 ,
2773 2303 2960 2369 nihilo

577 2416 797 2477 minus
844 2411 1099 2475 obnoxii
1138 2416 1325 2474 erunt
1365 2410 1881 2475 condemnationi
1921 2432 1992 2476 66
2029 2431 2264 2496 poenae
2282 2433 2298 2490 3
2345 2411 2455 2476 sed
2495 2417 2714 2475 tamen
2737 2428 2962 2496 magna

578 2524 675 2583 est
738 2520 839 2581 ²vis
906 2516 1222 2580 eiusmodi
1271 2516 1752 2581 dubitationum
1770 2564 1785 2593 ,
1837 2520 1988 2602 quia
2033 2517 2274 2582 tollunt
2318 2538 2396 2582 ex
2444 2519 2679 2581 animis
2728 2518 2960 2581 civium

577 2643 837 2688 sensum
912 2622 1269 2686 sanctitatis
1340 2622 1534 2686 huius
1595 2622 1761 2707 legis
1780 2671 1797 2700 ,
1865 2625 1975 2707 qui
2040 2644 2263 2687 sensus
2325 2625 2536 2709 magis
2597 2622 2729 2687 fere
2778 2641 2959 2707 quam

576 2735 792 2794 metus
851 2747 1088 2813 poenae
1160 2726 1467 2791 adducere
1533 2727 1696 2792 solet
1757 2730 1927 2792 cives
1991 2734 2065 2791 ut
2123 2726 2302 2814 leges
2365 2727 2790 2792 observandas
2837 2744 2958 2791 esse

576 2839 837 2920 putent;
891 2852 1079 2897 nemo
1120 2853 1272 2896 cum
1310 2833 1469 2896 116116
1508 2831 1725 2919 1636111
1763 2831 2105 2919 neglegat,
2147 2831 2539 2898 maleficium
2565 2835 2957 2897 committere

577 2941 697 3005 sibi
758 2939 1102 3005 videbitur.
1166 2936 1389 3022 Itaque
1409 2987 1425 3015 ,
1474 2942 1551 3002 ut
1596 2938 1764 3015 dixi,
1819 2959 2039 3003 omnes
2088 2942 2200 3023 qui
2248 2940 2327 3004 ob
2375 2938 2662 3024 aliquam
2713 2958 2956 3004 causam

577 3048 837 3131 cupiant
884 3046 1046 3109 hanc
1091 3043 1310 3130 legem
1358 3064 1482 3108 non
1530 3042 1742 3108 valere
1790 3046 1856 3107 in
1902 3042 2118 3129 aliqua
2165 3065 2232 3109 re
2282 3064 2443 3130 quae
2491 3044 2575 3108 ad
2623 3066 2731 3110 666
2779 3044 2954 3130 perti-

576 3160 725 3219 neat
744 3202 759 3230 ,
834 3152 1020 3217 avide
1091 3154 1396 3236 arripient
1464 3156 1529 3215 et
1596 3170 1746 3235 prae
1811 3171 1877 3215 66
1939 3152 2145 3215 ferent
2205 3150 2320 3214 has
2382 3150 2811 3216 dubitationes
2829 3198 2845 3228 ,
2891 3152 2958 3211 ut

577 3238 765 3343 culpa
838 3278 902 3321 se
968 3255 1187 3322 levent
1256 3277 1407 3321 cum
1474 3258 1604 3340 ipsi
1663 3254 2011 3342 neglegant
2072 3253 2288 3341 1636111
2308 3304 2323 3333 ,
2388 3259 2689 3341 quamvis
2736 3274 2958 3342 poenae

577 3361 940 3451 periculum
986 3384 1111 3427 non
1160 3365 1408 3447 possint
1452 3362 1567 3426 hac
1616 3364 1866 3426 ratione
1902 3382 1939 3425 a
1977 3382 2043 3426 se
2083 3382 2434 3427 removere.
2483 3361 2612 3427 Sed
2652 3368 2958 3448 praeterea

576 3469 741 3534 nihil
784 3468 1003 3534 valent
1040 3469 1160 3555 hae
1200 3468 1650 3532 dubitationes.
1701 3466 2004 3551 Inprimis
2053 3472 2334 3546 constat,
2387 3488 2495 3533 eos
2541 3472 2658 3553 qui
2713 3470 2959 3553 cupiant

576 3574 794 3661 legem
821 3590 827 3596 ·
855 3572 1041 3637 illam
1105 3572 1315 3638 valere
1376 3576 1445 3637 in
1490 3594 1558 3638 re
1607 3572 1884 3658 quadam
1930 3573 2012 3637 ad
2059 3594 2124 3637 se
2170 3575 2526 3658 pertinente
2545 3623 2562 3651 ‚
2614 3596 2743 3640 non
2786 3589 2956 3658 posse

576 3680 679 3745 his
744 3679 1253 3745 dubitationibus
1303 3681 1541 3743 invitos
1602 3681 1748 3764 cogi
1808 3683 1885 3742 ut
1929 3699 2074 3742 eam
2127 3678 2416 3743 deserant
2435 3728 2450 3756 ,
2502 3680 2810 3765 quamdiu
2855 3698 2958 3762 pu-

576 3786 744 3850 blica
790 3787 1168 3849 auctoritate
1216 3783 1444 3849 valeat.
1496 3784 1720 3869 Itaque
1767 3786 1821 3848 si
1869 3806 2098 3849 verum
2145 3790 2343 3862 esset,
2392 3789 2539 3871 post
2593 3807 2650 3851 a.
2705 3784 2786 3851 58
2824 3784 2955 3867 lege

578 3890 905 3956 sublatum
951 3890 1147 3955 fuisse
1194 3893 1296 3955 ius
1336 3890 1411 3953 de
1458 3890 1632 3955 caelo
1682 3890 1978 3955 servandi
2025 3911 2175 3955 cum
2223 3894 2646 3977 magistratus
2695 3910 2954 3957 crearen-

580 4004 708 4073 tur,
770 3999 908 4063 fieri
964 3996 1227 4081 quidem
1272 3998 1588 4081 potuisset
1636 4003 1710 4060 ut
1754 3997 1877 4061 hoc
1923 3999 2026 4061 ius
2078 3996 2154 4062 de
2198 3996 2369 4062 caelo
2419 3998 2716 4062 servandi
2763 3995 2953 4061 defen-

654 4252 705 4313 1)
748 4251 853 4302 Cfr.
889 4252 988 4302 Cic.
1027 4253 1153 4301 dom.
1192 4252 1383 4302 16.42=
1438 4252 1605 4302 ‚video
1640 4253 1769 4303 enim
1803 4255 2032 4319 quosdam
2065 4253 2355 4304 clarissimos
2388 4254 2545 4314 viros,
2579 4255 2816 4320 principes
2843 4248 2950 4300 civi·

583 4332 722 4392 tatis,
758 4332 942 4396 aliquot
976 4333 1090 4383 locis
1124 4333 1378 4393 indicasse,
1416 4337 1465 4383 te
1498 4334 1764 4398 (Olodinm)
1797 4352 1908 4385 eum
1945 4336 2080 4402 plebe
2113 4336 2218 4387 inre
2253 4352 2392 4401 agere
2425 4334 2687 4402 potuissc”.
