3192 5009
536 304 663 374 114
1588 318 1833 375 01011110.

529 491 589 569 3,
617 491 725 568 23,
796 493 907 556 ubi
976 492 1219 557 codices
1290 495 1520 578 optimi
1588 492 1970 558 Harleianus
2042 500 2106 558 et
2169 492 2496 557 Parisinus
2560 486 2916 577 praebent:

530 600 865 681 Imperator
896 637 981 647 —
1018 598 1197 662 iussit
1240 622 1374 663 euos
1420 599 1644 685 equites
1671 637 1755 648 —
1783 599 1947 685 equis
1992 598 2238 662 desibire
2272 598 2658 683 pedestrique
2694 621 2930 681 puyna

529 708 841 790 confliqerc
855 734 873 769 :
925 728 1035 791 quo
1077 728 1291 786 qenere
1336 714 1674 771 consecutus
1689 755 1706 785 ,
1758 730 1832 771 ne
1879 706 2012 792 quie
2059 728 2176 769 non
2224 706 2386 769 locus
2423 704 2734 768 victoriam
2781 703 2928 767 eiu-5

530 820 876 877 moraretur.
916 811 1336 877 Scribendum
1374 833 1629 878 censeo:
1671 836 1782 898 quo
1816 836 2030 893 ρεπεν-ε
2067 820 2406 876 con-secum
2443 818 2602 893 (est),
2645 834 2718 874 ne
2741 810 2926 895 equis

528 941 647 983 non
708 920 939 999 (bonus)
1001 919 1161 981 locus
1226 941 1281 981 v.
1326 941 1374 981 e.
1419 941 1492 982 m.
1560 917 1637 981 In
1699 917 1905 1004 Epist.
1973 918 2051 984 ad
2107 919 2244 983 Att.
2293 940 2461 983 nunc
2505 917 2927 983 scribendum

530 1045 782 1090 censeo:
834 1023 1077 1087 Accedit
1122 1046 1185 1087 eo
1202 1073 1219 1102 ‚
1268 1026 1425 1110 quod
1469 1024 1617 1087 mihi
1664 1046 1782 1088 non
1823 1026 2004 1088 bonus
2044 1032 2129 1088 eet
2167 1025 2365 1111 quivis
2401 1024 2506 1109 qm'
2544 1023 2612 1087 in.
2651 1022 2924 1107 Epirum

519 1130 950 1213 proficiscitur.

621 1349 671 1414 Ι.
728 1347 831 1427 18,
862 1347 920 1412 1.
985 1348 1271 1411 Metellus
1333 1372 1451 1412 non
1520 1350 1720 1427 homo,
1785 1351 1891 1413 ced
1937 1348 2126 1427 „bibus
2171 1356 2348 1435 atque
2394 1372 2500 1413 aer
2546 1357 2604 1413 et
2648 1348 2922 1414 solitudo

529 1454 754 1519 Μεθ’.
818 1453 1023 1519 Vanae
1082 1475 1215 1520 esse
1261 1454 1623 1550 multorum
1669 1458 2058 1521 coniecturas
2106 1463 2169 1521 et
2215 1456 2320 1521 hic
2367 1476 2724 1522 sermonem
2771 1476 2919 1521 esee

531 1563 609 1627 de
677 1560 933 1627 consule
994 1559 1065 1640 Q.
1128 1560 1393 1626 Metello
1462 1559 1680 1628 Celere
1743 1562 1967 1628 eodem
2029 1562 2158 1628 fere
2223 1569 2508 1648 tempore
2555 1562 2922 1628 docuerunt

529 1668 581 1733 I.
630 1667 952 1733 Vahlenus
1010 1671 1079 1732 in
1138 1667 1351 1733 Indice
1417 1667 1562 1734 lect.
1626 1668 2023 1735 Berolinensi
2090 1690 2144 1735 a.
2198 1667 2370 1735 1879
2417 1691 2479 1754 p.
2533 1669 2614 1733 11
2663 1689 2792 1755 seq.
2842 1675 2921 1733 et

530 1774 607 1840 R.
656 1773 733 1839 Y.
784 1774 1069 1860 Tyrrell,
1140 1775 1248 1838 the
1311 1771 1600 1861 Gorresp.
1665 1775 1739 1839 of
1788 1772 2007 1841 Cicero
2074 1773 2212 1839 Vol.
2278 1774 2310 1839 I
2377 1798 2438 1860 p.
2510 1773 2616 1840 96.
2679 1773 2916 1860 Itaque

531 1880 816 1946 deleatur
874 1884 1137 1968 signum
1197 1879 1591 1966 corruptelae
1641 1884 1889 1946 nomini
1933 1884 2002 1945 in
2049 1902 2194 1946 mea
2243 1879 2642 1966 aliorumque
2689 1880 2923 1946 editio-

530 1988 718 2052 nibus
764 1990 1217 2075 praepositum.

622 2206 703 2270 II.
755 2207 814 2283 1,
845 2202 904 2271 ’7.
952 2206 1143 2270 nostri
1183 2214 1376 2270 autem
1403 2206 1719 2288 principes
1755 2205 1947 2287 diffito
1983 2230 2045 2271 se
2082 2208 2308 2271 caelum
2332 2213 2562 2290 putent
2591 2210 2916 2290 attinqere.

530 2312 754 2399 Digito
794 2310 1043 2377 caelum
1082 2316 1396 2399 attingere
1438 2322 1534 2378 est
1571 2313 1774 2377 facere
1813 2334 1971 2399 quae
2011 2314 2147 2379 fieri
2170 2336 2298 2379 non
2321 2321 2605 2399 possunt.
2654 2314 2920 2380 Similia

532 2424 703 2496 sunt,
754 2440 913 2504 quae
960 2418 1242 2505 legimus
1288 2422 1355 2483 in
1402 2416 1618 2484 Ovidii
1663 2440 1762 2504 ep.
1812 2440 1890 2484 ex
1939 2419 2141 2484 Ponto
2189 2418 2271 2483 H.
2320 2418 2383 2498 2,
2412 2419 2451 2484 9
2505 2441 2632 2506 seq.

889 2524 1033 2589 Non
1079 2546 1198 2611 ego
1247 2526 1537 2610 concepi,
1587 2527 1644 2589 si
1689 2523 1912 2589 Pelion
1962 2522 2117 2589 Ossa
2163 2523 2452 2603 tulisset,

982 2627 1167 2696 Clara
1212 2652 1355 2695 mea
1401 2634 1583 2717 tangi
1631 2629 1836 2694 sidera
1879 2651 2062 2715 posse
2108 2650 2324 2694 manu.

530 2742 595 2801 et
638 2740 707 2800 in
748 2736 1069 2822 Propertii
1114 2736 1213 2801 El.
1262 2735 1377 2801 111.
1430 2736 1537 2815 30,
1567 2734 1692 2801 50:

888 2841 989 2906 'Pu
1036 2846 1215 2928 prius
1260 2850 1324 2907 et
1372 2843 1604 2907 fluctus
1651 2844 1889 2929 poteris
1937 2845 2169 2907 siccare
2217 2846 2498 2908 marinos

966 2947 1251 3034 ‚Altaque
1296 2948 1557 3014 mortali
1603 2948 1881 3035 deligere
1928 2955 2096 3013 astra
2141 2969 2359 3015 manu.

618 3165 701 3230 II.
756 3166 813 3241 1,
847 3164 949 3229 12.
992 3165 1048 3227 ei
1092 3188 1181 3228 me
1226 3186 1389 3227 ama-9
1407 3213 1422 3242 ‚
1471 3187 1616 3227 cura
1662 3172 1730 3228 ut
1775 3173 2208 3229 conserventur.
2255 3165 2584 3231 Sententia
2633 3188 2764 3231 non
2813 3170 2915 3232 in-

528 3280 710 3358 tegra
772 3278 868 3335 est
886 3319 901 3347 ,
966 3274 1090 3335 nisi
1152 3271 1343 3336 addas
1405 3290 1566 3356 quae
1611 3273 1680 3333 in
1723 3274 2014 3358 margine
2063 3272 2292 3337 codicis
2339 3272 2614 3337 Medicei
2663 3276 2912 3359 scripta.

529 3382 713 3442 sunt:
762 3384 820 3440 et
866 3379 950 3440 ad
991 3400 1078 3440 me
1112 3379 1537 3464 perferamur.

617 3577 699 3644 ΙΙ.
749 3578 811 3656 2,
839 3577 1185 3642 2.Τ1160(1.
1235 3578 1551 3664 Bergkius
1599 3580 1667 3641 in
1715 3578 2141 3664 disputatione
2189 3578 2265 3643 de
2311 3578 2673 3644 Aristotelis
2723 3594 2900 3643 πολι-

530 3685 669 3769 τείᾳ
715 3686 1046 3757 Λθηναιίων
1093 3682 1348 3764 (Κ161116
1393 3681 1619 3770 philol.
1669 3682 1988 3749 Schriften
2024 3684 2088 3750 II
2127 3707 2188 3771 p.
2233 3683 2392 3763 531)
2440 3684 2718 3750 defendit
2758 3684 2824 3749 h.
2849 3684 2898 3749 l.

530 3812 886 3857 sermonem
926 3811 1059 3854 esse
1100 3790 1175 3854 de
1214 3790 1417 3854 tribus
1459 3789 1823 3855 Aristotelis
1872 3792 2212 3860 πολιτείαις
2263 3796 2328 3855 et
2370 3811 2484 3875 pro
2533 3790 2900 3854 Dicaearchi

529 3900 719 3965 scribi
778 3896 921 3962 vult
965 3897 1398 3961 Dicaearchiae
1440 3918 1508 3961 o:
1559 3897 1868 3964 Puteolis.
1918 3897 2041 3963 Sed
2087 3900 2373 3983 primum
2419 3918 2542 3961 non
2591 3902 2690 3961 est
2734 3902 2902 3962 veri-

529 4004 741 4072 simile
801 4004 961 4069 hanc
1022 4004 1359 4089 epistolam
1404 4008 1707 4091 scriptam
1752 4025 1886 4069 esse
1930 4007 1998 4068 in
2043 4002 2396 4068 Puteolano
2445 4006 2659 4088 potius
2700 4024 2898 4088 quam

527 4116 595 4177 in
654 4110 1045 4187 Tusculano,
1117 4115 1193 4174 ut
1252 4110 1452 4197 vulgo
1515 4113 1840 4187 statuitur,
1904 4117 2045 4173 tum
2094 4106 2312 4175 Cicero
2360 4130 2689 4193 nunquam
2737 4108 2896 4174 alias

530 4215 829 4282 Puteolos
888 4214 1165 4302 appellat
1227 4214 1701 4281 Dicaearchiam
1719 4264 1734 4293 ,
1794 4224 2112 4300 postremo
2159 4236 2285 4279 non
2331 4222 2577 4300 poterat
2624 4216 2894 4281 scribere

530 4346 801 4404 maynum
837 4344 1105 4385 acervum
1144 4324 1276 4387 sine
1315 4321 1448 4385 ulla
1486 4320 1866 4386 definitione.
1907 4322 1994 4385 At
2031 4320 2207 4385 idem
2228 4320 2546 4407 Berglcius
2567 4324 2897 4408 ingeniose

531 4433 802 4497 correxit
842 4429 1067 4507 verba,
1118 4450 1277 4515 quae
1322 4432 1391 4493 in
1434 4428 1608 4493 Med.
1660 4430 1751 4493 sic
1797 4432 2030 4514 scripta
2074 4434 2258 4493 sunt:
2309 4427 2458 4491 mihi
2509 4428 2719 4491 hradec
2773 4426 2902 4509 lege
