3192 5009
1184 340 1268 389 nn
1312 341 1461 391 runs
1505 340 1786 389 nome.
2549 314 2676 383 105

1418 574 1557 642 XV.

1056 762 1225 811 SUUM
1273 760 1466 810 cuso
1512 761 1930 810 Rus'rss'um.

391 924 863 993 Possessionem
930 950 1056 993 non
1125 948 1307 1013 posse
1370 949 1482 992 nos
1549 927 1876 992 condicere
1895 976 1911 1004 ,
1974 925 2264 991 Iulianus
2311 930 2530 991 auctor
2575 932 2673 991 est

299 1029 347 1094 1.
397 1030 481 1096 33
526 1031 604 1096 D.
661 1032 763 1098 12.
796 1033 855 1099 6.
922 1030 1329 1100 Condicimus
1377 1036 1550 1099 enim
1593 1032 1970 1118 plerumque
2018 1033 2086 1097 id
2131 1032 2300 1118 quod
2343 1032 2635 1097 dedimus
2653 1053 2669 1111 ;

301 1142 370 1201 at
431 1140 486 1201 si
547 1140 689 1223 quis
750 1142 1213 1225 possessionem
1276 1144 1531 1204 tantum
1578 1139 1775 1203 tradit
1793 1188 1808 1216 ,
1859 1138 2026 1203 nihil
2071 1138 2223 1204 facit
2269 1140 2634 1224 accipientis
2657 1186 2673 1215 ,

298 1246 516 1329 itaque
578 1244 738 1309 nihil
799 1252 1011 1330 potest
1070 1244 1411 1311 condicere.
1462 1246 1559 1310 Ab
1607 1247 1726 1311 hac
1773 1246 2112 1310 severitate
2159 1247 2534 1331 posteriores
2579 1246 2678 1309 iu·

296 1349 660 1415 risconsulti
706 1351 991 1417 multum
1040 1354 1455 1429 remiserunt;
1496 1354 1634 1437 ipse
1673 1350 1960 1416 Iulianus
1998 1350 2163 1415 nihil
2197 1352 2447 1416 remisit
2467 1398 2483 1426 ,
2525 1370 2674 1415 nam

296 1456 466 1542 quod
509 1456 751 1544 legitur
797 1458 966 1544 apud
1015 1480 1164 1524 eum
1210 1458 1253 1523 1.
1310 1456 1393 1522 19
1442 1458 1543 1543 §2
1590 1456 1668 1522 D.
1721 1455 1828 1522 43.
1857 1457 1980 1522 26:

570 1586 699 1627 eum
755 1565 905 1649 quid
950 1564 1235 1648 precario
1302 1572 1568 1644 roqatum
1631 1570 1718 1627 eet
1733 1612 1750 1640 ,
1816 1586 1936 1628 non
1982 1564 2172 1627 sobam
2215 1562 2534 1627 interdicto
2579 1561 2676 1625 uti

556 1692 867 1752 possumus
885 1719 900 1747 ,
947 1674 1054 1735 sed
1097 1678 1155 1734 et
1198 1672 1424 1736 incerti
1472 1671 1861 1736 condictione
1913 1718 1926 1733 .
1956 1718 1971 1734 .
2003 1718 2017 1733 .
2047 1718 2062 1734 .

292 1776 614 1860 superiore
672 1779 877 1861 capite
937 1776 1220 1841 vidimus
1240 1824 1255 1851 ‚
1314 1796 1507 1862 quam
1554 1776 1639 1839 sit
1685 1774 2036 1840 verisimile
2082 1778 2299 1861 ipsum
2348 1773 2673 1840 Iulianum

294 1883 619 1967 scripsisse
665 1882 895 1946 ineerta
924 1882 1230 1968 formula.
1280 1882 1397 1947 Est
1444 1889 1663 1947 tamen
1709 1889 1925 1947 vetere
1972 1902 2225 1967 quoque
2263 1884 2400 1947 iure
2440 1902 2678 1966 posses-

297 1990 496 2052 sionis
558 1988 868 2053 condictio
931 2010 1059 2053 non
1104 2008 1361 2074 prorsus
1405 1990 1733 2074 incognita
1750 2009 1765 2066 ;
1819 1989 2171 2053 condicitur
2216 1990 2387 2053 enim
2435 2008 2676 2073 posses-

296 2096 393 2158 sio
413 2141 429 2170 ,
484 2094 856 2179 quandoque
902 2094 1202 2159 dominus
1247 2115 1385 2159 rem
1432 2115 1619 2160 suam
1668 2094 1944 2159 condicit
1990 2117 2062 2157 etc
2108 2092 2304 2156 camis
2351 2115 2422 2157 ex
2467 2092 2678 2179 quibua

284 2206 518 2282 potest,
586 2200 772 2263 veluti
820 2224 890 2264 ea·
938 2224 1117 2264 cama
1146 2200 1405 2286 furtiva
1452 2200 1555 2280 (cf.
1607 2200 1652 2265 l.
1710 2200 1741 2264 l
1793 2200 1892 2285 §l
1946 2198 2024 2265 D.
2080 2199 2184 2264 13.
2215 2198 2301 2275 3).
2355 2198 2418 2264 Is
2466 2200 2638 2264 enim
2656 2246 2673 2276 ‚

296 2326 487 2391 penes
545 2327 739 2390 quem
800 2309 892 2373 rei
955 2307 1313 2372 dominium
1374 2311 1504 2383 est,
1569 2328 1696 2371 non
1741 2312 1950 2392 potest
1997 2306 2319 2372 condicere
2369 2307 2494 2370 nisi
2538 2325 2678 2390 pos-

296 2412 660 2477 sessionem.
727 2410 821 2477 De
881 2412 1000 2477 hac
1047 2414 1309 2497 antiqua
1356 2414 1770 2497 possessionis
1818 2411 2244 2489 condictione,
2295 2430 2455 2497 quae
2502 2431 2670 2476 com-

294 2518 551 2604 petebat
608 2518 728 2581 sobi
789 2518 1023 2582 domino
1074 2518 1142 2597 (1.
1200 2518 1231 2582 1
1282 2518 1361 2583 D.
1418 2517 1519 2582 13.
1557 2518 1642 2598 1),
1705 2521 2052 2603 quaeritur,
2101 2524 2324 2582 utrum
2369 2520 2436 2583 in
2481 2517 2675 2582 fundo

298 2623 527 2688 habeat
589 2623 825 2689 locum.
890 2622 1240 2689 Dubitandi
1302 2626 1463 2688 ratio
1510 2644 1583 2689 ea
1628 2630 1759 2701 est,
1812 2626 1963 2710 quia
2010 2624 2244 2689 fundus
2292 2645 2418 2688 non
2466 2629 2677 2709 potest

296 2728 573 2795 incidere
610 2732 677 2793 in
718 2749 973 2795 causam
1012 2729 1340 2793 furtivam.
1388 2727 1630 2793 Tamen
1668 2729 2129 2794 condictionem
2168 2729 2303 2794 dari
2341 2729 2672 2816 placuisse,

298 2834 601 2900 discimus
626 2855 703 2899 ex
725 2834 986 2919 Ulpiani
1010 2835 1388 2921 fragmento,
1416 2835 1582 2919 quod
1605 2840 1702 2900 est
1724 2835 1911 2899 hodie
1935 2834 1978 2899 l.
2009 2834 2095 2900 25
2121 2858 2238 2921 pr„
2267 2835 2354 2920 §1
2384 2835 2463 2900 D.
2483 2832 2670 2902 4¹22:

567 2964 763 3005 verum
801 2950 887 3005 est
925 2944 1083 3026 quod
1106 2942 1389 3026 plerique
1415 2943 1714 3024 probant,
1741 2943 1947 3027 fundi
1969 2942 2154 3027 furti
2194 2942 2296 3022 aqi
2333 2964 2450 3005 mm
2474 2964 2671 3025 posse.

582 3046 745 3111 Unde
790 3048 1119 3133 quaeritur,
1168 3048 1224 3111 si
1272 3046 1403 3132 quis
1449 3050 1523 3110 de
1546 3049 1761 3133 fwndo
1801 3049 1864 3111 vi
1902 3049 2160 3111 deiectas-3
2196 3048 2298 3126 sit,
2340 3071 2420 3111 an
2443 3048 2676 3112 condio-i

568 3154 625 3217 ei
658 3155 889 3237 poscit,
939 3154 1045 3238 qui
1082 3153 1297 3217 deiecit
1312 3154 1349 3217 :⁹
1384 3154 1578 3217 Labeo
1619 3162 1796 3235 neqat
1813 3203 1828 3231 ,
1871 3156 1976 3217 sed
2021 3154 2222 3217 Celsus
2246 3161 2432 3236 putat
2451 3203 2466 3231 ,
2496 3177 2674 3237 posce

568 3259 799 3322 condiei
826 3260 1269 3341 possessionem,
1312 3260 1789 3343 quemadmodum
1813 3266 2014 3342 potest
2054 3282 2118 3323 re
2149 3259 2353 3323 mobiba·
2374 3260 2672 3343 subrepta.

388 3364 696 3429 Admittit
767 3362 990 3431 Celsus
1060 3364 1241 3430 fundi
1306 3367 1560 3430 nomine
1625 3366 2083 3431 condictionem
2148 3371 2349 3449 (posse
2395 3366 2674 3447 condiet),

298 3469 407 3535 sed
470 3469 665 3534 simul
726 3472 940 3534 innuit
1002 3470 1163 3535 hanc
1225 3470 1688 3535 condictionem
1748 3492 1826 3537 ex
1887 3492 2078 3536 causa
2143 3472 2384 3536 furtiva
2447 3492 2676 3537 verum

299 3576 656 3641 dicentibus
714 3578 1125 3661 possessionis
1188 3598 1323 3643 esse
1369 3582 1580 3660 (posce
1631 3577 1863 3640 condici
1896 3577 2368 3659 possessionem).
2417 3575 2678 3641 Utrum-

300 3702 423 3768 que
467 3684 605 3747 viro
656 3682 926 3768 dignum
969 3684 1080 3767 qui
1119 3684 1310 3747 sicuti
1350 3682 1767 3767 respondendi
1807 3683 2122 3767 aequitate
2145 3731 2160 3758 ‚
2200 3684 2294 3746 ita
2331 3687 2395 3747 et
2431 3684 2678 3769 ingenii

299 3790 589 3854 acumine
650 3795 888 3853 eeteros
935 3788 1274 3874 prudent-es
1319 3787 1511 3874 longe
1560 3793 1839 3873 superet.
1913 3786 2031 3853 Est
2077 3791 2249 3853 enim
2296 3791 2636 3873 aequitatis
2655 3837 2672 3867 ,

298 3892 761 3960 condictionem
809 3893 1088 3959 tribuere
1135 3914 1214 3958 ex
1262 3893 1455 3958 fundo
1497 3893 1740 3959 deiecto
1761 3942 1776 3969 ‚
1820 3897 2114 3979 quamvis
2155 3896 2504 3979 proprietas
2541 3916 2678 3960 ver-

298 4002 531 4066 borum
579 4000 1001 4077 desideretur;
1051 4002 1324 4086 ingenii,
1367 4019 1588 4064 veram
1633 4007 1928 4064 naturam
1974 4003 2236 4065 actionis
2285 4004 2638 4087 perspicere
2658 4051 2675 4079 ‚

300 4108 483 4171 cuius
527 4107 797 4171 intentio
846 4103 1014 4169 fallit
1044 4106 1113 4185 ¹).
1160 4104 1521 4169 Intenditur
1564 4108 1738 4170 enim
1784 4106 1992 4171 furem
2039 4104 2186 4171 dare
2205 4155 2220 4183 ‚
2269 4106 2338 4172 id
2386 4114 2482 4171 est
2536 4128 2674 4173 rem

368 4310 419 4369 1)
456 4310 591 4359 Inter
624 4307 741 4357 elios
774 4307 947 4358 fefellit
984 4308 1316 4357 Bernhardum
1354 4308 1663 4358 Windscheid
1695 4309 1879 4372 (Pand.
1914 4309 2152 4370 §859¹⁸).
2199 4308 2375 4359 Scribit
2405 4309 2532 4359 enim
2563 4324 2676 4360 oon·

302 4392 557 4441 dictionem
606 4391 840 4441 furtivam
886 4391 956 4440 rei
998 4390 1148 4455 ipsiu·
1193 4406 1290 4439 ense
1334 4390 1664 4440 condictionis.
1700 4389 1916 4441 Scribere
1949 4390 2197 4442 debueret:
2235 4406 2294 4441 οι
2326 4407 2466 4441 caus·
2498 4392 2678 4443 furtin

304 4488 469 4523 revere
502 4473 838 4541 pouessionem
872 4472 1053 4523 condici
1086 4471 1172 4522 sub
1208 4472 1361 4541 specie
1394 4473 1465 4523 rei
1518 4472 1682 4541 ipsius.
