<?xml version="1.0" encoding="UTF-8"?>
<!DOCTYPE html PUBLIC "-//W3C//DTD XHTML 1.0 Transitional//EN"
    "http://www.w3.org/TR/xhtml1/DTD/xhtml1-transitional.dtd">
<html xmlns="http://www.w3.org/1999/xhtml" xml:lang="en" lang="en">
 <head>
  <title>
</title>
<meta http-equiv="Content-Type" content="text/html;charset=utf-8" />
  <meta name='ocr-system' content='tesseract 3.04.00' />
  <meta name='ocr-capabilities' content='ocr_page ocr_carea ocr_par ocr_line ocrx_word'/>
</head>
<body>
  <div class='ocr_page' id='page_1' title='image "./mnemosyne07servgoog_0072.png"; bbox 0 0 3192 5009; ppageno 0'>
   <div class='ocr_carea' id='block_1_1' title="bbox 23 4186 27 4994">
    <p class='ocr_par' dir='ltr' id='par_1_1' title="bbox 23 4186 27 4994">
     <span class='ocr_line' id='line_1_1' title="bbox 23 4186 27 4994; baseline 0 0"><span class='ocrx_word' id='word_1_1' title='bbox 23 4186 27 4994; x_wconf 95' lang='lat' dir='ltr'><strong> </strong></span> 
     </span>
    </p>
   </div>
   <div class='ocr_carea' id='block_1_2' title="bbox 572 256 1992 322">
    <p class='ocr_par' dir='ltr' id='par_1_2' title="bbox 572 256 1992 322">
     <span class='ocr_line' id='line_1_2' title="bbox 572 256 1992 322; baseline 0 -1"><span class='ocrx_word' id='word_1_2' title='bbox 572 256 659 322; x_wconf 88' lang='grc'><strong>64</strong></span> <span class='ocrx_word' id='word_1_3' title='bbox 1527 273 1992 322; x_wconf 58' lang='lat' dir='ltr'><strong>camenus.</strong></span> 
     </span>
    </p>
   </div>
   <div class='ocr_carea' id='block_1_3' title="bbox 565 434 2959 4457">
    <p class='ocr_par' dir='ltr' id='par_1_3' title="bbox 565 434 2959 4457">
     <span class='ocr_line' id='line_1_3' title="bbox 572 434 2955 523; baseline -0.001 -21"><span class='ocrx_word' id='word_1_4' title='bbox 572 437 744 502; x_wconf 88' lang='lat' dir='ltr'><strong>Tum</strong></span> <span class='ocrx_word' id='word_1_5' title='bbox 805 440 1094 523; x_wconf 84' lang='lat' dir='ltr'><strong>sequitur</strong></span> <span class='ocrx_word' id='word_1_6' title='bbox 1151 439 1532 501; x_wconf 77' lang='lat' dir='ltr'><strong>vaticinium</strong></span> <span class='ocrx_word' id='word_1_7' title='bbox 1576 436 1654 501; x_wconf 90' lang='lat' dir='ltr'><strong>de</strong></span> <span class='ocrx_word' id='word_1_8' title='bbox 1701 435 2121 523; x_wconf 82' lang='lat' dir='ltr'><strong>Philadelpho</strong></span> <span class='ocrx_word' id='word_1_9' title='bbox 2166 440 2235 502; x_wconf 91' lang='lat' dir='ltr'><strong>in</strong></span> <span class='ocrx_word' id='word_1_10' title='bbox 2282 434 2487 503; x_wconf 75' lang='lat' dir='ltr'><strong>Gallis</strong></span> <span class='ocrx_word' id='word_1_11' title='bbox 2530 435 2955 523; x_wconf 82' lang='lat' dir='ltr'><strong>profligandis</strong></span> 
     </span>
     <span class='ocr_line' id='line_1_4' title="bbox 574 540 2953 630; baseline -0.002 -21"><span class='ocrx_word' id='word_1_12' title='bbox 574 543 890 630; x_wconf 81' lang='lat' dir='ltr'><strong>Apollinis</strong></span> <span class='ocrx_word' id='word_1_13' title='bbox 935 546 1135 620; x_wconf 88' lang='lat' dir='ltr'><strong>socio;</strong></span> <span class='ocrx_word' id='word_1_14' title='bbox 1187 541 1508 607; x_wconf 89' lang='lat' dir='ltr'><strong>adduntur</strong></span> <span class='ocrx_word' id='word_1_15' title='bbox 1551 540 1772 607; x_wconf 87' lang='lat' dir='ltr'><strong>laudes</strong></span> <span class='ocrx_word' id='word_1_16' title='bbox 1810 545 2067 628; x_wconf 88' lang='lat' dir='ltr'><strong>imperii</strong></span> <span class='ocrx_word' id='word_1_17' title='bbox 2106 542 2622 609; x_wconf 89' lang='lat' dir='ltr'><strong>Ptolemaeorum</strong></span> <span class='ocrx_word' id='word_1_18' title='bbox 2637 592 2655 621; x_wconf 86' lang='lat'><em>‚</em></span> <span class='ocrx_word' id='word_1_19' title='bbox 2697 546 2953 607; x_wconf 90' lang='lat' dir='ltr'><strong>minore</strong></span> 
     </span>
     <span class='ocr_line' id='line_1_5' title="bbox 570 648 2953 733; baseline -0.002 -17"><span class='ocrx_word' id='word_1_20' title='bbox 570 672 878 717; x_wconf 88' lang='lat' dir='ltr'><strong>versuum</strong></span> <span class='ocrx_word' id='word_1_21' title='bbox 915 670 1178 713; x_wconf 90' lang='lat' dir='ltr'><strong>numero</strong></span> <span class='ocrx_word' id='word_1_22' title='bbox 1221 650 1613 732; x_wconf 80' lang='lat' dir='ltr'><strong>conscriptae</strong></span> <span class='ocrx_word' id='word_1_23' title='bbox 1645 668 1841 733; x_wconf 91' lang='lat' dir='ltr'><strong>quam</strong></span> <span class='ocrx_word' id='word_1_24' title='bbox 1865 650 2097 733; x_wconf 89' lang='lat' dir='ltr'><strong>quibus</strong></span> <span class='ocrx_word' id='word_1_25' title='bbox 2121 648 2494 715; x_wconf 76' lang='lat' dir='ltr'><strong>Theocritus</strong></span> <span class='ocrx_word' id='word_1_26' title='bbox 2518 670 2657 715; x_wconf 90' lang='lat' dir='ltr'><strong>rem</strong></span> <span class='ocrx_word' id='word_1_27' title='bbox 2680 654 2915 713; x_wconf 82' lang='lat' dir='ltr'><strong>&#39;tractat</strong></span> <span class='ocrx_word' id='word_1_28' title='bbox 2932 696 2953 724; x_wconf 89' lang='lat'>‚</span> 
     </span>
     <span class='ocr_line' id='line_1_6' title="bbox 571 753 2957 823; baseline -0.003 0"><span class='ocrx_word' id='word_1_29' title='bbox 571 764 854 823; x_wconf 85' lang='lat' dir='ltr'><strong>ceterum</strong></span> <span class='ocrx_word' id='word_1_30' title='bbox 899 758 978 821; x_wconf 90' lang='lat' dir='ltr'><strong>iis</strong></span> <span class='ocrx_word' id='word_1_31' title='bbox 1039 754 1210 819; x_wconf 92' lang='lat' dir='ltr'><strong>haud</strong></span> <span class='ocrx_word' id='word_1_32' title='bbox 1259 753 1621 819; x_wconf 84' lang='lat' dir='ltr'><strong>dissimiles.</strong></span> <span class='ocrx_word' id='word_1_33' title='bbox 1661 754 1735 817; x_wconf 81' lang='lat' dir='ltr'><strong>In</strong></span> <span class='ocrx_word' id='word_1_34' title='bbox 1762 775 1834 819; x_wconf 89' lang='lat' dir='ltr'><strong>eo</strong></span> <span class='ocrx_word' id='word_1_35' title='bbox 1859 776 2010 820; x_wconf 88' lang='lat' dir='ltr'><strong>vero</strong></span> <span class='ocrx_word' id='word_1_36' title='bbox 2036 759 2319 821; x_wconf 77' lang='lat' dir='ltr'><strong>maxima</strong></span> <span class='ocrx_word' id='word_1_37' title='bbox 2343 762 2441 821; x_wconf 90' lang='lat' dir='ltr'><strong>est</strong></span> <span class='ocrx_word' id='word_1_38' title='bbox 2462 759 2629 821; x_wconf 88' lang='lat' dir='ltr'><strong>inter</strong></span> <span class='ocrx_word' id='word_1_39' title='bbox 2653 753 2957 821; x_wconf 85' lang='lat' dir='ltr'><strong>Siculum</strong></span> 
     </span>
     <span class='ocr_line' id='line_1_7' title="bbox 571 857 2953 951; baseline -0.002 -22"><span class='ocrx_word' id='word_1_40' title='bbox 571 872 827 951; x_wconf 90' lang='lat' dir='ltr'><strong>poetam</strong></span> <span class='ocrx_word' id='word_1_41' title='bbox 862 869 927 927; x_wconf 91' lang='lat' dir='ltr'><strong>et</strong></span> <span class='ocrx_word' id='word_1_42' title='bbox 951 860 1289 926; x_wconf 77' lang='lat' dir='ltr'><strong>Battiaden</strong></span> <span class='ocrx_word' id='word_1_43' title='bbox 1313 860 1643 925; x_wconf 85' lang='lat' dir='ltr'><strong>concordia</strong></span> <span class='ocrx_word' id='word_1_44' title='bbox 1668 860 1835 945; x_wconf 91' lang='lat' dir='ltr'><strong>quod</strong></span> <span class='ocrx_word' id='word_1_45' title='bbox 1858 863 1924 924; x_wconf 93' lang='lat' dir='ltr'><strong>in</strong></span> <span class='ocrx_word' id='word_1_46' title='bbox 1952 857 2379 927; x_wconf 85' lang='lat' dir='ltr'><strong>Callimacheo</strong></span> <span class='ocrx_word' id='word_1_47' title='bbox 2404 883 2653 948; x_wconf 89' lang='lat' dir='ltr'><strong>quoque</strong></span> <span class='ocrx_word' id='word_1_48' title='bbox 2676 862 2953 948; x_wconf 88' lang='lat' dir='ltr'><strong>hymno,</strong></span> 
     </span>
     <span class='ocr_line' id='line_1_8' title="bbox 567 963 2958 1057; baseline -0.003 -21"><span class='ocrx_word' id='word_1_49' title='bbox 567 978 910 1057; x_wconf 88' lang='lat' dir='ltr'><strong>postquam</strong></span> <span class='ocrx_word' id='word_1_50' title='bbox 977 966 1220 1032; x_wconf 84' lang='lat' dir='ltr'><strong>Latona</strong></span> <span class='ocrx_word' id='word_1_51' title='bbox 1283 968 1410 1031; x_wconf 90' lang='lat' dir='ltr'><strong>iter</strong></span> <span class='ocrx_word' id='word_1_52' title='bbox 1477 986 1514 1031; x_wconf 92' lang='lat' dir='ltr'><strong>a</strong></span> <span class='ocrx_word' id='word_1_53' title='bbox 1584 963 1675 1031; x_wconf 91' lang='lat' dir='ltr'><strong>Co</strong></span> <span class='ocrx_word' id='word_1_54' title='bbox 1737 970 1970 1031; x_wconf 88' lang='lat' dir='ltr'><strong>avertit</strong></span> <span class='ocrx_word' id='word_1_55' title='bbox 2032 974 2097 1031; x_wconf 91' lang='lat' dir='ltr'><strong>et</strong></span> <span class='ocrx_word' id='word_1_56' title='bbox 2157 966 2316 1033; x_wconf 91' lang='lat' dir='ltr'><strong>Delo</strong></span> <span class='ocrx_word' id='word_1_57' title='bbox 2378 967 2645 1055; x_wconf 91' lang='lat' dir='ltr'><strong>appulsa</strong></span> <span class='ocrx_word' id='word_1_58' title='bbox 2696 966 2958 1045; x_wconf 81' lang='lat' dir='ltr'><strong>„filium</strong></span> 
     </span>
     <span class='ocr_line' id='line_1_9' title="bbox 568 1071 2959 1163; baseline -0.003 -22"><span class='ocrx_word' id='word_1_59' title='bbox 568 1097 764 1163; x_wconf 88' lang='lat' dir='ltr'><strong>prope</strong></span> <span class='ocrx_word' id='word_1_60' title='bbox 802 1073 1054 1140; x_wconf 89' lang='lat' dir='ltr'><strong>Deliam</strong></span> <span class='ocrx_word' id='word_1_61' title='bbox 1094 1074 1411 1158; x_wconf 90' lang='lat' dir='ltr'><strong>deposivit</strong></span> <span class='ocrx_word' id='word_1_62' title='bbox 1449 1071 1755 1149; x_wconf 87' lang='lat' dir='ltr'><strong>olivam”‚</strong></span> <span class='ocrx_word' id='word_1_63' title='bbox 1793 1075 1935 1157; x_wconf 91' lang='lat' dir='ltr'><strong>ipsa</strong></span> <span class='ocrx_word' id='word_1_64' title='bbox 1977 1073 2231 1139; x_wconf 86' lang='lat' dir='ltr'><strong>Asteria</strong></span> <span class='ocrx_word' id='word_1_65' title='bbox 2276 1078 2468 1153; x_wconf 89' lang='lat' dir='ltr'><strong>(sicut</strong></span> <span class='ocrx_word' id='word_1_66' title='bbox 2511 1076 2580 1138; x_wconf 90' lang='lat' dir='ltr'><strong>in</strong></span> <span class='ocrx_word' id='word_1_67' title='bbox 2625 1073 2959 1139; x_wconf 84' lang='lat' dir='ltr'><strong>Theocriti</strong></span> 
     </span>
     <span class='ocr_line' id='line_1_10' title="bbox 569 1176 2955 1267; baseline -0.003 -18"><span class='ocrx_word' id='word_1_68' title='bbox 569 1185 846 1249; x_wconf 86' lang='lat' dir='ltr'><strong>carmine</strong></span> <span class='ocrx_word' id='word_1_69' title='bbox 906 1178 1055 1259; x_wconf 90' lang='lat' dir='ltr'><strong>Cos)</strong></span> <span class='ocrx_word' id='word_1_70' title='bbox 1118 1199 1309 1243; x_wconf 89' lang='lat' dir='ltr'><strong>aureo</strong></span> <span class='ocrx_word' id='word_1_71' title='bbox 1376 1178 1452 1243; x_wconf 93' lang='lat' dir='ltr'><strong>de</strong></span> <span class='ocrx_word' id='word_1_72' title='bbox 1501 1176 1635 1243; x_wconf 89' lang='lat' dir='ltr'><strong>solo</strong></span> <span class='ocrx_word' id='word_1_73' title='bbox 1684 1198 1960 1264; x_wconf 89' lang='lat' dir='ltr'><strong>puerum</strong></span> <span class='ocrx_word' id='word_1_74' title='bbox 2006 1179 2176 1244; x_wconf 88' lang='lat' dir='ltr'><strong>tollit</strong></span> <span class='ocrx_word' id='word_1_75' title='bbox 2194 1228 2210 1257; x_wconf 91' lang='lat'><strong>,</strong></span> <span class='ocrx_word' id='word_1_76' title='bbox 2261 1200 2537 1265; x_wconf 89' lang='lat' dir='ltr'><strong>eumque</strong></span> <span class='ocrx_word' id='word_1_77' title='bbox 2585 1182 2653 1244; x_wconf 90' lang='lat' dir='ltr'><strong>in</strong></span> <span class='ocrx_word' id='word_1_78' title='bbox 2699 1179 2955 1267; x_wconf 82' lang='lat' dir='ltr'><strong>gremio</strong></span> 
     </span>
     <span class='ocr_line' id='line_1_11' title="bbox 568 1283 2959 1374; baseline -0.003 -21"><span class='ocrx_word' id='word_1_79' title='bbox 568 1290 923 1374; x_wconf 88' lang='lat' dir='ltr'><strong>repositum</strong></span> <span class='ocrx_word' id='word_1_80' title='bbox 983 1284 1230 1350; x_wconf 91' lang='lat' dir='ltr'><strong>blandis</strong></span> <span class='ocrx_word' id='word_1_81' title='bbox 1273 1284 1485 1349; x_wconf 88' lang='lat' dir='ltr'><strong>verbis</strong></span> <span class='ocrx_word' id='word_1_82' title='bbox 1534 1283 1901 1369; x_wconf 84' lang='lat' dir='ltr'><strong>alloquitur.</strong></span> <span class='ocrx_word' id='word_1_83' title='bbox 1950 1284 2068 1349; x_wconf 81' lang='lat' dir='ltr'><strong>Est</strong></span> <span class='ocrx_word' id='word_1_84' title='bbox 2112 1286 2266 1351; x_wconf 89' lang='lat' dir='ltr'><strong>haec</strong></span> <span class='ocrx_word' id='word_1_85' title='bbox 2312 1289 2479 1351; x_wconf 91' lang='lat' dir='ltr'><strong>inter</strong></span> <span class='ocrx_word' id='word_1_86' title='bbox 2524 1286 2682 1351; x_wconf 90' lang='lat' dir='ltr'><strong>duos</strong></span> <span class='ocrx_word' id='word_1_87' title='bbox 2727 1290 2959 1372; x_wconf 88' lang='lat' dir='ltr'><strong>poetas</strong></span> 
     </span>
     <span class='ocr_line' id='line_1_12' title="bbox 571 1388 2958 1477; baseline -0.003 -18"><span class='ocrx_word' id='word_1_88' title='bbox 571 1393 927 1459; x_wconf 87' lang='lat' dir='ltr'><strong>similitudo</strong></span> <span class='ocrx_word' id='word_1_89' title='bbox 998 1396 1176 1456; x_wconf 89' lang='lat' dir='ltr'><strong>tanta</strong></span> <span class='ocrx_word' id='word_1_90' title='bbox 1192 1440 1208 1468; x_wconf 94' lang='lat'>‚</span> <span class='ocrx_word' id='word_1_91' title='bbox 1279 1395 1357 1454; x_wconf 89' lang='lat' dir='ltr'><strong>ut</strong></span> <span class='ocrx_word' id='word_1_92' title='bbox 1373 1438 1390 1468; x_wconf 89' lang='lat'>,</span> <span class='ocrx_word' id='word_1_93' title='bbox 1455 1393 1873 1476; x_wconf 89' lang='lat' dir='ltr'><strong>quantumvis</strong></span> <span class='ocrx_word' id='word_1_94' title='bbox 1941 1391 2062 1455; x_wconf 90' lang='lat' dir='ltr'><strong>tibi</strong></span> <span class='ocrx_word' id='word_1_95' title='bbox 2132 1391 2464 1477; x_wconf 88' lang='lat' dir='ltr'><strong>displiceat</strong></span> <span class='ocrx_word' id='word_1_96' title='bbox 2532 1388 2958 1457; x_wconf 87' lang='lat' dir='ltr'><strong>ratiocinandi</strong></span> 
     </span>
     <span class='ocr_line' id='line_1_13' title="bbox 565 1498 2958 1587; baseline -0.003 -22"><span class='ocrx_word' id='word_1_97' title='bbox 565 1522 770 1587; x_wconf 82' lang='lat' dir='ltr'><strong>genus</strong></span> <span class='ocrx_word' id='word_1_98' title='bbox 789 1548 806 1577; x_wconf 86' lang='lat'><em>,</em></span> <span class='ocrx_word' id='word_1_99' title='bbox 892 1498 1060 1584; x_wconf 93' lang='lat' dir='ltr'><strong>quod</strong></span> <span class='ocrx_word' id='word_1_100' title='bbox 1138 1500 1207 1561; x_wconf 91' lang='lat' dir='ltr'><strong>in</strong></span> <span class='ocrx_word' id='word_1_101' title='bbox 1277 1499 1638 1561; x_wconf 88' lang='lat' dir='ltr'><strong>carminum</strong></span> <span class='ocrx_word' id='word_1_102' title='bbox 1707 1498 2102 1583; x_wconf 85' lang='lat' dir='ltr'><strong>temporibus</strong></span> <span class='ocrx_word' id='word_1_103' title='bbox 2171 1498 2630 1563; x_wconf 87' lang='lat' dir='ltr'><strong>constituendis</strong></span> <span class='ocrx_word' id='word_1_104' title='bbox 2700 1517 2958 1582; x_wconf 88' lang='lat' dir='ltr'><strong>semper</strong></span> 
     </span>
     <span class='ocr_line' id='line_1_14' title="bbox 565 1603 2957 1692; baseline -0.003 -19"><span class='ocrx_word' id='word_1_105' title='bbox 565 1614 631 1673; x_wconf 92' lang='lat' dir='ltr'><strong>et</strong></span> <span class='ocrx_word' id='word_1_106' title='bbox 691 1607 1016 1690; x_wconf 89' lang='lat' dir='ltr'><strong>imprimis</strong></span> <span class='ocrx_word' id='word_1_107' title='bbox 1078 1625 1158 1669; x_wconf 85' lang='lat' dir='ltr'><strong>ex</strong></span> <span class='ocrx_word' id='word_1_108' title='bbox 1217 1603 1693 1668; x_wconf 87' lang='lat' dir='ltr'><strong>imitationibus</strong></span> <span class='ocrx_word' id='word_1_109' title='bbox 1763 1613 2145 1692; x_wconf 79' lang='lat' dir='ltr'><strong>argumenta</strong></span> <span class='ocrx_word' id='word_1_110' title='bbox 2191 1608 2441 1690; x_wconf 90' lang='lat' dir='ltr'><strong>quaerit</strong></span> <span class='ocrx_word' id='word_1_111' title='bbox 2458 1655 2475 1683; x_wconf 91' lang='lat'>‚</span> <span class='ocrx_word' id='word_1_112' title='bbox 2523 1626 2692 1670; x_wconf 88' lang='lat' dir='ltr'><strong>nunc</strong></span> <span class='ocrx_word' id='word_1_113' title='bbox 2732 1613 2957 1668; x_wconf 90' lang='lat' dir='ltr'><strong>tamen</strong></span> 
     </span>
     <span class='ocr_line' id='line_1_15' title="bbox 565 1708 2957 1798; baseline -0.003 -19"><span class='ocrx_word' id='word_1_114' title='bbox 565 1716 678 1779; x_wconf 82' lang='lat' dir='ltr'><strong>vix</strong></span> <span class='ocrx_word' id='word_1_115' title='bbox 724 1714 924 1798; x_wconf 83' lang='lat' dir='ltr'><strong>possit</strong></span> <span class='ocrx_word' id='word_1_116' title='bbox 970 1713 1124 1795; x_wconf 89' lang='lat' dir='ltr'><strong>quin</strong></span> <span class='ocrx_word' id='word_1_117' title='bbox 1141 1758 1158 1787; x_wconf 86' lang='lat'><em>,</em></span> <span class='ocrx_word' id='word_1_118' title='bbox 1207 1708 1477 1775; x_wconf 85' lang='lat' dir='ltr'><strong>simulac</strong></span> <span class='ocrx_word' id='word_1_119' title='bbox 1528 1715 1878 1796; x_wconf 89' lang='lat' dir='ltr'><strong>utrumque</strong></span> <span class='ocrx_word' id='word_1_120' title='bbox 1925 1732 2178 1776; x_wconf 89' lang='lat' dir='ltr'><strong>carmen</strong></span> <span class='ocrx_word' id='word_1_121' title='bbox 2226 1712 2443 1777; x_wconf 91' lang='lat' dir='ltr'><strong>sedulo</strong></span> <span class='ocrx_word' id='word_1_122' title='bbox 2488 1711 2836 1797; x_wconf 82' lang='lat' dir='ltr'><strong>perlegeris</strong></span> <span class='ocrx_word' id='word_1_123' title='bbox 2885 1714 2957 1774; x_wconf 87' lang='lat' dir='ltr'><strong>et</strong></span> 
     </span>
     <span class='ocr_line' id='line_1_16' title="bbox 566 1814 2956 1903; baseline -0.003 -19"><span class='ocrx_word' id='word_1_124' title='bbox 566 1820 713 1885; x_wconf 89' lang='lat' dir='ltr'><strong>data</strong></span> <span class='ocrx_word' id='word_1_125' title='bbox 772 1838 962 1903; x_wconf 90' lang='lat' dir='ltr'><strong>opera</strong></span> <span class='ocrx_word' id='word_1_126' title='bbox 1021 1816 1299 1881; x_wconf 85' lang='lat' dir='ltr'><strong>alterum</strong></span> <span class='ocrx_word' id='word_1_127' title='bbox 1346 1836 1496 1881; x_wconf 91' lang='lat' dir='ltr'><strong>cum</strong></span> <span class='ocrx_word' id='word_1_128' title='bbox 1543 1814 1742 1881; x_wconf 88' lang='lat' dir='ltr'><strong>altero</strong></span> <span class='ocrx_word' id='word_1_129' title='bbox 1788 1820 2235 1903; x_wconf 87' lang='lat' dir='ltr'><strong>composueris,</strong></span> <span class='ocrx_word' id='word_1_130' title='bbox 2283 1818 2435 1883; x_wconf 89' lang='lat' dir='ltr'><strong>huic</strong></span> <span class='ocrx_word' id='word_1_131' title='bbox 2482 1818 2840 1903; x_wconf 88' lang='lat' dir='ltr'><strong>quaestioni</strong></span> <span class='ocrx_word' id='word_1_132' title='bbox 2885 1821 2956 1879; x_wconf 91' lang='lat' dir='ltr'><strong>et</strong></span> 
     </span>
     <span class='ocr_line' id='line_1_17' title="bbox 565 1920 2958 2011; baseline -0.003 -21"><span class='ocrx_word' id='word_1_133' title='bbox 565 1929 702 2011; x_wconf 89' lang='lat' dir='ltr'><strong>ipse</strong></span> <span class='ocrx_word' id='word_1_134' title='bbox 742 1944 1005 2010; x_wconf 88' lang='lat' dir='ltr'><strong>quaeras</strong></span> <span class='ocrx_word' id='word_1_135' title='bbox 1045 1942 1450 2008; x_wconf 86' lang='lat' dir='ltr'><strong>responsum:</strong></span> <span class='ocrx_word' id='word_1_136' title='bbox 1495 1920 1776 1999; x_wconf 88' lang='lat' dir='ltr'><strong>„Utrum</strong></span> <span class='ocrx_word' id='word_1_137' title='bbox 1814 1922 2190 1989; x_wconf 84' lang='lat' dir='ltr'><strong>Theocritus</strong></span> <span class='ocrx_word' id='word_1_138' title='bbox 2215 1944 2296 1988; x_wconf 91' lang='lat' dir='ltr'><strong>an</strong></span> <span class='ocrx_word' id='word_1_139' title='bbox 2320 1921 2753 1990; x_wconf 85' lang='lat' dir='ltr'><strong>Callimachus</strong></span> <span class='ocrx_word' id='word_1_140' title='bbox 2778 1924 2958 2009; x_wconf 88' lang='lat' dir='ltr'><strong>prior</strong></span> 
     </span>
     <span class='ocr_line' id='line_1_18' title="bbox 568 2025 2957 2114; baseline -0.003 -17"><span class='ocrx_word' id='word_1_141' title='bbox 568 2051 823 2098; x_wconf 89' lang='lat' dir='ltr'><strong>carmen</strong></span> <span class='ocrx_word' id='word_1_142' title='bbox 869 2049 1063 2094; x_wconf 90' lang='lat' dir='ltr'><strong>suum</strong></span> <span class='ocrx_word' id='word_1_143' title='bbox 1109 2031 1363 2114; x_wconf 88' lang='lat' dir='ltr'><strong>scripsit</strong></span> <span class='ocrx_word' id='word_1_144' title='bbox 1380 2025 1449 2092; x_wconf 85' lang='lat'><strong>?&#39;&#39;</strong></span> <span class='ocrx_word' id='word_1_145' title='bbox 1507 2027 1745 2093; x_wconf 89' lang='lat' dir='ltr'><strong>Verum</strong></span> <span class='ocrx_word' id='word_1_146' title='bbox 1794 2029 2111 2094; x_wconf 89' lang='lat' dir='ltr'><strong>eiusmodi</strong></span> <span class='ocrx_word' id='word_1_147' title='bbox 2156 2034 2305 2094; x_wconf 91' lang='lat' dir='ltr'><strong>sunt</strong></span> <span class='ocrx_word' id='word_1_148' title='bbox 2351 2051 2461 2096; x_wconf 91' lang='lat' dir='ltr'><strong>eae</strong></span> <span class='ocrx_word' id='word_1_149' title='bbox 2504 2032 2957 2094; x_wconf 88' lang='lat' dir='ltr'><strong>imitationum</strong></span> 
     </span>
     <span class='ocr_line' id='line_1_19' title="bbox 565 2134 2956 2223; baseline -0.002 -21"><span class='ocrx_word' id='word_1_150' title='bbox 565 2138 1092 2223; x_wconf 80' lang='lat' dir='ltr'><strong>investigationes</strong></span> <span class='ocrx_word' id='word_1_151' title='bbox 1154 2140 1231 2197; x_wconf 89' lang='lat' dir='ltr'><strong>ut</strong></span> <span class='ocrx_word' id='word_1_152' title='bbox 1248 2183 1265 2212; x_wconf 90' lang='lat'><em>,</em></span> <span class='ocrx_word' id='word_1_153' title='bbox 1328 2134 1646 2218; x_wconf 89' lang='lat' dir='ltr'><strong>siquidem</strong></span> <span class='ocrx_word' id='word_1_154' title='bbox 1690 2136 1759 2197; x_wconf 91' lang='lat' dir='ltr'><strong>in</strong></span> <span class='ocrx_word' id='word_1_155' title='bbox 1804 2137 1943 2220; x_wconf 88' lang='lat' dir='ltr'><strong>ipsa</strong></span> <span class='ocrx_word' id='word_1_156' title='bbox 1987 2156 2289 2200; x_wconf 87' lang='lat' dir='ltr'><strong>versuum</strong></span> <span class='ocrx_word' id='word_1_157' title='bbox 2339 2138 2796 2223; x_wconf 88' lang='lat' dir='ltr'><strong>compositione</strong></span> <span class='ocrx_word' id='word_1_158' title='bbox 2816 2183 2831 2211; x_wconf 88' lang='lat'><strong>,</strong></span> <span class='ocrx_word' id='word_1_159' title='bbox 2880 2136 2956 2197; x_wconf 91' lang='lat' dir='ltr'><strong>in</strong></span> 
     </span>
     <span class='ocr_line' id='line_1_20' title="bbox 566 2238 2953 2328; baseline -0.002 -19"><span class='ocrx_word' id='word_1_160' title='bbox 566 2242 933 2318; x_wconf 88' lang='lat' dir='ltr'><strong>verborum,</strong></span> <span class='ocrx_word' id='word_1_161' title='bbox 974 2240 1409 2327; x_wconf 85' lang='lat' dir='ltr'><strong>epithetorum</strong></span> <span class='ocrx_word' id='word_1_162' title='bbox 1427 2289 1443 2317; x_wconf 92' lang='lat'><strong><em>,</em></strong></span> <span class='ocrx_word' id='word_1_163' title='bbox 1484 2238 1842 2325; x_wconf 82' lang='lat' dir='ltr'><strong>figurarum</strong></span> <span class='ocrx_word' id='word_1_164' title='bbox 1886 2244 2138 2306; x_wconf 90' lang='lat' dir='ltr'><strong>minuta</strong></span> <span class='ocrx_word' id='word_1_165' title='bbox 2184 2243 2456 2328; x_wconf 90' lang='lat' dir='ltr'><strong>quadam</strong></span> <span class='ocrx_word' id='word_1_166' title='bbox 2504 2240 2953 2317; x_wconf 88' lang='lat' dir='ltr'><strong>simihtudine,</strong></span> 
     </span>
     <span class='ocr_line' id='line_1_21' title="bbox 567 2345 2955 2433; baseline -0.002 -18"><span class='ocrx_word' id='word_1_167' title='bbox 567 2356 738 2415; x_wconf 87' lang='lat' dir='ltr'><strong>certa</strong></span> <span class='ocrx_word' id='word_1_168' title='bbox 799 2348 1178 2411; x_wconf 86' lang='lat' dir='ltr'><strong>imitationis</strong></span> <span class='ocrx_word' id='word_1_169' title='bbox 1239 2345 1619 2410; x_wconf 88' lang='lat' dir='ltr'><strong>documenta</strong></span> <span class='ocrx_word' id='word_1_170' title='bbox 1682 2345 2061 2430; x_wconf 87' lang='lat' dir='ltr'><strong>deprendere</strong></span> <span class='ocrx_word' id='word_1_171' title='bbox 2124 2348 2361 2425; x_wconf 88' lang='lat' dir='ltr'><strong>studes,</strong></span> <span class='ocrx_word' id='word_1_172' title='bbox 2420 2347 2551 2413; x_wconf 89' lang='lat' dir='ltr'><strong>sola</strong></span> <span class='ocrx_word' id='word_1_173' title='bbox 2596 2349 2717 2413; x_wconf 91' lang='lat' dir='ltr'><strong>tibi</strong></span> <span class='ocrx_word' id='word_1_174' title='bbox 2763 2368 2955 2433; x_wconf 85' lang='lat' dir='ltr'><strong>argu-</strong></span> 
     </span>
     <span class='ocr_line' id='line_1_22' title="bbox 570 2452 2951 2540; baseline -0.002 -19"><span class='ocrx_word' id='word_1_175' title='bbox 570 2461 790 2521; x_wconf 90' lang='lat' dir='ltr'><strong>menta</strong></span> <span class='ocrx_word' id='word_1_176' title='bbox 847 2455 1226 2539; x_wconf 88' lang='lat' dir='ltr'><strong>proveniant</strong></span> <span class='ocrx_word' id='word_1_177' title='bbox 1287 2473 1366 2517; x_wconf 82' lang='lat' dir='ltr'><strong>ex</strong></span> <span class='ocrx_word' id='word_1_178' title='bbox 1425 2473 1617 2516; x_wconf 91' lang='lat' dir='ltr'><strong>sensu</strong></span> <span class='ocrx_word' id='word_1_179' title='bbox 1656 2453 1933 2538; x_wconf 90' lang='lat' dir='ltr'><strong>quodam</strong></span> <span class='ocrx_word' id='word_1_180' title='bbox 1979 2453 2228 2540; x_wconf 88' lang='lat' dir='ltr'><strong>pulchri</strong></span> <span class='ocrx_word' id='word_1_181' title='bbox 2275 2460 2340 2519; x_wconf 91' lang='lat' dir='ltr'><strong>et</strong></span> <span class='ocrx_word' id='word_1_182' title='bbox 2387 2456 2614 2521; x_wconf 89' lang='lat' dir='ltr'><strong>decori.</strong></span> <span class='ocrx_word' id='word_1_183' title='bbox 2666 2454 2804 2535; x_wconf 83' lang='lat' dir='ltr'><strong>Quo</strong></span> <span class='ocrx_word' id='word_1_184' title='bbox 2852 2452 2951 2531; x_wconf 89' lang='lat' dir='ltr'><strong>fit,</strong></span> 
     </span>
     <span class='ocr_line' id='line_1_23' title="bbox 568 2558 2953 2646; baseline -0.002 -18"><span class='ocrx_word' id='word_1_185' title='bbox 568 2568 646 2628; x_wconf 89' lang='lat' dir='ltr'><strong>ut</strong></span> <span class='ocrx_word' id='word_1_186' title='bbox 663 2612 680 2640; x_wconf 91' lang='lat'>‚</span> <span class='ocrx_word' id='word_1_187' title='bbox 744 2559 1182 2626; x_wconf 89' lang='lat' dir='ltr'><strong>deficientibus</strong></span> <span class='ocrx_word' id='word_1_188' title='bbox 1240 2558 1499 2643; x_wconf 91' lang='lat' dir='ltr'><strong>quidem</strong></span> <span class='ocrx_word' id='word_1_189' title='bbox 1559 2561 1641 2623; x_wconf 89' lang='lat' dir='ltr'><strong>iis</strong></span> <span class='ocrx_word' id='word_1_190' title='bbox 1706 2563 2105 2646; x_wconf 81' lang='lat' dir='ltr'><strong>arg-umentis</strong></span> <span class='ocrx_word' id='word_1_191' title='bbox 2167 2582 2327 2646; x_wconf 89' lang='lat' dir='ltr'><strong>quae</strong></span> <span class='ocrx_word' id='word_1_192' title='bbox 2398 2583 2615 2628; x_wconf 89' lang='lat' dir='ltr'><strong>rerum</strong></span> <span class='ocrx_word' id='word_1_193' title='bbox 2676 2561 2953 2625; x_wconf 87' lang='lat' dir='ltr'><strong>historia</strong></span> 
     </span>
     <span class='ocr_line' id='line_1_24' title="bbox 565 2663 2953 2755; baseline -0 -23"><span class='ocrx_word' id='word_1_194' title='bbox 565 2667 897 2755; x_wconf 87' lang='lat' dir='ltr'><strong>praebeat,</strong></span> <span class='ocrx_word' id='word_1_195' title='bbox 961 2667 1100 2750; x_wconf 90' lang='lat' dir='ltr'><strong>ipse</strong></span> <span class='ocrx_word' id='word_1_196' title='bbox 1164 2664 1286 2729; x_wconf 91' lang='lat' dir='ltr'><strong>tibi</strong></span> <span class='ocrx_word' id='word_1_197' title='bbox 1345 2663 1609 2729; x_wconf 85' lang='lat' dir='ltr'><strong>fortasse</strong></span> <span class='ocrx_word' id='word_1_198' title='bbox 1670 2666 2050 2751; x_wconf 87' lang='lat' dir='ltr'><strong>persuadeas</strong></span> <span class='ocrx_word' id='word_1_199' title='bbox 2069 2716 2085 2745; x_wconf 88' lang='lat'><em>‚</em></span> <span class='ocrx_word' id='word_1_200' title='bbox 2159 2667 2346 2733; x_wconf 89' lang='lat' dir='ltr'><strong>alteri</strong></span> <span class='ocrx_word' id='word_1_201' title='bbox 2418 2670 2525 2732; x_wconf 83' lang='lat' dir='ltr'><strong>vix</strong></span> <span class='ocrx_word' id='word_1_202' title='bbox 2586 2687 2746 2753; x_wconf 88' lang='lat' dir='ltr'><strong>quae</strong></span> <span class='ocrx_word' id='word_1_203' title='bbox 2794 2686 2953 2731; x_wconf 90' lang='lat' dir='ltr'><strong>vera</strong></span> 
     </span>
     <span class='ocr_line' id='line_1_25' title="bbox 567 2770 2955 2860; baseline -0.002 -19"><span class='ocrx_word' id='word_1_204' title='bbox 567 2776 688 2841; x_wconf 88' lang='lat' dir='ltr'><strong>tibi</strong></span> <span class='ocrx_word' id='word_1_205' title='bbox 751 2773 1054 2839; x_wconf 91' lang='lat' dir='ltr'><strong>videntur</strong></span> <span class='ocrx_word' id='word_1_206' title='bbox 1111 2771 1358 2857; x_wconf 87' lang='lat' dir='ltr'><strong>probes.</strong></span> <span class='ocrx_word' id='word_1_207' title='bbox 1429 2770 1805 2857; x_wconf 90' lang='lat' dir='ltr'><strong>Numquam</strong></span> <span class='ocrx_word' id='word_1_208' title='bbox 1869 2772 1997 2838; x_wconf 85' lang='lat' dir='ltr'><strong>fere</strong></span> <span class='ocrx_word' id='word_1_209' title='bbox 2043 2776 2219 2837; x_wconf 90' lang='lat' dir='ltr'><strong>enim</strong></span> <span class='ocrx_word' id='word_1_210' title='bbox 2262 2776 2357 2838; x_wconf 90' lang='lat' dir='ltr'><strong>ita</strong></span> <span class='ocrx_word' id='word_1_211' title='bbox 2400 2780 2618 2860; x_wconf 89' lang='lat' dir='ltr'><strong>aperta</strong></span> <span class='ocrx_word' id='word_1_212' title='bbox 2663 2778 2761 2839; x_wconf 91' lang='lat' dir='ltr'><strong>est</strong></span> <span class='ocrx_word' id='word_1_213' title='bbox 2805 2773 2955 2837; x_wconf 90' lang='lat' dir='ltr'><strong>imi-</strong></span> 
     </span>
     <span class='ocr_line' id='line_1_26' title="bbox 571 2877 2952 2963; baseline -0.001 -17"><span class='ocrx_word' id='word_1_214' title='bbox 571 2884 730 2947; x_wconf 87' lang='lat' dir='ltr'><strong>tatio</strong></span> <span class='ocrx_word' id='word_1_215' title='bbox 749 2929 765 2959; x_wconf 88' lang='lat'><em>,</em></span> <span class='ocrx_word' id='word_1_216' title='bbox 829 2886 904 2944; x_wconf 90' lang='lat' dir='ltr'><strong>ut</strong></span> <span class='ocrx_word' id='word_1_217' title='bbox 965 2877 1165 2943; x_wconf 91' lang='lat' dir='ltr'><strong>semel</strong></span> <span class='ocrx_word' id='word_1_218' title='bbox 1228 2878 1763 2943; x_wconf 88' lang='lat' dir='ltr'><strong>commonefactus</strong></span> <span class='ocrx_word' id='word_1_219' title='bbox 1823 2881 2034 2963; x_wconf 89' lang='lat' dir='ltr'><strong>quivis</strong></span> <span class='ocrx_word' id='word_1_220' title='bbox 2095 2882 2316 2944; x_wconf 90' lang='lat' dir='ltr'><strong>statim</strong></span> <span class='ocrx_word' id='word_1_221' title='bbox 2372 2880 2677 2945; x_wconf 86' lang='lat' dir='ltr'><strong>diiudicet</strong></span> <span class='ocrx_word' id='word_1_222' title='bbox 2720 2885 2952 2944; x_wconf 89' lang='lat' dir='ltr'><strong>utrum</strong></span> 
     </span>
     <span class='ocr_line' id='line_1_27' title="bbox 574 2984 2649 3070; baseline -0.002 -17"><span class='ocrx_word' id='word_1_223' title='bbox 574 2988 759 3053; x_wconf 88' lang='lat' dir='ltr'><strong>alteri</strong></span> <span class='ocrx_word' id='word_1_224' title='bbox 805 2984 1172 3070; x_wconf 84' lang='lat' dir='ltr'><strong>exemplum</strong></span> <span class='ocrx_word' id='word_1_225' title='bbox 1219 2984 1582 3068; x_wconf 85' lang='lat' dir='ltr'><strong>praebuerit</strong></span> <span class='ocrx_word' id='word_1_226' title='bbox 1602 3033 1617 3061; x_wconf 89' lang='lat'>‚</span> <span class='ocrx_word' id='word_1_227' title='bbox 1665 2990 1888 3048; x_wconf 88' lang='lat' dir='ltr'><strong>utrum</strong></span> <span class='ocrx_word' id='word_1_228' title='bbox 1932 2987 2281 3050; x_wconf 85' lang='lat' dir='ltr'><strong>imitationi</strong></span> <span class='ocrx_word' id='word_1_229' title='bbox 2328 2985 2649 3051; x_wconf 87' lang='lat' dir='ltr'><strong>debeatur.</strong></span> 
     </span>
     <span class='ocr_line' id='line_1_28' title="bbox 665 3092 2951 3176; baseline 0 -20"><span class='ocrx_word' id='word_1_230' title='bbox 665 3092 970 3157; x_wconf 90' lang='lat' dir='ltr'><strong>Attamen</strong></span> <span class='ocrx_word' id='word_1_231' title='bbox 1010 3092 1077 3153; x_wconf 90' lang='lat' dir='ltr'><strong>in</strong></span> <span class='ocrx_word' id='word_1_232' title='bbox 1116 3095 1329 3154; x_wconf 88' lang='lat' dir='ltr'><strong>nostro</strong></span> <span class='ocrx_word' id='word_1_233' title='bbox 1366 3093 1647 3155; x_wconf 89' lang='lat' dir='ltr'><strong>carmine</strong></span> <span class='ocrx_word' id='word_1_234' title='bbox 1684 3111 1851 3155; x_wconf 89' lang='lat' dir='ltr'><strong>nunc</strong></span> <span class='ocrx_word' id='word_1_235' title='bbox 1868 3139 1885 3167; x_wconf 91' lang='lat'>‚</span> <span class='ocrx_word' id='word_1_236' title='bbox 1912 3093 2119 3156; x_wconf 89' lang='lat' dir='ltr'><strong>nescio</strong></span> <span class='ocrx_word' id='word_1_237' title='bbox 2146 3112 2272 3176; x_wconf 92' lang='lat' dir='ltr'><strong>qua</strong></span> <span class='ocrx_word' id='word_1_238' title='bbox 2295 3094 2488 3157; x_wconf 86' lang='lat' dir='ltr'><strong>tacita</strong></span> <span class='ocrx_word' id='word_1_239' title='bbox 2509 3093 2917 3157; x_wconf 86' lang='lat' dir='ltr'><strong>consensione</strong></span> <span class='ocrx_word' id='word_1_240' title='bbox 2932 3139 2951 3169; x_wconf 89' lang='lat'><strong>,</strong></span> 
     </span>
     <span class='ocr_line' id='line_1_29' title="bbox 572 3195 2956 3284; baseline -0.001 -20"><span class='ocrx_word' id='word_1_241' title='bbox 572 3202 708 3264; x_wconf 91' lang='lat' dir='ltr'><strong>iam</strong></span> <span class='ocrx_word' id='word_1_242' title='bbox 751 3200 919 3261; x_wconf 89' lang='lat' dir='ltr'><strong>inter</strong></span> <span class='ocrx_word' id='word_1_243' title='bbox 964 3198 1297 3281; x_wconf 85' lang='lat' dir='ltr'><strong>plerosque</strong></span> <span class='ocrx_word' id='word_1_244' title='bbox 1345 3216 1418 3261; x_wconf 92' lang='lat' dir='ltr'><strong>ea</strong></span> <span class='ocrx_word' id='word_1_245' title='bbox 1461 3195 1635 3261; x_wconf 87' lang='lat' dir='ltr'><strong>valet</strong></span> <span class='ocrx_word' id='word_1_246' title='bbox 1679 3199 1894 3284; x_wconf 90' lang='lat' dir='ltr'><strong>opinio</strong></span> <span class='ocrx_word' id='word_1_247' title='bbox 1911 3245 1927 3274; x_wconf 90' lang='lat'><em>,</em></span> <span class='ocrx_word' id='word_1_248' title='bbox 1977 3216 2202 3283; x_wconf 89' lang='lat' dir='ltr'><strong>quam,</strong></span> <span class='ocrx_word' id='word_1_249' title='bbox 2252 3218 2290 3262; x_wconf 90' lang='lat' dir='ltr'><strong>a</strong></span> <span class='ocrx_word' id='word_1_250' title='bbox 2334 3198 2563 3263; x_wconf 89' lang='lat' dir='ltr'><strong>multis</strong></span> <span class='ocrx_word' id='word_1_251' title='bbox 2608 3200 2765 3263; x_wconf 89' lang='lat' dir='ltr'><strong>viris</strong></span> <span class='ocrx_word' id='word_1_252' title='bbox 2811 3197 2956 3261; x_wconf 86' lang='lat' dir='ltr'><strong>doc-</strong></span> 
     </span>
     <span class='ocr_line' id='line_1_30' title="bbox 573 3300 2955 3390; baseline -0.001 -20"><span class='ocrx_word' id='word_1_253' title='bbox 573 3307 784 3389; x_wconf 87' lang='lat' dir='ltr'><strong>tisque</strong></span> <span class='ocrx_word' id='word_1_254' title='bbox 831 3302 1154 3367; x_wconf 88' lang='lat' dir='ltr'><strong>defensam</strong></span> <span class='ocrx_word' id='word_1_255' title='bbox 1170 3350 1185 3378; x_wconf 88' lang='lat'><strong>,</strong></span> <span class='ocrx_word' id='word_1_256' title='bbox 1237 3300 1717 3367; x_wconf 83' lang='lat' dir='ltr'><strong>Wilamowitzii</strong></span> <span class='ocrx_word' id='word_1_257' title='bbox 1759 3302 1969 3368; x_wconf 90' lang='lat' dir='ltr'><strong>verbis</strong></span> <span class='ocrx_word' id='word_1_258' title='bbox 2015 3303 2289 3370; x_wconf 89' lang='lat' dir='ltr'><strong>laudabo</strong></span> <span class='ocrx_word' id='word_1_259' title='bbox 2307 3354 2323 3383; x_wconf 88' lang='lat'><em>‚</em></span> <span class='ocrx_word' id='word_1_260' title='bbox 2373 3307 2486 3390; x_wconf 90' lang='lat' dir='ltr'><strong>qui</strong></span> <span class='ocrx_word' id='word_1_261' title='bbox 2532 3305 2749 3370; x_wconf 89' lang='lat' dir='ltr'><strong>scribit</strong></span> <span class='ocrx_word' id='word_1_262' title='bbox 2796 3304 2955 3383; x_wconf 82' lang='lat' dir='ltr'><strong>(An-</strong></span> 
     </span>
     <span class='ocr_line' id='line_1_31' title="bbox 575 3406 2953 3499; baseline 0 -24"><span class='ocrx_word' id='word_1_263' title='bbox 575 3414 830 3499; x_wconf 82' lang='lat' dir='ltr'><strong>tigones</strong></span> <span class='ocrx_word' id='word_1_264' title='bbox 889 3431 953 3474; x_wconf 90' lang='lat' dir='ltr'><strong>v.</strong></span> <span class='ocrx_word' id='word_1_265' title='bbox 1014 3408 1328 3494; x_wconf 84' lang='lat' dir='ltr'><strong>Karystos</strong></span> <span class='ocrx_word' id='word_1_266' title='bbox 1387 3430 1449 3494; x_wconf 91' lang='lat' dir='ltr'><strong>p.</strong></span> <span class='ocrx_word' id='word_1_267' title='bbox 1501 3406 1655 3473; x_wconf 82' lang='lat'><strong>220.</strong></span> <span class='ocrx_word' id='word_1_268' title='bbox 1718 3431 1778 3472; x_wconf 93' lang='lat' dir='ltr'><strong>n.</strong></span> <span class='ocrx_word' id='word_1_269' title='bbox 1830 3408 1944 3490; x_wconf 87' lang='lat'><strong>41)</strong></span> <span class='ocrx_word' id='word_1_270' title='bbox 2012 3409 2183 3487; x_wconf 88' lang='lat' dir='ltr'><strong>„Der</strong></span> <span class='ocrx_word' id='word_1_271' title='bbox 2241 3412 2525 3497; x_wconf 81' lang='lat' dir='ltr'><strong>hymnus</strong></span> <span class='ocrx_word' id='word_1_272' title='bbox 2588 3411 2706 3476; x_wconf 88' lang='lat' dir='ltr'><strong>auf</strong></span> <span class='ocrx_word' id='word_1_273' title='bbox 2754 3409 2953 3477; x_wconf 90' lang='lat' dir='ltr'><strong>Delos</strong></span> 
     </span>
     <span class='ocr_line' id='line_1_32' title="bbox 575 3513 2955 3585; baseline -0.002 0"><span class='ocrx_word' id='word_1_274' title='bbox 575 3539 705 3585; x_wconf 83' lang='lat' dir='ltr'><strong>von</strong></span> <span class='ocrx_word' id='word_1_275' title='bbox 749 3514 1186 3581; x_wconf 85' lang='lat' dir='ltr'><strong>Kallimachos</strong></span> <span class='ocrx_word' id='word_1_276' title='bbox 1229 3516 1319 3578; x_wconf 85' lang='lat' dir='ltr'><strong>ist</strong></span> <span class='ocrx_word' id='word_1_277' title='bbox 1361 3513 1731 3579; x_wconf 90' lang='lat' dir='ltr'><strong>beeinflusst</strong></span> <span class='ocrx_word' id='word_1_278' title='bbox 1775 3514 1975 3579; x_wconf 89' lang='lat' dir='ltr'><strong>durch</strong></span> <span class='ocrx_word' id='word_1_279' title='bbox 2019 3515 2141 3581; x_wconf 91' lang='lat' dir='ltr'><strong>den</strong></span> <span class='ocrx_word' id='word_1_280' title='bbox 2178 3515 2567 3582; x_wconf 88' lang='lat' dir='ltr'><strong>Ptolemaios</strong></span> <span class='ocrx_word' id='word_1_281' title='bbox 2605 3516 2714 3582; x_wconf 92' lang='lat' dir='ltr'><strong>des</strong></span> <span class='ocrx_word' id='word_1_282' title='bbox 2752 3515 2955 3581; x_wconf 90' lang='lat' dir='ltr'><strong>Theo-</strong></span> 
     </span>
     <span class='ocr_line' id='line_1_33' title="bbox 575 3618 2955 3710; baseline 0 -21"><span class='ocrx_word' id='word_1_283' title='bbox 575 3621 845 3689; x_wconf 82' lang='lat' dir='ltr'><strong>kritos&#39;’.</strong></span> <span class='ocrx_word' id='word_1_284' title='bbox 909 3620 1227 3707; x_wconf 82' lang='lat' dir='ltr'><strong>Equidem</strong></span> <span class='ocrx_word' id='word_1_285' title='bbox 1245 3668 1261 3697; x_wconf 87' lang='lat'><em>‚</em></span> <span class='ocrx_word' id='word_1_286' title='bbox 1325 3640 1477 3684; x_wconf 90' lang='lat' dir='ltr'><strong>cum</strong></span> <span class='ocrx_word' id='word_1_287' title='bbox 1530 3622 1697 3684; x_wconf 89' lang='lat' dir='ltr'><strong>inter</strong></span> <span class='ocrx_word' id='word_1_288' title='bbox 1759 3618 2053 3685; x_wconf 83' lang='lat' dir='ltr'><strong>Siculum</strong></span> <span class='ocrx_word' id='word_1_289' title='bbox 2109 3628 2366 3708; x_wconf 89' lang='lat' dir='ltr'><strong>poetam</strong></span> <span class='ocrx_word' id='word_1_290' title='bbox 2412 3630 2478 3688; x_wconf 92' lang='lat' dir='ltr'><strong>et</strong></span> <span class='ocrx_word' id='word_1_291' title='bbox 2523 3621 2955 3710; x_wconf 81' lang='lat' dir='ltr'><strong>Cyrenaicum</strong></span> 
     </span>
     <span class='ocr_line' id='line_1_34' title="bbox 577 3725 2955 3812; baseline -0.001 -15"><span class='ocrx_word' id='word_1_292' title='bbox 577 3738 894 3798; x_wconf 90' lang='lat' dir='ltr'><strong>certamen</strong></span> <span class='ocrx_word' id='word_1_293' title='bbox 965 3730 1086 3793; x_wconf 87' lang='lat' dir='ltr'><strong>erit</strong></span> <span class='ocrx_word' id='word_1_294' title='bbox 1102 3776 1119 3805; x_wconf 92' lang='lat'>‚</span> <span class='ocrx_word' id='word_1_295' title='bbox 1187 3725 1413 3791; x_wconf 90' lang='lat' dir='ltr'><strong>lubens</strong></span> <span class='ocrx_word' id='word_1_296' title='bbox 1475 3747 1727 3812; x_wconf 86' lang='lat' dir='ltr'><strong>semper</strong></span> <span class='ocrx_word' id='word_1_297' title='bbox 1788 3726 2069 3812; x_wconf 87' lang='lat' dir='ltr'><strong>palmam</strong></span> <span class='ocrx_word' id='word_1_298' title='bbox 2128 3727 2463 3795; x_wconf 89' lang='lat' dir='ltr'><strong>Theocrito</strong></span> <span class='ocrx_word' id='word_1_299' title='bbox 2519 3730 2836 3809; x_wconf 77' lang='lat' dir='ltr'><strong>deferam3</strong></span> <span class='ocrx_word' id='word_1_300' title='bbox 2885 3736 2955 3795; x_wconf 88' lang='lat' dir='ltr'><strong>at</strong></span> 
     </span>
     <span class='ocr_line' id='line_1_35' title="bbox 576 3835 2951 3923; baseline -0 -20"><span class='ocrx_word' id='word_1_301' title='bbox 576 3859 744 3903; x_wconf 91' lang='lat' dir='ltr'><strong>nunc</strong></span> <span class='ocrx_word' id='word_1_302' title='bbox 811 3857 960 3901; x_wconf 92' lang='lat' dir='ltr'><strong>cum</strong></span> <span class='ocrx_word' id='word_1_303' title='bbox 1025 3837 1268 3898; x_wconf 85' lang='lat' dir='ltr'><strong>iterum</strong></span> <span class='ocrx_word' id='word_1_304' title='bbox 1326 3835 1693 3919; x_wconf 86' lang='lat' dir='ltr'><strong>iterumque</strong></span> <span class='ocrx_word' id='word_1_305' title='bbox 1754 3854 2002 3899; x_wconf 90' lang='lat' dir='ltr'><strong>carmen</strong></span> <span class='ocrx_word' id='word_1_306' title='bbox 2066 3841 2415 3921; x_wconf 89' lang='lat' dir='ltr'><strong>utrumque</strong></span> <span class='ocrx_word' id='word_1_307' title='bbox 2472 3836 2720 3923; x_wconf 80' lang='lat' dir='ltr'><strong>perlegi</strong></span> <span class='ocrx_word' id='word_1_308' title='bbox 2763 3836 2951 3923; x_wconf 87' lang='lat' dir='ltr'><strong>plura</strong></span> 
     </span>
     <span class='ocr_line' id='line_1_36' title="bbox 579 3939 2952 4029; baseline -0 -18"><span class='ocrx_word' id='word_1_309' title='bbox 579 3964 831 4029; x_wconf 86' lang='lat' dir='ltr'><strong>semper</strong></span> <span class='ocrx_word' id='word_1_310' title='bbox 874 3944 943 4006; x_wconf 90' lang='lat' dir='ltr'><strong>in</strong></span> <span class='ocrx_word' id='word_1_311' title='bbox 981 3939 1352 4005; x_wconf 88' lang='lat' dir='ltr'><strong>Theocriteo</strong></span> <span class='ocrx_word' id='word_1_312' title='bbox 1393 3941 1679 4005; x_wconf 89' lang='lat' dir='ltr'><strong>encomio</strong></span> <span class='ocrx_word' id='word_1_313' title='bbox 1719 3943 2103 4006; x_wconf 86' lang='lat' dir='ltr'><strong>imitationis</strong></span> <span class='ocrx_word' id='word_1_314' title='bbox 2137 3944 2418 4027; x_wconf 81' lang='lat' dir='ltr'><strong>vestig-ia</strong></span> <span class='ocrx_word' id='word_1_315' title='bbox 2454 3963 2559 4008; x_wconf 90' lang='lat' dir='ltr'><strong>me</strong></span> <span class='ocrx_word' id='word_1_316' title='bbox 2584 3943 2952 4010; x_wconf 82' lang='lat' dir='ltr'><strong>observasse</strong></span> 
     </span>
     <span class='ocr_line' id='line_1_37' title="bbox 577 4043 2953 4137; baseline 0.001 -23"><span class='ocrx_word' id='word_1_317' title='bbox 577 4072 703 4115; x_wconf 89' lang='lat' dir='ltr'><strong>non</strong></span> <span class='ocrx_word' id='word_1_318' title='bbox 770 4046 1037 4134; x_wconf 82' lang='lat' dir='ltr'><strong>negabo.</strong></span> <span class='ocrx_word' id='word_1_319' title='bbox 1108 4043 1277 4124; x_wconf 76' lang='lat' dir='ltr'><strong>Quin</strong></span> <span class='ocrx_word' id='word_1_320' title='bbox 1347 4048 1484 4131; x_wconf 88' lang='lat' dir='ltr'><strong>ipsa</strong></span> <span class='ocrx_word' id='word_1_321' title='bbox 1553 4045 1801 4111; x_wconf 85' lang='lat' dir='ltr'><strong>insulae</strong></span> <span class='ocrx_word' id='word_1_322' title='bbox 1860 4049 2102 4113; x_wconf 89' lang='lat' dir='ltr'><strong>mentio</strong></span> <span class='ocrx_word' id='word_1_323' title='bbox 2163 4050 2232 4111; x_wconf 91' lang='lat' dir='ltr'><strong>in</strong></span> <span class='ocrx_word' id='word_1_324' title='bbox 2280 4045 2660 4115; x_wconf 83' lang='lat' dir='ltr'><strong>Callimachi</strong></span> <span class='ocrx_word' id='word_1_325' title='bbox 2702 4051 2953 4137; x_wconf 84' lang='lat' dir='ltr'><strong>hymno</strong></span> 
     </span>
     <span class='ocr_line' id='line_1_38' title="bbox 577 4152 2957 4237; baseline 0 -16"><span class='ocrx_word' id='word_1_326' title='bbox 577 4176 796 4221; x_wconf 80' lang='lat' dir='ltr'><strong>rerum</strong></span> <span class='ocrx_word' id='word_1_327' title='bbox 840 4152 1045 4218; x_wconf 80' lang='lat' dir='ltr'><strong>ordini</strong></span> <span class='ocrx_word' id='word_1_328' title='bbox 1094 4172 1288 4237; x_wconf 86' lang='lat' dir='ltr'><strong>quam</strong></span> <span class='ocrx_word' id='word_1_329' title='bbox 1334 4153 1618 4215; x_wconf 70' lang='lat' dir='ltr'><strong>maxime</strong></span> <span class='ocrx_word' id='word_1_330' title='bbox 1671 4156 2001 4231; x_wconf 78' lang='lat' dir='ltr'><strong>convenit,</strong></span> <span class='ocrx_word' id='word_1_331' title='bbox 2061 4154 2511 4234; x_wconf 74' lang='grc' dir='ltr'><strong><em>προσωποποιΐα</em></strong></span> <span class='ocrx_word' id='word_1_332' title='bbox 2552 4155 2667 4220; x_wconf 81' lang='lat' dir='ltr'><strong>illa</strong></span> <span class='ocrx_word' id='word_1_333' title='bbox 2709 4158 2779 4221; x_wconf 87' lang='lat' dir='ltr'><strong>in</strong></span> <span class='ocrx_word' id='word_1_334' title='bbox 2826 4178 2957 4222; x_wconf 78' lang='lat' dir='ltr'><strong>oar-</strong></span> 
     </span>
     <span class='ocr_line' id='line_1_39' title="bbox 578 4256 2951 4343; baseline -0.001 -13"><span class='ocrx_word' id='word_1_335' title='bbox 578 4265 752 4330; x_wconf 88' lang='lat' dir='ltr'><strong>mine</strong></span> <span class='ocrx_word' id='word_1_336' title='bbox 811 4257 1067 4326; x_wconf 84' lang='lat' dir='ltr'><strong>Deliaco</strong></span> <span class='ocrx_word' id='word_1_337' title='bbox 1088 4306 1104 4335; x_wconf 88' lang='lat'><em>‚</em></span> <span class='ocrx_word' id='word_1_338' title='bbox 1149 4278 1299 4323; x_wconf 91' lang='lat' dir='ltr'><strong>cum</strong></span> <span class='ocrx_word' id='word_1_339' title='bbox 1359 4256 1436 4321; x_wconf 91' lang='lat' dir='ltr'><strong>de</strong></span> <span class='ocrx_word' id='word_1_340' title='bbox 1484 4257 1739 4323; x_wconf 86' lang='lat' dir='ltr'><strong>Asteria</strong></span> <span class='ocrx_word' id='word_1_341' title='bbox 1783 4258 2101 4343; x_wconf 90' lang='lat' dir='ltr'><strong>Apollinis</strong></span> <span class='ocrx_word' id='word_1_342' title='bbox 2148 4262 2519 4342; x_wconf 80' lang='grc' dir='ltr'><strong><em>κουροτρόφῳ</em></strong></span> <span class='ocrx_word' id='word_1_343' title='bbox 2566 4282 2774 4327; x_wconf 88' lang='lat' dir='ltr'><strong>sermo</strong></span> <span class='ocrx_word' id='word_1_344' title='bbox 2822 4269 2951 4341; x_wconf 87' lang='lat' dir='ltr'><strong>est,</strong></span> 
     </span>
     <span class='ocr_line' id='line_1_40' title="bbox 580 4361 2952 4457; baseline 0 -23"><span class='ocrx_word' id='word_1_345' title='bbox 580 4388 740 4457; x_wconf 89' lang='lat' dir='ltr'><strong>quae</strong></span> <span class='ocrx_word' id='word_1_346' title='bbox 801 4368 942 4453; x_wconf 89' lang='lat' dir='ltr'><strong>ipsa</strong></span> <span class='ocrx_word' id='word_1_347' title='bbox 1003 4362 1119 4429; x_wconf 94' lang='lat' dir='ltr'><strong>dea</strong></span> <span class='ocrx_word' id='word_1_348' title='bbox 1176 4364 1384 4428; x_wconf 85' lang='lat' dir='ltr'><strong>fuerat</strong></span> <span class='ocrx_word' id='word_1_349' title='bbox 1399 4410 1416 4439; x_wconf 92' lang='lat'>‚</span> <span class='ocrx_word' id='word_1_350' title='bbox 1487 4361 1652 4427; x_wconf 88' lang='lat' dir='ltr'><strong>nihil</strong></span> <span class='ocrx_word' id='word_1_351' title='bbox 1716 4363 1907 4429; x_wconf 88' lang='lat' dir='ltr'><strong>habet</strong></span> <span class='ocrx_word' id='word_1_352' title='bbox 1968 4364 2134 4451; x_wconf 86' lang='lat' dir='ltr'><strong>quod</strong></span> <span class='ocrx_word' id='word_1_353' title='bbox 2195 4364 2466 4432; x_wconf 85' lang='lat' dir='ltr'><strong>offendat</strong></span> <span class='ocrx_word' id='word_1_354' title='bbox 2482 4416 2499 4445; x_wconf 91' lang='lat'><strong><em>,</em></strong></span> <span class='ocrx_word' id='word_1_355' title='bbox 2574 4372 2952 4455; x_wconf 87' lang='lat' dir='ltr'><strong>praesertim</strong></span> 
     </span>
    </p>
   </div>
  </div>
 </body>
</html>
