3192 5009
622 263 751 330 186
1567 283 2013 332 Aruszro‘rnnns.

703 451 851 516 Non
915 450 1199 515 melioris
1266 456 1486 515 autem
1557 456 1744 517 notae
1813 472 1949 516 esse
2011 452 2177 515 mihi
2239 452 2497 517 videtur
2552 450 2624 515 id
2689 450 2870 535 quod
2933 448 3004 514 de

610 558 982 623 ostracismo
1057 555 1303 642 legitur
1378 560 1447 620 in
1522 560 1731 641 capite
1811 556 1916 621 43.
2007 556 2174 636 Quid
2251 558 2513 622 tandem
2583 556 3006 622 statuendum
3122 568 3123 629 ζ

614 664 690 728 (18
738 684 847 741 80,
897 666 1007 748 qui
1052 668 1394 747 postquam
1440 663 1606 727 dixit
1651 668 1728 743 (c.
1770 661 1882 743 41)
1936 662 2233 728 undecies
2284 662 2431 728 inde
2487 663 2567 728 ab
2623 662 2798 728 Ionis
2849 682 3004 727 aevo
3122 666 3123 673 ’

610 774 931 834 mutatam
1002 789 1135 834 esse
1195 769 1464 833 Athenis
1527 767 1912 854 reipublicae
1973 768 2402 833 conditionem
2423 815 2439 845 ,
2503 768 2653 833 inde
2729 769 2814 833 ab
2883 768 3009 832 Eu-

610 874 771 940 clide
842 880 1061 939 autem
1131 874 1398 939 eandem
1467 876 1889 960 permansisse
1907 922 1923 951 ,
1991 874 2215 939 deinde
2277 874 2583 939 ultimam
2651 876 2820 940 hanc
2893 878 3008 939 rei·

609 980 901 1066 publicae
974 980 1247 1045 formam
1322 1017 1409 1029 -—-
1480 972 1676 1065 quam
1745 980 1860 1065 per
1929 984 2262 1067 octoginta
2331 983 2646 1046 nimirum
2720 1002 2929 1046 annos
2959 984 3007 1058 ¹)

607 1086 773 1151 nihil
832 1107 868 1151 a
928 1088 1198 1171 pristino
1265 1092 1440 1151 statu
1500 1086 1826 1151 deflexisse
1861 1086 2125 1151 'credere
2167 1087 2468 1152 iubemur
2516 1125 2601 1135 —
2653 1086 2819 1152 dum
2870 1087 3006 1151 fuse
3122 1078 3123 1103 ¹

610 1193 908 1258 describit
969 1199 1047 1271 (c.
1101 1192 1187 1256 42
1216 1198 1399 1277 sqq.),
1462 1199 1527 1256 et
1588 1192 1713 1257 alia
1774 1192 1969 1256 refert
2030 1199 2095 1256 et
2154 1192 2311 1257 hoc:
2356 1195 2696 1278 quotannis
2735 1194 3006 1258 Athenis

611 1301 825 1384 rogari
884 1298 1202 1383 populum
1264 1296 1503 1363 velitne
1566 1318 1645 1362 an
1707 1298 1872 1362 nolit
1918 1299 2037 1363 hoc
2083 1319 2246 1363 anno
2291 1304 2608 1364 testarum
2655 1298 2796 1364 fieri
2847 1298 3006 1363 iudi-

610 1406 806 1470 cium.
894 1402 1321 1488 Nunquamne
1409 1405 1616 1489 igitur
1693 1403 2019 1467 inaudivit
2095 1402 2472 1475 Aristoteles
2550 1402 3003 1490 Hyperbolum

613 1510 932 1595 quendam
1001 1511 1237 1573 vixisse
1309 1507 1503 1586 olim,
1570 1512 1682 1593 qui
1742 1530 1894 1573 cum
1955 1530 2116 1573 anno
2165 1506 2296 1574 41¹7
2347 1513 2722 1575 ostracismo
2773 1508 2998 1595 pulsus

613 1622 779 1681 esset
826 1653 912 1664 —-
962 1622 1029 1679 at
1091 1618 1273 1701 piget
1333 1635 1599 1699 pergere
1650 1615 1725 1678 de
1771 1634 1838 1679 re
1886 1613 2585 1695 notissima.²).'1'acet
2631 1615 2709 1681 de
2753 1615 3004 1702 Hyper-

613 1722 758 1787 bolo
829 1721 1234 1787 Aristoteles:
1303 1724 1620 1785 miramur
1678 1720 1978 1785 fortasse·
1962 1769 1978 1798 ,
2046 1729 2114 1784 at
2176 1720 2252 1785 de
2315 1720 2460 1785 aliis
2508 1742 2761 1807 quoque
2813 1723 2968 1785 viris
2987 1766 3002 1795 ‚

614 1831 727 1914 qui
791 1848 1061 1913 magnas
1128 1830 1197 1891 in
1271 1848 1400 1912 rep.
1452 1827 1946 1891 Atheniensium
2015 1832 2227 1911 partes
2297 1832 2605 1912 egerunt,
2671 1832 2877 1903 tacet,
2943 1832 3003 1890 et

612 1955 840 2020 parum
915 1934 1079 1997 afuit
1145 1935 1299 2018 quin
1370 1932 1445 1997 de
1514 1935 1654 2017 ipso
1715 1932 1960 1997 Pericle
2025 1937 2282 1997 taceret.
2348 1931 2475 1998 Sed
2533 1940 2672 1998 tam
2733 1930 3000 1997 ridicule

612 2060 820 2106 errare
883 2060 1006 2104 non
1072 2041 1289 2123 potuit
1348 2036 1770 2123 philosophus
1835 2045 1912 2102 ut
1977 2037 2257 2103 crederet
2303 2058 2420 2103 suo
2470 2041 2668 2103 etiam
2716 2044 2998 2123 tempore

614 2145 885 2211 Athenis
946 2147 1167 2230 vigere
1226 2146 1604 2207 institutum
1658 2143 1828 2229 quod
1873 2140 2104 2207 multis
2153 2145 2332 2207 8111118
2357 2132 2526 2209 'ante
2573 2148 2714 2209 eius
2757 2142 2996 2209 natales

610 2256 680 2317 in
735 2251 1223 2317 desuetudinem
1268 2249 1529 2314 abiisset
1556 2247 1626 2330 ³).
1676 2249 1886 2313 Immo
1933 2250 2038 2314 hic
2085 2248 2263 2314 locus
2311 2252 2366 2313 si
2413 2253 2558 2335 quis
2603 2250 2769 2315 alius
2823 2250 2999 2314 docu-

610 2364 829 2422 mento
877 2377 1013 2421 esse
1059 2355 1223 2420 mihi
1269 2354 1547 2431 videtur,
1599 2362 1896 2439 excerpta
1941 2357 2120 2419 varia
2166 2375 2294 2419 non
2339 2356 2432 2419 ita
2472 2356 2631 2421 bene
2669 2357 2996 2421 cohaeren-

609 2468 703 2528 tia
758 2466 828 2526 in
888 2462 1039 2527 libri
1102 2460 1387 2545 aliquam
1450 2462 1730 2545 speciem
1793 2481 1929 2525 esse
1991 2460 2247 2525 redacta
2293 2467 2358 2525 et
2403 2458 2754 2526 clarissimo
2805 2458 2999 2547 philo-

612 2570 811 2654 sopho
876 2566 1212 2653 adscripta.
1278 2566 1378 2629 Ex
1440 2569 1579 2631 81118
1641 2566 1892 2645 8811018,
1959 2587 2038 2631 ex
2093 2568 2231 2630 eius
2280 2587 2387 2631 ore
2433 2567 2696 2632 fortasse
2743 2567 2994 2632 fluxisse

613 2694 1023 2761 quaecunque
1082 2675 1303 2735 insunt
1362 2677 1591 2737 notatu
1657 2672 1882 2759 digna.
1946 2673 2016 2737 id
2077 2671 2356 2757 profecto
2418 2694 2544 2737 11011
2615 2694 2821 2760 neg03
2894 2668 2996 2735 sed

612 2802 778 2867 nego
823 2777 1189 2844 Aristotelis
1236 2798 1552 2863 magnum
1596 2798 1829 2843 nomen
1877 2777 2118 2863 aliquid
2166 2776 2380 2843 valere
2428 2786 2505 2843 ut
2551 2800 2626 2844 ea
2667 2800 2826 2844 vera
2871 2796 2994 2842 esse

612 2887 945 2953 credamus
1009 2905 1170 2969 quae
1234 2886 1359 2947 nisi
1420 2886 1557 2947 eius
1619 2888 1998 2949 auctoritate
2045 2885 2301 2948 munita
2343 2887 2411 2949 in
2457 2885 2576 2950 hoc
2622 2884 2789 2950 libro
2836 2883 2994 2968 lege-

611 3000 837 3061 rentur
880 2992 1032 3057 ilico
1080 2994 1481 3056 reiceremus.

704 3197 933 3261 Finem
998 3193 1364 3281 disputandi
1418 3193 1650 3258 faciam
1696 3196 1766 3257 in
1809 3193 1950 3258 loco
1969 3242 1984 3271 ‚
2037 3215 2160 3279 quo
2206 3198 2418 3259 nescio
2465 3216 2546 3258 an
2592 3194 2816 3259 nullus
2867 3198 2989 3257 toto

613 3304 779 3368 libro
841 3307 1127 3367 occurrat
1193 3301 1451 3385 dignior
1510 3303 1579 3363 in
1639 3320 1833 3384 quem
1878 3299 2203 3386 philologi
2246 3304 2485 3365 mentis
2531 3320 2684 3365 suae
2733 3318 2990 3365 acumen

613 3414 1002 3474 convertant.
1074 3404 1286 3491 Caput
1355 3405 1493 3470 dico
1550 3404 1658 3482 24,
1725 3405 1838 3469 ubi
1899 3405 2278 3470 describitur
2339 3406 2664 3491 popularis
2727 3406 2838 3472 ille
2887 3405 2992 3469 rei-

613 3514 907 3602 publicae
972 3520 1211 3590 8181118,
1276 3514 1387 3597 qui
1444 3512 1521 3576 ab
1567 3511 1848 3577 Aristide
1897 3518 1993 3575 est
2035 3513 2412 3578 inchoatus:
2463 3514 2822 3592 συνέβαινεν
2871 3510 2986 3591 γὰρ

614 3620 741 3687 ἀπὸ
805 3622 921 3683 τῶν
984 3618 1180 3698 Φόρων
1232 3620 1337 3682 καὶ
1388 3624 1501 3681 τῶν
1550 3626 1742 3682 τελῶν
1793 3619 1924 3700 [καὶ
1977 3616 2129 3701 del.]
2178 3623 2296 3681 τῶν
2343 3618 2706 3699 συμμάχων
2751 3617 2987 3685 πλείους

616 3728 651 3803 ἣ
702 3725 1039 3805 δισμυρίους
1088 3720 1312 3802 ἄνδρας
1361 3723 1720 3804 τρέφεσθαι.
1785 3723 2074 3787 δικασταὶ
2119 3725 2231 3799 μὲν
2266 3726 2395 3806 γὰρ
2437 3718 2649 3809 ἦ[σα]ν
2689 3722 2992 3802 ἑξακισχί-

680 3984 731 4044 1)
785 3984 900 4031 Post
944 3998 1121 4031 annum
1161 3981 1257 4029 329
1294 3981 1529 4045 scriptum
1564 3996 1662 4029 ease
1698 3980 1916 4031 libellum
1952 3982 2122 4031 docent
2155 4000 2196 4032 c.
2232 3987 2296 4031 54
2331 3987 2380 4033 et
2417 3984 2478 4033 61
2517 3986 2622 4042 fin;
2663 4000 2720 4033 ex
2751 4001 2791 4033 c.
2831 3986 2893 4033 46
2925 3980 2991 4029 vir

611 4065 656 4113 d.
706 4064 765 4114 C.
799 4065 939 4113 Toaa
980 4064 1089 4113 coll.
1140 4064 1251 4113 CIA
1292 4064 1345 4113 11
1384 4065 1479 4111 808
1498 4080 1566 4127 sq.
1616 4065 1772 4112 effecit
1813 4066 2048 4129 scriptum
2099 4080 2196 4114 esse
2242 4070 2353 4115 ante
2389 4082 2567 4116 annum
2603 4068 2847 4132 325‚.qno
2883 4077 2992 4114 1111110

606 4146 982 4211 quinquin-mes,
1026 4160 1232 4210 quarum
1269 4144 1400 4194 nulla
1436 4146 1562 4210 apud
1599 4146 1908 4195 Aristotelem
1945 4149 1998 4196 fit
2033 4148 2242 4206 mentio,
2281 4148 2490 4213 primum
2524 4147 2710 4214 publice
2748 4154 2861 4198 eunt
2894 4160 2990 4196 con·

607 4230 831 4277 structae.
870 4227 999 4275 Huic
1031 4231 1191 4276 tamen
1212 4232 1493 4291 argumento
1511 4228 1820 4290 quantumvis
1836 4228 2044 4293 specioso
2065 4229 2248 4277 nonita
2267 4230 2476 4280 multum
2494 4230 2711 4294 equidem
2729 4229 2993 4281 tribuerim.

680 4310 736 4372 2)
772 4309 847 4358 ef.
886 4309 1135 4358 Plutarch.
1170 4310 1321 4358 Arist.
1358 4310 1389 4362 7
1426 4310 1531 4359 Nic.
1576 4310 1656 4358 11.

683 4394 737 4453 3)
772 4391 845 4441 ef.
886 4391 1124 4440 Vnmox
1160 4391 1211 4440 in
1246 4392 1560 4455 Mnemosyne
1591 4392 1704 4441 anni
1747 4392 1872 4443 1887
1911 4395 2110 4458 p.-354.
