3192 5009
1286 257 1646 309 mesmes.
2514 235 2648 307 377

292 425 558 492 exhibuit
572 447 590 504 ;
640 426 1005 492 divinamus
1053 447 1206 491 eum
1253 427 1374 492 hoc
1422 425 1738 492 voluisse:
1799 426 2030 503 „ambo
2073 425 2348 490 volebant
2392 431 2513 506 (se)
2559 425 2650 488 al-
2695 429 2711 438 “

290 541 461 597 ter-nos
504 539 611 612 (=
635 531 896 599 alternis
932 533 1212 608 vicibus)
1250 532 1585 596 meminisse
1625 531 1906 608 Musae'’,
1949 552 2226 617 quorum
2265 534 2650 598 sententiam

287 637 652 724 pellucidam
712 637 1215 720 (einleuchtend)
1276 639 1437 703 hanc
1501 659 1636 704 esse
1698 641 1821 704 ait:
1890 637 2045 716 „der
2103 640 2243 702 eine
2303 637 2426 702 soll
2475 641 2648 703 seine

284 743 638 830 „Dichtung
681 749 1026 831 vortragen
1045 794 1061 823 ,
1113 744 1223 809 der
1272 744 1501 809 andere
1542 745 1658 808 ihn
1695 743 2019 830 begleiten
2039 793 2055 821 ‚
2104 744 2235 808 und
2275 764 2440 809 zwar
2478 747 2649 810 eines

282 872 417 927 „um
464 851 573 916 das
619 850 912 918 andere'’.
963 849 1195 917 Credat
1242 850 1523 916 Judaeus
1570 848 1833 936 Apellei

353 956 511 1037 Quid
555 955 805 1044 igitur?
868 957 1093 1023 Nonne
1142 963 1393 1022 servata
1442 955 1713 1022 lectione
1763 957 2038 1020 volebant
2081 956 2186 1022 vei
2231 958 2492 1021 volebam
2536 978 2647 1021 un-

278 1062 449 1149 dique
494 1069 703 1128 sentes
750 1069 815 1128 et
863 1067 1080 1149 spinae
1129 1061 1321 1128 sunt?

352 1167 622 1235 Fortiter
682 1167 923 1255 aliquid
986 1168 1353 1234 audendum
1416 1168 1694 1233 videtur.
1759 1168 1876 1233 Est
1938 1174 2158 1233 autem
2215 1171 2284 1234 in
2340 1175 2647 1255 promptu

278 1272 637 1359 simpliciter
681 1278 773 1340 sic
814 1277 1165 1360 corrigere:
1218 1297 1276 1338 a.
1322 1275 1415 1338 M.
1459 1273 1864 1337 cecinisse
1903 1274 2208 1352 volebant,
2255 1295 2406 1340 nam
2444 1281 2650 1339 amant

278 1380 497 1443 alterna
551 1381 837 1466 Camenae
885 1379 946 1445 3.
976 1377 1083 1446 59.
1134 1379 1259 1445 Sed
1308 1377 1534 1444 multis
1585 1378 1663 1444 de
1708 1382 1915 1444 causis
1959 1378 2027 1442 id
2064 1401 2191 1445 non
2233 1380 2644 1458 commendo,

278 1487 518 1551 tametsi
562 1487 630 1549 in
674 1486 953 1571 perfecto
1002 1485 1181 1550 nulla
1228 1491 1327 1550 est
1374 1484 1632 1550 offensio
1650 1533 1666 1561 ‚
1719 1486 1774 1548 si
1819 1505 2146 1569 comparas
2181 1486 2340 1552 Aen.
2383 1484 2446 1550 3.
2490 1485 2643 1552 606.

280 1591 331 1654 6.
378 1588 461 1656 ’78
509 1597 575 1657 et
621 1590 757 1657 Ecl.
811 1592 914 1656 10.
968 1591 1055 1658 '70
1112 1593 1256 1654 haee
1300 1599 1397 1654 sat
1445 1591 1563 1654 erit
1607 1597 1862 1654 vestrum
1910 1591 2189 1655 cecinisse
2222 1599 2481 1675 poetam.
2532 1592 2648 1658 Ve-

277 1721 406 1764 rum
448 1721 602 1764 cum
649 1699 775 1764 elie
824 1700 1078 1765 obstant
1097 1749 1112 1778 ‚
1163 1706 1305 1764 tum
1354 1698 1522 1784 quod
1580 1697 1656 1762 M
1672 1719 1816 1763 usa
1863 1701 1931 1763 in
1977 1697 2281 1764 bucolicis
2326 1720 2645 1786 nusquam

276 1811 360 1869 est
402 1825 647 1871 nomen
710 1808 916 1891 ipsius
977 1807 1263 1870 numinis
1280 1854 1297 1882 ,
1359 1804 1470 1870 sed
1520 1807 1824 1869 carminis
1872 1803 1978 1869 vel
2025 1807 2212 1883 artis,
2263 1809 2369 1871 cui
2413 1809 2647 1891 praesi-

278 1911 410 1976 dent
470 1932 545 1976 ea
598 1913 883 1976 numina.
934 1908 1031 1978 Cf.
1080 1909 1130 1975 Ι.
1182 1911 1223 1976 2
1272 1911 1602 1974 silvestrem
1652 1911 1892 1974 Musam
1937 1911 2268 1975 meditaris.
2317 1911 2430 1976 ΠΙ.
2477 1911 2562 1976 60
2605 1936 2645 1975 a

276 2015 407 2080 Jove
452 2016 836 2098 principium
900 2018 1135 2081 Musae.
1188 2014 1276 2081 84
1340 2016 1540 2080 Pollio
1603 2023 1763 2078 amat
1821 2023 2082 2079 nostram
2137 2017 2396 2082 Musam.
2445 2017 2552 2081 VI.
2603 2015 2641 2082 '7

275 2129 543 2200 cyrestem
588 2122 914 2186 meditabor
962 2122 1222 2185 Musam.
1275 2120 1503 2185 VIIII
1548 2126 1615 2186 et
1659 2118 1698 2184 5
1747 2119 2038 2183 Damonis
2085 2121 2326 2184 Musam
2363 2122 2640 2186 dicemus.

275 2225 437 2312 Ipsae
487 2227 639 2294 deae
685 2234 1135 2312 nuncupantur
1176 2227 1455 2289 Pierides
1494 2225 1581 2289 VI
1625 2221 1730 2302 13,
1782 2224 1934 2289 VIII
1976 2223 2082 2302 63,
2134 2224 2230 2289 IX
2272 2224 2379 2303 33,
2428 2227 2490 2290 X
2533 2225 2641 2292 72.

278 2334 545 2397 Camenae
598 2332 689 2397 Ill
741 2331 847 2397 59.
916 2333 1113 2396 Divae
1162 2333 1218 2395 X
1277 2331 1363 2396 60
1383 2381 1398 2408 ,
1464 2339 1529 2396 et
1576 2330 1779 2397 semel
1832 2331 2119 2394 Sieebides
2181 2333 2399 2396 Musae
2446 2332 2529 2396 IV
2581 2333 2639 2397 1.

272 2439 422 2504 Puto
482 2443 689 2527 igitur
748 2460 897 2505 cum
942 2438 1243 2504 Kolstero
1293 2440 1511 2502 Musae
1558 2459 1694 2503 esse
1741 2440 2108 2524 genitivum
2126 2487 2142 2516 ,
2206 2447 2270 2504 et
2315 2439 2643 2504 meminisse

276 2545 471 2610 Musae
531 2567 721 2610 sensu
781 2547 1037 2631 proprio
1104 2544 1493 2632 sig-nificare:
1557 2547 1627 2609 in
1685 2547 2064 2609 memoriam
2116 2565 2408 2610 revocare
2455 2551 2643 2610 antea

270 2651 563 2717 meditata
605 2655 907 2717 carmina.
957 2651 1061 2716 Sic
1100 2651 1271 2736 apud
1316 2649 1653 2716 Catullum
1691 2652 1758 2713 in
1798 2653 2143 2715 certamine
2184 2654 2430 2715 musico
2469 2673 2522 2716 c.
2553 2650 2640 2715 62

270 2759 514 2824 invenes
568 2758 646 2824 de
691 2758 1055 2844 virginibus
1103 2757 1223 2822 hoc
1271 2761 1624 2822 testantur:
1675 2756 1928 2838 aspicite
1945 2805 1960 2834 ‚
2010 2757 2304 2839 innuptae
2345 2779 2536 2820 seeum
2567 2763 2641 2820 ut

269 2865 537 2928 meditata
580 2865 897 2950 requirunt
940 2866 984 2928 i.
1013 2885 1065 2928 e.
1119 2869 1305 2927 antea
1352 2865 1637 2948 cogitate.
1683 2868 1978 2927 exercent
2017 2875 2080 2926 et
2119 2865 2186 2927 in
2225 2868 2511 2928 mentem
2549 2882 2641 2927 re-

268 2969 531 3035 trahunt.
600 2969 951 3056 Hucusque
1014 2967 1175 3034 nihil
1222 2971 1291 3032 in
1339 2971 1654 3052 scriptura
1704 2971 1958 3032 mutavi
1975 3017 1991 3044 ‚
2049 2967 2156 3033 sed
2203 2966 2363 3033 levis
2408 2967 2638 3032 menda

268 3080 353 3138 est
396 3077 463 3140 in
504 3075 809 3153 volebam,
852 3095 1005 3140 nam
1050 3072 1375 3160 Vergilius
1416 3073 1589 3138 dedit
1631 3074 1768 3136 val
1783 3074 2018 3137 ebant
2031 3121 2048 3152 ,
2091 3079 2166 3137 ut
2204 3080 2300 3138 est
2338 3076 2402 3136 in
2444 3095 2506 3137 v.
2551 3069 2636 3139 37

270 3179 509 3268 eclogae
555 3181 649 3245 IX
668 3230 686 3259 ,
744 3184 855 3266 qui
902 3181 1074 3245 hunc
1122 3185 1414 3245 nostrum
1463 3182 1725 3265 egregie
1773 3177 2090 3244 illustrat:
2157 3181 2376 3270 tacitus
2423 3201 2638 3242 meeum

268 3287 383 3368 ipse
440 3287 636 3351 vobuto
656 3335 671 3364 ,
732 3287 789 3349 si
850 3287 1081 3351 valeam
1143 3286 1472 3349 meminisse
1487 3307 1503 3362 ;
1574 3285 1848 3369 denique
1916 3287 1971 3348 si
2036 3305 2150 3369 pro
2199 3285 2464 3348 alternos
2507 3305 2641 3350 cor-

266 3396 489 3458 rexeris
560 3393 759 3456 altern
778 3392 847 3456 is
864 3442 879 3470 ,
952 3391 1115 3457 nihil
1177 3391 1562 3457 desiderabis
1632 3394 1700 3454 in
1776 3389 2148 3475 planissimo
2218 3410 2444 3455 versu:
2519 3393 2572 3454 Α
2589 3391 2638 3452 l-

269 3498 511 3562 ternis
558 3499 835 3562 Musae
888 3497 1340 3562 meminisse
1397 3474 1816 3574 valebd’nt,
1879 3518 2004 3581 quo
2060 3499 2368 3580 expressit
2415 3501 2634 3581 poeta,

270 3609 599 3689 utrumque
660 3609 910 3669 tacente
973 3603 1171 3668 altero
1233 3602 1589 3669 identidem
1652 3605 1718 3666 in
1775 3608 2083 3688 promptu
2129 3601 2428 3667 habuisse
2475 3621 2636 3688 quae

274 3712 581 3777 occineret.
