3192 5009
555 325 685 392 428
1559 341 1908 394 vrrnuwus.

553 513 896 577 cinationes
941 511 1205 578 alteram
1245 517 1310 578 et
1348 515 1605 578 tertiam
1644 511 2063 597 descripseris,
2090 533 2163 577 eo
2188 511 2447 599 longius
2472 514 2921 599 proscaenium

553 617 814 682 habebis
832 667 848 696 ,
921 639 1045 702 quo
1107 619 1394 684 breviore
1457 618 1627 683 radio
1690 639 1793 682 eas
1854 620 2289 684 circinationes
2354 618 2757 705 descripseris
2774 667 2793 696 ,
2844 639 2925 683 eo

553 725 806 789 brevius
853 727 1309 810 proscaenium.

642 829 764 894 Vix
811 851 1066 895 monere
1112 851 1272 915 opus
1317 837 1414 894 est
1460 831 1834 896 architectos
1870 833 1939 894 in
1962 821 2488 916 descriptionibus
2514 830 2930 917 expediendis

550 935 976 1001 intervallum.
1020 943 1083 1002 et
1151 936 1401 1000 radium
1465 935 1728 1001 alterius
1790 943 1855 1002 et
1914 939 2139 1002 tertiae
2194 940 2677 1002 circinationum
2724 957 2931 1023 quam

551 1041 1038 1129 diligentissime
1110 1041 1366 1107 definire
1432 1042 1739 1108 debuisse.
1814 1041 2074 1128 Optimo
2134 1046 2271 1109 iure
2324 1046 2763 1108 circinationes
2816 1063 2931 1108 eas

551 1149 628 1212 ab
688 1148 1024 1214 intervallo
1089 1149 1166 1213 ad
1211 1151 1665 1234 proscaenium
1732 1149 2061 1235 descripsit
2117 1149 2469 1215 Vitruvius.
2540 1149 2683 1215 Non
2733 1148 2935 1214 aliter

551 1253 700 1318 fecit
743 1253 1186 1320 celeberrimus
1233 1255 1613 1318 architectus
1660 1254 1889 1320 theatri
1932 1254 2267 1340 Epidaurii
2282 1303 2298 1334 ,
2344 1254 2733 1342 Polycletus.

643 1465 738 1532 Ne
783 1467 938 1552 quid
981 1467 1176 1552 desit,
1227 1466 1442 1533 locum
1483 1472 1697 1533 totum
1746 1470 1855 1553 qui
1894 1466 1969 1533 de
2008 1468 2253 1533 theatro
2282 1467 2522 1535 Graeco
2560 1473 2699 1556 agit
2724 1475 2937 1534 trans-

557 1574 843 1637 scribam.
897 1573 1199 1638 Addenda
1243 1581 1392 1638 sunt
1436 1573 1625 1638 haec:
2046 1578 2049 1582 ’

649 1678 791 1756 „Ita
859 1680 1061 1745 tribus
1129 1681 1358 1744 centris
1425 1679 1542 1744 1180
1616 1678 2029 1765 descriptione
2097 1679 2474 1767 ampliorem
2536 1681 2771 1747 habent
2834 1701 2940 1745 or-

557 1786 872 1850 chestram
935 1782 1159 1851 Graeci
1220 1792 1285 1850 et
1345 1806 1635 1851 scaenam
1696 1788 2101 1854 recessiorem
2163 1790 2531 1872 minoreque
2572 1786 2930 1852 latitudine

556 1890 885 1976 pulpitum
903 1940 918 1969 ,
960 1891 1130 1976 quod
1166 1899 1405 1968 λογεῖον
1446 1890 1796 1977 appellant,
1837 1891 1979 1956 ideo
2018 1892 2187 1978 quod
2225 1913 2297 1956 eo
2337 1895 2567 1979 tragici
2608 1901 2673 1958 et
2698 1895 2935 1957 comici

555 2003 794 2060 actores
849 1999 916 2060 in
961 2017 1181 2061 scaena
1223 2003 1572 2082 peragunt,
1622 1996 1850 2081 reliqui
1898 2002 2117 2062 autem
2155 1997 2427 2062 artifices
2474 2019 2619 2062 suas
2667 2019 2781 2084 per
2829 2018 2933 2062 or-

556 2103 868 2167 chestram
929 2108 1247 2188 praestant
1304 2106 1580 2168 actiones
1651 2106 1866 2188 itaque
1914 2125 1991 2168 ex
2040 2125 2113 2168 eo
2160 2106 2427 2169 scaenici
2474 2109 2539 2169 et
2587 2103 2935 2192 thymelici

553 2228 777 2295 graece
845 2211 1183 2294 separatim
1251 2211 1676 2273 nominantur.
1747 2207 1904 2273 Eius
1970 2209 2143 2294 logei
2205 2207 2477 2274 altitudo
2538 2230 2661 2274 non
2706 2212 2933 2273 minus

557 2314 739 2381 debet
784 2335 918 2379 esse
962 2315 1199 2400 pedum
1247 2314 1340 2395 X,
1389 2336 1513 2379 non
1563 2313 1706 2400 plus
1756 2315 2107 2380 duodecim.
2152 2312 2567 2382 Gradationes
2606 2315 2932 2380 scalarum

552 2423 720 2484 inter
765 2441 992 2485 cuneos
1039 2435 1104 2485 et
1149 2421 1324 2485 sedes
1371 2428 1586 2485 contra
1635 2421 2090 2509 quadratorum
2138 2419 2407 2507 angulos
2447 2421 2807 2508 dirigantur
2846 2420 2931 2485 ad

558 2529 834 2612 primam
877 2529 1436 2611 praecinctionem,
1485 2548 1520 2592 8
1565 2529 2025 2612 praecinctione
2064 2530 2231 2592 inter
2271 2547 2374 2592 eas
2411 2530 2648 2592 iterum
2678 2525 2932 2592 mediae

559 2632 949 2716 dirigantur,
999 2637 1062 2696 et
1107 2632 1187 2695 ad
1230 2653 1553 2697 summam
1602 2635 1892 2717 quotiens
1941 2636 2469 2719 praecinguntur,
2511 2632 2706 2698 altero
2744 2637 2931 2696 tanto

559 2759 808 2822 semper
853 2737 1382 2823 amplificantur.’'

646 2842 722 2906 In
764 2843 865 2906 his
911 2843 1074 2906 nihil
1116 2844 1576 2929 impedimento
1615 2851 1711 2909 est
1758 2848 1881 2909 nisi
1924 2846 2170 2922 „tribus
2211 2844 2485 2910 centris''
2530 2847 2681 2929 quia
2719 2865 2932 2928 neque

559 2948 914 3035 amplitudo
962 2949 1312 3014 orchestrae
1365 2970 1567 3035 neque
1616 2971 1837 3015 scaena
1885 2953 2183 3016 recessior
2231 2971 2433 3036 neque
2470 2948 2745 3015 latitudo
2788 2949 2934 3034 pul-

559 3057 682 3140 piti
742 3055 1100 3119 referuntur
1161 3055 1238 3118 ad
1299 3075 1372 3120 ea
1433 3063 1645 3121 centra
1692 3056 1799 3120 sed
1844 3056 1921 3120 ad
1970 3078 2174 3121 unum
2220 3057 2602 3142 quadratum
2620 3105 2636 3132 ,
2684 3054 2933 3120 scilicet

560 3162 640 3227 ad
697 3161 795 3237 id,
865 3164 1048 3225 cuius
1091 3159 1260 3225 latus
1308 3162 1599 3248 designat
1648 3183 1903 3226 scaenae
1950 3162 2321 3228 finitionem.
2370 3163 2647 3228 Etiamsi
2694 3165 2762 3226 in
2806 3162 2931 3228 hac

560 3266 956 3332 conclusione
1001 3266 1334 3331 Vitruvius
1382 3268 1457 3332 de
1495 3288 1751 3332 scaenae
1789 3266 2191 3354 longitudine
2229 3270 2619 3333 mentionem
2657 3268 2929 3344 fecisset,

561 3376 710 3439 ferri
771 3395 894 3438 non
955 3380 1163 3458 posset
1227 3374 1534 3449 „tribus”.
1604 3373 1805 3452 Nam,
1854 3380 1929 3438 ut
1975 3395 2169 3459 supra
2213 3375 2497 3438 vidimus
2518 3423 2533 3451 ‚
2574 3377 2931 3458 proscaenii

559 3480 894 3565 longitudo
942 3500 1066 3543 non
1113 3479 1315 3544 tribus
1361 3481 1592 3544 centris
1613 3527 1629 3555 ‚
1694 3479 1798 3544 sed
1849 3480 2095 3544 duobus
2146 3486 2398 3544 tantum
2444 3479 2926 3544 determinatur.

563 3585 675 3650 Vir
741 3585 1144 3650 doctissimus
1215 3583 1706 3650 Oehmichenius
1760 3605 1833 3650 88
1893 3585 2201 3651 vocabula
2263 3606 2626 3672 expungere
2694 3584 2926 3650 voluit.

563 3691 878 3771 Quamdiu
944 3696 1156 3754 textus
1214 3689 1437 3775 plenus
1501 3697 1637 3756 erat
1698 3690 2185 3768 difficultatum,
2252 3691 2657 3776 diversasque
2700 3690 2927 3755 admit-

559 3797 733 3862 tebat
799 3799 1347 3881 interpretationes
1366 3845 1382 3874 ,
1445 3799 1512 3860 in
1597 3796 1789 3861 dubio
1862 3796 2338 3882 relinquebatur
2404 3804 2627 3861 utrum
2694 3817 2927 3881 expun-

561 3903 768 3990 genda
827 3909 1036 3968 essent
1098 3924 1309 3967 necne.
1380 3901 1565 3967 Nunc
1613 3924 1762 3968 vero
1811 3903 1965 3988 quid
2012 3901 2373 3988 postuletur
2417 3905 2485 3966 in
2532 3901 2923 3968 conclusione

561 4015 776 4074 textus
837 4007 1066 4072 diserte
1125 4009 1338 4084 docet,
1407 4012 1641 4094 quippe
1691 4011 1801 4093 qui
1848 4011 2023 4073 omni
2071 4029 2147 4072 ex
2202 4015 2379 4093 parte
2428 4013 2687 4073 sanatus
2730 4029 2921 4074 unam

561 4121 814 4180 tantum
850 4116 1439 4198 interpretationem
1480 4115 1797 4178 admittat.
1861 4112 1957 4178 Ne
2001 4123 2313 4199 punctum
2338 4113 2598 4198 quidem
2625 4117 2921 4198 temporis

562 4221 839 4285 dubitari
876 4226 1120 4305 potest,
1163 4223 1314 4304 quin
1356 4220 1460 4284 hic
1498 4218 1675 4285 locus
1716 4220 2187 4305 interpolatoris
2212 4240 2476 4284 manum
2502 4222 2589 4284 sit
2610 4226 2917 4305 expertu8‚

563 4329 688 4390 nisi
737 4325 896 4390 forte
943 4326 1156 4390 credas
1205 4326 1274 4390 id
1316 4324 1528 4389 solum
1575 4327 1816 4390 vitium
1864 4325 2029 4410 quod
2076 4329 2142 4390 in
2196 4332 2378 4390 textu
2420 4329 2767 4410 reperiatur
2801 4328 2919 4412 ipsi

566 4433 860 4496 Vitruvio
907 4453 1041 4526 esse
1091 4431 1515 4496 tribuendum.
