3192 5009
597 215 725 282 106
1394 234 1478 280 nn
1523 235 1674 281 man
1723 233 2176 282 onnus-rmum.

590 402 717 468 fuit
760 401 856 466 M.
905 400 1175 466 Bibulus
1222 399 1444 467 consul
1490 421 1546 466 a.
1602 399 1685 466 59
1719 399 1788 481 ¹),
1831 402 1943 486 qui
1983 404 2325 486 postquam
2362 402 2495 466 iam
2533 404 2752 478 antea,
2781 401 2986 464 etiam

590 511 839 595 primus
886 514 962 572 ut
1008 507 1286 585 videtur,
1336 528 1408 573 eo
1456 513 1847 594 processerat
1866 556 1881 586 ,
1933 528 1970 572 a
2019 504 2285 573 Caesare
2333 513 2590 572 coactus
2608 555 2624 584 ,
2663 513 2740 571 ut
2777 505 2988 571 edicto

587 635 713 680 non
784 617 1132 699 praemisso
1196 615 1605 680 obnuntiaret
1664 615 1859 678 huius
1923 613 2058 700 legi
2121 617 2443 700 agrariae,
2495 619 2718 700 postea
2761 634 2990 678 omnes

590 722 723 787 dies
770 718 1123 786 comitiales
1172 721 1403 806 quibus
1451 741 1641 806 agere
1678 719 1936 785 volebat
1973 717 2204 786 Caesar
2242 741 2355 805 per
2395 720 2602 785 edicta
2643 723 2704 785 ei
2739 723 2990 806 eripere

588 834 852 893 conatus
898 833 995 892 est
1042 830 1174 892 sine
1224 826 1359 891 ulla
1404 830 1578 892 iusta
1624 847 1814 891 causa
1861 826 1942 891 ad
1989 847 2136 892 suas
2188 829 2465 892 actiones
2505 829 2866 912 pertinente
2897 826 2950 906 2)
2969 847 2986 904 3

584 941 806 1020 postea
844 933 955 998 alii
994 932 1261 998 fortasse
1297 933 1557 998 fuerunt
1583 935 2007 1020 magistratus
2031 935 2288 1018 patricii
2309 936 2422 1018 qui
2447 935 2584 999 eius
2611 932 2990 1018 exemplum

586 1043 789 1106 secuti
834 1040 1153 1105 edicerent
1199 1039 1379 1104 nulla
1428 1060 1618 1105 causa
1666 1039 2000 1124 adscripta.
2050 1038 2169 1105 Sed
2221 1040 2392 1125 quod
2435 1043 2634 1106 etiam
2673 1039 2992 1106 Bibulum

587 1146 916 1213 consulem
979 1149 1266 1232 primum
1331 1146 1553 1211 fecisse
1618 1146 1969 1212 verisimile
2019 1152 2150 1224 est,
2204 1153 2279 1210 ut
2326 1146 2534 1212 edicto
2584 1147 2760 1213 nullo
2809 1169 2992 1233 prae-

586 1257 782 1319 misso
830 1256 1051 1317 statim
1096 1256 1165 1318 in
1216 1253 1456 1338 templo
1495 1255 1907 1319 obnuntiaret
1939 1252 2074 1339 legi
2115 1255 2478 1340 (agrariae),
2518 1254 2588 1319 id
2627 1275 2994 1339 numquam

586 1381 666 1426 ne
730 1362 801 1424 in
871 1361 1144 1426 tribunis
1206 1359 1291 1446 pl.
1359 1360 1620 1445 quidem
1688 1359 2174 1444 comprobatum
2237 1360 2362 1424 fuit
2381 1381 2396 1437 3
2464 1359 2582 1426 hos
2653 1362 2852 1425 etiam
2913 1363 2990 1425 in

588 1467 985 1552 temporibus
1056 1465 1447 1531 turbulentis
1468 1516 1483 1546 ,
1556 1487 1718 1553 quae
1789 1467 2051 1531 fuerunt
2121 1471 2266 1552 post
2337 1487 2394 1531 a.
2463 1466 2572 1546 59,
2643 1471 2986 1554 antiquum

591 1593 839 1638 morem
902 1573 1264 1638 observasse
1326 1575 1629 1638 novimus
1694 1578 1880 1638 antea
1928 1593 2040 1658 per
2087 1572 2371 1637 edictum
2419 1575 2871 1652 obnuntiandi,
2925 1581 2996 1640 et

594 1683 649 1745 si
696 1678 869 1744 ullae
917 1683 1316 1765 exceptiones
1363 1680 1565 1746 factae
1615 1685 1799 1756 sunt,
1848 1699 2087 1764 paucae
2134 1678 2254 1744 hae
2293 1680 2574 1745 fuerunt.
2625 1680 2795 1746 Nam
2817 1681 2994 1767 quod

593 1787 835 1851 tribuni
895 1791 1040 1871 post
1100 1807 1155 1850 a.
1209 1785 1293 1850 59
1358 1789 1515 1852 satis
1584 1792 1803 1872 aperte
1851 1786 2331 1852 obnuntiatione
2379 1790 2483 1852 usi
2529 1793 2681 1852 sunt
2728 1787 2806 1852 ad
2852 1809 2998 1873 per-

593 1883 911 1978 sequenda
977 1891 1237 1956 consilia
1305 1895 1626 1977 partium,
1695 1893 1764 1957 id
1826 1913 1954 1957 non
2017 1898 2368 1978 repugnat,
2437 1899 2512 1957 ut
2575 1913 2766 1981 supra
2812 1893 2993 1971 dixi,

599 1997 1045 2065 consuetudini
1108 2001 1443 2083 antiquae,
1507 1998 1698 2064 modo
1761 2005 1946 2063 antea
1993 2005 2455 2084 proponeretur
2505 1999 2808 2064 edictum.
2861 1997 2996 2065 Sed

593 2105 719 2172 alia
780 2109 977 2171 etiam
1042 2126 1142 2169 res
1203 2111 1335 2180 est,
1399 2108 1470 2168 in
1518 2126 1644 2190 qua
1705 2126 1832 2169 non
1895 2125 2147 2190 semper
2209 2110 2464 2169 servata
2509 2126 2646 2171 esse
2691 2105 2996 2170 videatur

593 2219 784 2279 vetus
839 2211 1251 2277 consuetudo.
1301 2211 1570 2277 Necesse
1624 2214 1798 2277 enim
1845 2217 1943 2276 est
1989 2217 2066 2276 ut
2113 2216 2512 2289 statuamus,
2563 2215 2994 2298 magistratus

592 2323 705 2406 qui
752 2319 1201 2385 obnuntiarent
1246 2321 1604 2404 oportuisse
1651 2317 1926 2405 singulis
1965 2318 2190 2384 edictis
2231 2339 2482 2404 semper
2521 2318 2655 2384 dies
2693 2315 2994 2405 singulos

594 2432 885 2503 tantum,
934 2446 1138 2510 neque
1188 2424 1465 2509 amplius
1486 2473 1500 2500 ,
1552 2427 1814 2502 vitiare,
1853 2445 2058 2510 neque
2098 2423 2176 2489 ad
2218 2424 2580 2510 complures
2607 2425 2740 2490 dies
2763 2424 2991 2502 simul,

593 2531 699 2597 vel
747 2531 825 2596 ad
869 2531 1137 2617 longam
1184 2533 1414 2596 seriem
1455 2531 1707 2596 dierum
1727 2580 1742 2608 ,
1785 2531 2017 2596 referre
2061 2531 2319 2617 singula
2359 2531 2581 2596 edicta.
2630 2531 2772 2596 Hoc
2810 2534 2994 2597 enim

594 2638 729 2704 fieri
790 2660 914 2704 non
973 2643 1221 2724 poterat
1285 2641 1411 2702 nisi
1460 2637 1776 2724 patefacta
1822 2637 2154 2702 voluntate
2199 2637 2592 2723 impediendi
2639 2641 2994 2723 quominus

594 2767 745 2810 cum
804 2743 1041 2831 populo
1103 2751 1419 2831 ageretur,
1488 2765 1684 2830 quam
1748 2743 1961 2830 palam
2024 2765 2173 2831 prae
2239 2765 2304 2809 se
2364 2744 2526 2810 ferre
2573 2766 2650 2809 ne
2693 2744 2994 2811 tribunos

662 3052 711 3114 l)
756 3051 937 3118 Quodsi
984 3067 1059 3100 res
1104 3055 1244 3101 antea
1290 3055 1505 3116 tempore
1556 3049 1708 3100 Marii
1745 3051 1924 3099 Romae
1957 3051 2112 3113 gestas
2147 3049 2415 3099 secuntias
2449 3049 2670 3114 persequi
2707 3065 2984 3114 possemus,

590 3133 791 3184 fortasse
836 3133 1157 3182 inveniremus
1204 3133 1459 3182 nonnullas
1492 3148 1567 3182 res
1603 3132 1834 3181 eiusmodi
1872 3147 1993 3197 quse
2029 3131 2230 3181 moribus
2264 3135 2544 3182 vetarentur
2576 3134 2656 3182 sed
2692 3147 2814 3197 quse
2846 3133 2992 3182 avide

592 3216 923 3280 arriperentur
966 3216 1018 3265 in
1064 3216 1369 3264 contentione
1414 3216 1627 3280 partium
1673 3214 1982 3280 politicarum
2026 3213 2139 3279 quia
2171 3214 2276 3263 iare
2306 3213 2556 3273 valebant,
2592 3216 2688 3264 iam
2723 3218 2830 3264 tum
2865 3231 2992 3264 non·

593 3313 854 3362 numquam
897 3297 1123 3346 admissas
1167 3313 1281 3346 esse.
1330 3296 1458 3346 Mihi
1492 3313 1599 3347 cum
1635 3312 1731 3346 non
1764 3297 1828 3346 sit
1863 3297 2163 3362 propositum
2199 3313 2338 3362 egere
2373 3298 2432 3346 de
2466 3297 2605 3347 rebus
2637 3313 2723 3362 per
2755 3296 2882 3348 belle
2917 3297 2988 3348 ci·

594 3379 713 3429 vilia
758 3379 925 3443 gestis,
963 3380 1078 3429 setis
1112 3379 1259 3429 habeo
1295 3381 1535 3429 monuisse
1570 3379 1844 3429 huiusmodi
1879 3395 1954 3428 res
1989 3395 2102 3429 vere
2135 3379 2359 3437 fortasse,
2396 3381 2475 3429 sed
2511 3383 2674 3428 tamen
2705 3395 2761 3428 ex
2795 3379 2986 3430 coniec-

594 3466 707 3512 tura
755 3465 973 3520 tentum,
1023 3461 1117 3510 iam
1164 3461 1365 3511 adscribi
1416 3477 1548 3526 posse
1593 3461 1890 3526 temporibus
1926 3461 2178 3511 Marianis.
2231 3487 2296 3498 —
2339 3462 2392 3524 2)
2427 3463 2558 3512 Suet.
2595 3463 2729 3513 Caes.
2764 3463 2854 3512 20:
2901 3463 2986 3512 -in

593 3561 697 3594 eam
740 3547 930 3592 coactus
973 3548 1044 3593 est
1090 3544 1491 3609 desperationem,
1540 3548 1594 3593 ut
1643 3543 1798 3609 quoad
1833 3547 2068 3608 potestate
2103 3543 2256 3593 abiret
2291 3545 2431 3593 domo
2467 3543 2655 3594 abditus
2689 3545 2813 3595 nihil
2849 3545 2988 3596 aliud

593 3642 738 3692 quam
774 3641 859 3691 per
893 3624 1045 3674 edicta
1080 3623 1435 3674 obnuntiaret”.
1478 3653 1537 3662 —
1575 3627 1721 3674 Recte
1759 3627 2028 3674 Mommsen
2063 3627 2236 3675 statuit
2264 3627 2486 3686 (Stsatsr.
2519 3629 2561 3674 8.
2585 3625 2616 3674 2
2645 3643 2692 3692 p.
2715 3627 2844 3676 1058
2863 3644 2914 3678 n.
2933 3629 2990 3690 2)

596 3710 797 3758 Diouem
840 3708 1096 3766 erravisse,
1142 3723 1249 3756 cum
1295 3707 1523 3757 scriberet
1568 3709 1666 3768 (³8.
1689 3709 1732 3758 6.
1757 3711 1811 3770 5)
1865 3706 2090 3757 Bibulum
2126 3707 2368 3756 vitiavisse
2403 3707 2675 3772 rogationes
2711 3708 2864 3758 Iulias
2899 3726 2992 3775 per

582 3792 750 3856 serias
792 3791 843 3840 in
887 3805 1049 3839 omnes
1096 3790 1197 3838 dies
1230 3790 1495 3839 comitiales
1530 3789 1672 3839 huius
1708 3790 1820 3839 anni
1855 3790 2084 3848 indictas,
2121 3793 2169 3838 et
2203 3789 2592 3839 obnuntiationes
2625 3806 2652 3838 a
2689 3790 2843 3839 Dione
2877 3807 2984 3840 esse

591 3877 905 3923 commutatas
953 3888 1065 3922 cum
1116 3873 1455 3922 indictionibus
1504 3872 1749 3922 feriarum.
1801 3871 1891 3920 Sed
1937 3877 2095 3921 tamen
2143 3872 2307 3936 negari
2344 3889 2436 3922 non
2472 3871 2638 3931 debet,
2677 3872 2821 3922 ferias
2857 3873 2984 3934 (scil.

592 3955 980 4020 supplicationes)
1015 3955 1104 4004 hoc
1138 3971 1262 4004 anno
1298 3971 1325 4003 a
1368 3953 1536 4005 Bibulo
1571 3971 1670 4004 esse
1705 3954 1908 4003 indictas
1946 3959 1998 4003 ut
2031 3955 2224 4004 Caesari
2259 3953 2485 4004 molestus
2519 3960 2662 4014 esset;
2717 3956 2766 4005 id
2802 3956 2987 4008 factum

591 4051 689 4085 esse
722 4036 893 4101 probat
928 4036 1024 4085 Cic.
1068 4037 1182 4086 Vnt.
1224 4037 1301 4086 12.
1322 4037 1408 4085 30:
1456 4037 1612 4086 udices
1645 4035 2017 4102 supplicationes
2051 4037 2102 4084 te
2136 4036 2432 4100 (Vatinium)
2465 4037 2576 4087 illes
2610 4053 2705 4088 non
2739 4037 2984 4104 probasse.

591 4121 806 4186 Optime;
862 4119 1021 4169 nullae
1072 4119 1251 4168 fuerint
1306 4119 1694 4184 supplicationes.
1755 4119 1958 4168 Videsne
2006 4136 2082 4168 me
2131 4118 2255 4168 nibil
2301 4121 2359 4168 de
2410 4119 2522 4168 suni
2558 4119 2692 4170 illius
2725 4137 2868 4170 causa
2903 4123 2990 4186 (de

592 4201 789 4252 discidio
826 4202 1039 4250 Gesseris
1074 4207 1123 4250 et
1160 4201 1347 4265 Bibuli)
1390 4230 1441 4238 —
1483 4218 1537 4250 ex
1574 4206 1624 4251 te
1657 4200 1951 4267 quaerere?'’
1997 4203 2095 4252 Cir.
2135 4202 2283 4252 etiam
2320 4217 2441 4267 quae
2475 4203 2637 4253 adnot.
2671 4217 2720 4253 v,
2755 4202 2816 4253 el.
2857 4203 2988 4254 Boot

594 4285 651 4334 ad
702 4284 799 4333 Cic.
844 4286 943 4333 Att.
982 4284 1026 4332 2.
1048 4283 1093 4335 7.
1114 4286 1158 4332 3.
1196 4312 1261 4321 —
1296 4284 1678 4351 supplicationes
1711 4285 1823 4334 illue
1858 4301 1884 4332 a
1917 4287 2082 4334 senatu
2117 4286 2332 4334 decretae
2367 4284 2464 4334 sint
2499 4301 2685 4336 neeesse
2719 4289 2791 4336 est
2825 4301 2989 4338 mense

594 4368 809 4427 Martio,
844 4383 953 4417 cum
986 4369 1201 4418 nondum
1235 4385 1261 4417 e
1298 4367 1485 4434 publico
1520 4383 1569 4418 se
1607 4368 1860 4434 recepisset
1895 4368 2110 4418 Bibulus.
