3192 5009
1205 341 1288 388 mi
1336 341 1649 390 Ams'raffl
1693 339 2018 388 semrom.
2653 316 2784 383 269

405 513 582 584 Φοιτο
629 508 737 581 ‘rhu
785 507 1069 586 πρδςοψιν
1119 501 1271 570 εἶναι
1317 508 1428 580 την
1475 508 1717 586 αὐτὴν).
1762 503 2181 570 Scribendum
2220 524 2372 590 ergo
2412 509 2510 569 est
2552 497 2619 576 ἦν
2659 503 2786 580 γὰρ

405 613 671 691 τρίγωνα
735 619 848 694 (sc.
913 615 998 677 τά
1061 612 1372 693 κυμάτια)
1437 634 1563 699 quo
1625 613 1803 678 ducit
1863 632 2114 697 quoque
2173 609 2480 696 Iosephus
2497 631 2514 691 ;
2566 611 2788 676 scribit

404 722 610 784 enim:
663 716 1004 799 ,,τριγῶνων
1053 719 1180 799 γὰρ
1227 717 1407 783 ὄντων
1459 722 1659 785 αὐτῶν
1709 719 1965 784 κ.τ.λ.”.

494 824 740 890 Iterum
783 846 923 891 rem
968 825 1395 891 obscuriorem
1439 825 1651 891 reddit
1696 825 1912 903 codex,
1955 846 2145 911 quem
2184 823 2581 890 Schmidtius
2618 845 2790 890 secu·

401 936 510 996 tus
555 937 681 1010 est,
720 933 791 996 in
827 934 906 996 iis
947 953 1107 1016 quae
1149 935 1374 996 statim
1415 938 1804 1019 sequuntur:
1850 930 2174 1010 »κειμένης
2216 931 2278 995 δὲ
2318 940 2427 1002 τῆς
2468 929 2786 1008 στεφάνης

402 1037 472 1102 τὸ
535 1037 648 1113 μὲν
713 1038 796 1108 εἷς
855 1039 1050 1113 αὐτὴν
1115 1041 1223 1111 την
1290 1036 1606 1118 τράπεζαν
1655 1037 1985 1112 άπόκλιμα
2038 1039 2145 1113 τὴν
2197 1038 2568 1102 διατύπωσιν
2618 1035 2787 1117 ἔχειν

401 1153 508 1219 τῆς
556 1143 954 1222 ὦραιότητος,
1000 1145 1068 1210 τὸ
1115 1144 1164 1208 δ’
1213 1145 1384 1218 ἐκτὸς
1436 1147 1641 1221 κλίμα
1689 1145 1833 1224 πρὸς
1882 1150 1989 1220 την
2038 1149 2144 1210 τοῦ
2185 1145 2593 1226 προςάγοντος
2631 1139 2785 1209 εἶναι

399 1251 710 1330 emptast.
755 1251 947 1317 Hunc
993 1251 1208 1317 locum
1257 1275 1382 1318 non
1428 1252 1753 1319 intellexit
1799 1252 2108 1340 Iosephus
2127 1300 2145 1330 ,
2195 1258 2261 1319 et
2310 1251 2463 1318 adeo
2504 1253 2790 1318 mutavit

397 1365 474 1424 ut
535 1358 688 1445 quid
749 1361 816 1422 in
863 1357 1184 1423 codicibus
1233 1359 1367 1423 suis
1415 1361 1735 1425 invenerit
1753 1409 1768 1437 ,
1818 1381 1943 1424 non
1993 1363 2312 1445 appareat.
2360 1358 2583 1444 Neque
2631 1356 2788 1423 Gar-

395 1465 596 1530 bitius
613 1512 630 1542 ,
693 1483 1083 1551 quamquam
1142 1463 1366 1530 eadem
1426 1464 1699 1532 lectione
1760 1487 1917 1530 usus
1934 1513 1949 1542 ,
2001 1486 2195 1552 quam
2243 1472 2498 1530 servant
2544 1464 2788 1530 codices

395 1570 735 1634 Lumbrosi
802 1570 1104 1650 (κειμένου
1175 1571 1238 1634 δὲ
1310 1573 1482 1635 κατὰ
1555 1579 1666 1645 τῆς
1730 1571 2075 1652 στεφάνης)
2145 1578 2314 1636 recte
2378 1571 2530 1636 haec
2596 1571 2787 1637 Verba

394 1678 628 1741 vertit:
681 1696 759 1752 „a
804 1681 981 1761 parte
1028 1677 1289 1762 quidem
1333 1679 1516 1742 iuxta
1563 1677 1928 1742 coronam”.
1978 1677 2147 1742 Nam
2195 1683 2363 1744 recte
2413 1677 2671 1763 quidem
2718 1697 2785 1743 se

393 1781 588 1848 habet
655 1782 950 1847 codicum
1017 1782 1209 1849 lectio
1274 1783 1383 1848 sed
1443 1782 1619 1848 aliud
1680 1783 1914 1849 volunt
1958 1805 2033 1850 ea
2076 1785 2288 1849 verba.
2339 1783 2613 1850 Sensum
2658 1784 2784 1849 loci

394 1889 566 1954 hunc
643 1908 778 1953 esse
846 1888 1065 1954 credo:
1142 1909 1336 1967 „cum
1405 1909 1556 1954 vero
1629 1892 1911 1977 margini
1980 1892 2554 1975 superimpositum
2618 1896 2783 1955 esset

394 1996 719 2079 cymation
739 2042 756 2071 ,
803 2015 1009 2059 unum
1044 1994 1216 2059 latus
1259 2016 1548 2060 mensam
1584 1996 1911 2081 spectabat
1930 2044 1947 2073 ,
1988 1995 2267 2061 alterum
2302 1995 2382 2060 ad
2406 1996 2783 2061 adeuntium

393 2107 527 2183 (τοῦ
578 2101 1022 2179 προςάγοντος,
1072 2101 1240 2187 quod
1279 2123 1358 2167 ne
1398 2123 1547 2167 cum
1588 2101 1944 2168 Schmidtio
1983 2105 2052 2167 in
2092 2101 2427 2180 προςιόντος
2452 2109 2782 2168 mutemus

391 2214 609 2273 monet
657 2206 976 2272 Theocriti
1020 2206 1200 2274 locus
1245 2206 1348 2273 15.
1379 2204 1491 2290 78)
1532 2208 1905 2296 adspectum
1958 2231 2335 2274 conversum
2387 2211 2585 2274 erat’'.
2650 2209 2783 2274 Nec

389 2320 607 2379 tamen
669 2315 787 2379 hac
836 2314 1253 2400 descriptione
1301 2319 1635 2380 contentus
1681 2318 1921 2400 iterum
1968 2319 2227 2401 exponit
2272 2319 2543 2401 scriptor
2588 2336 2779 2402 quem

389 2420 471 2486 ad
530 2420 798 2486 modum
862 2421 1145 2498 τρίγωνον
1205 2419 1374 2485 illud
1436 2421 1737 2498 κυμάτιον
1799 2424 2077 2509 margini
2140 2423 2519 2507 impositum
2578 2427 2777 2486 esset:

393 2525 524 2604 „313
607 2526 716 2599 τὴν
789 2527 1092 2608 ὑπεροχὴν
1161 2525 1363 2604 ὀξεῖαν
1435 2523 1588 2591 εἶναι
1660 2534 1777 2591 τῶν
1848 2527 1949 2593 δύο
2022 2528 2342 2602 κλιμάτων
2416 2527 2775 2605 συνέβαινε,

391 2634 684 2711 μετέωρον
725 2633 1084 2708 κειμένην”;
1123 2637 1216 2699 ita
1249 2637 1459 2720 igitur
1506 2637 1833 2721 cyme-tion
1880 2637 2263 2720 impositum
2309 2641 2445 2700 erat
2492 2637 2775 2721 margini

387 2745 464 2804 ut
525 2738 693 2803 basis
756 2760 906 2804 eum
968 2741 1348 2825 attingeret,
1412 2740 1601 2805 ambo
1656 2761 1805 2806 vero
1856 2740 2102 2827 reliqua
2149 2740 2350 2806 latera
2397 2740 2663 2806 acclivia
2706 2743 2775 2806 in

386 2865 655 2910 acumen
697 2867 966 2932 superne
1014 2847 1258 2910 abirent
1276 2867 1291 2923 ;
1352 2846 1695 2932 „etenim'’‚
1736 2849 1826 2911 sic
1865 2846 2166 2912 lectorem
2186 2897 2203 2924 ,
2246 2849 2426 2933 quasi
2462 2850 2599 2933 ipse
2624 2869 2774 2913 suae

385 2951 794 3037 descriptioni
841 2951 1124 3016 diffidens
1142 3001 1158 3029 ,
1211 2955 1482 3037 scriptor
1529 2953 2015 3018 commonefacit
2034 3003 2048 3028 ‚
2108 2960 2228 3030 „ut
2290 2953 2425 3018 dixi
2488 2957 2774 3041 triangu-

383 3057 518 3122 lare
563 3062 699 3122 erat
747 3057 1152 3146 cymation'’:
1202 3061 1490 3136 τριγώνου
1542 3061 2119 3135 κατεσκευασμένου
2182 3062 2345 3142 [καθ’
2393 3052 2421 3123 ὃ
2471 3058 2547 3124 ἂν
2593 3060 2770 3137 μέρος

385 3165 753 3247 στρέφοιτο]
823 3163 1130 3228 Extrema
1188 3165 1382 3230 verba
1441 3168 1691 3231 uncinis
1751 3165 2016 3243 inclusi;
2082 3187 2155 3232 ea
2202 3169 2374 3231 enim
2424 3166 2771 3233 admodum

379 3273 624 3355 inepte,
665 3291 704 3334 a
747 3269 982 3335 lectore
1027 3273 1237 3336 nescio
1283 3293 1407 3357 quo
1428 3321 1444 3349 ,
1491 3271 1613 3338 hoc
1650 3271 1789 3338 loco
1831 3272 2047 3337 addita
2084 3279 2235 3337 sunt
2273 3294 2307 3338 e
2347 3273 2769 3359 praecedenti-

380 3376 500 3440 bus
540 3379 828 3461 repetita.
878 3373 1046 3443 Cum
1087 3379 1260 3441 enim
1300 3377 1500 3462 semel
1536 3380 1817 3466 margini
1855 3381 2238 3464 impositum
2280 3385 2444 3443 esset
2471 3380 2768 3455 κυμάτιον

379 3484 514 3547 iam
561 3483 933 3560 στρέφεσθαι
997 3503 1122 3547 non
1171 3487 1418 3568 potuit;
1470 3505 1677 3570 neque
1723 3506 1907 3563 vero,
1959 3485 2037 3549 ad
2086 3504 2477 3570 quamquam
2517 3493 2766 3571 partem

378 3588 747 3653 vertebatur
809 3587 1201 3674 triangulare
1263 3595 1398 3655 erat
1415 3637 1432 3666 ,
1478 3612 1704 3656 verum
1750 3590 2015 3656 eandem
2064 3591 2443 3676 praebuerat
2488 3595 2767 3678 speciem

379 3696 516 3776 (την
562 3697 755 3766 αὐτην
803 3695 1112 3775 πρός-σφιν)
1157 3698 1224 3759 in
1273 3717 1531 3761 omnem
1578 3703 1828 3782 partem
1874 3719 2155 3763 versum.

473 3800 620 3867 Sola
665 3803 794 3868 fere
836 3805 1348 3888 interpunctione
1390 3802 1683 3868 laborant
1730 3825 1889 3890 quae
1929 3811 2286 3890 sequuntur
2322 3830 2383 3893 p.
2427 3804 2512 3870 25
2551 3827 2645 3871 vs.
2677 3806 2761 3872 10

381 3907 458 3972 de
525 3909 820 3994 pretiosis
885 3906 1204 3992 lapidibus
1275 3911 1387 3994 qui
1453 3912 1781 3994 cymation
1848 3912 2255 3976 exornabant.
2330 3911 2503 3990 Quae
2563 3913 2762 3977 edidit

379 4013 775 4080 Schmidtius
843 4015 911 4078 in
979 4013 1148 4078 hunc
1217 4014 1513 4079 modum:
1591 4017 1864 4092 „waiva-sc
1930 4015 1985 4080 δ’
2051 4013 2206 4089 ἦσαν
2267 4018 2366 4083 διὰ
2431 4019 2759 4096 τρημάτων

380 4123 855 4196 κατειλημμένοι
920 4129 1188 4201 χρυσαῖς
1253 4119 1531 4196 περόναις
1584 4121 1729 4200 πρὸς
1784 4126 1891 4197 τὴν
1942 4123 2329 4204 ἀσφάλειαν.
2382 4126 2481 4188 ἐπὶ
2531 4125 2593 4190 δὲ
2641 4133 2758 4192 τῶν

377 4233 602 4304 γωνιῶν
648 4228 714 4292 αἱ
763 4228 1199 4296 κατακλεῖδες.
1247 4225 1672 4306 συνέσφιγγον
1709 4229 1773 4294 δὲ
1816 4228 1959 4310 πρὸς
2000 4233 2110 4300 την
2150 4231 2445 4311 συνοχὴν·
2488 4232 2555 4294 ἐκ
2594 4248 2758 4299 πλα-

376 4331 524 4412 γίων
567 4332 629 4397 δὲ
671 4333 913 4398 κ.τ.ἕ.”.
963 4334 1243 4399 Adnotat
1281 4333 1452 4399 idem
1491 4335 1570 4399 ad
1612 4335 1849 4400 calcem
1886 4337 2189 4423 paginae:
2234 4337 2539 4413 „fortasse
2561 4341 2756 4405 verba

373 4439 470 4504 ἐπὶ
538 4447 651 4504 τῶν
717 4447 944 4518 γωνιῶν
1005 4441 1072 4504 αἱ
1134 4441 1545 4512 κατακλεῖδες
1611 4447 1757 4526 post
1802 4442 2065 4522 συνοχὴν
2111 4442 2486 4508 retrahenda
2534 4446 2749 4510 sunt”.

473 4703 504 4726 δ
