3192 5009
371 997 1461 1090 OBSERVATIUNCULAE
1521 999 1656 1087 DE
1714 997 1971 1088 IURE
2028 993 2491 1086 ROMANO.

1311 1203 1558 1246 scmpsrr

985 1355 1043 1422 J.
1096 1355 1167 1424 Ο.
1215 1355 1506 1422 ΝΑΒΕΒ
1551 1355 1617 1424 S.
1644 1357 1869 1420 A.1·11..

719 1508 1190 1588 (Continuwnbur
1234 1531 1308 1572 ex
1342 1508 1522 1572 huius
1581 1507 1711 1572 Vol.
1750 1530 1900 1590 paq.
1961 1504 2136 1586 196).

1201 1815 1600 1848 ”W

1321 2069 1525 2134 XXV.

1021 2272 1104 2319 nn
1152 2229 1568 2320 oonmomonn
1616 2269 1817 2318 onn‘n.

323 2437 774 2524 Superioribus
797 2440 1197 2525 argumentis
1223 2459 1426 2523 quum
1449 2440 1605 2502 satis
1630 2437 1793 2503 mihi
1818 2437 2349 2503 demonstravisse
2375 2437 2613 2514 videar,

225 2565 490 2628 prorsus
534 2547 932 2631 incognitam
979 2565 1112 2610 esse
1159 2547 1393 2610 veteris
1439 2546 1601 2608 iuris
1649 2546 2014 2610 auctoribus
2063 2543 2477 2610 condictionis
2538 2549 2615 2607 ut

227 2652 416 2715 aiunt
463 2649 784 2736 triplicem
831 2651 1305 2716 distinctionem
1322 2699 1338 2727 ,
1387 2671 1582 2735 quam
1626 2650 1813 2715 hodie
1856 2649 2191 2735 perhibent
2238 2652 2303 2715 et
2348 2649 2617 2735 Digesta

229 2757 296 2820 et
330 2756 483 2820 libri
522 2777 745 2822 eorum
764 2805 781 2835 ,
822 2759 934 2842 qui
967 2757 1120 2821 haec
1167 2759 1302 2821 sine
1348 2754 1856 2842 interpolationis
1892 2755 2245 2842 suspicione
2284 2754 2512 2841 legunt
2538 2751 2612 2835 ¹),

228 2866 452 2927 tamen
494 2883 701 2927 unum
747 2855 1204 2949 argumentum
1251 2862 1480 2927 addam
1497 2910 1515 2940 ‚
1554 2865 1624 2926 in
1664 2859 1896 2928 Codice
1938 2860 2287 2926 Iustiniano
2306 2910 2322 2940 ,
2365 2861 2478 2926 ubi
2514 2864 2612 2924 tot

229 2973 484 3034 servata
524 2974 674 3033 sunt
706 2967 1064 3054 imperialia
1100 2970 1405 3053 rescripta
1422 3017 1438 3045 ,
1480 2968 1729 3034 decreta
1747 3017 1764 3045 ‚
1808 2968 2012 3034 edicta
2050 2988 2210 3053 quae
2257 2968 2615 3053 pertineant

229 3072 313 3139 ad
375 3074 790 3140 condictionis
851 3077 994 3138 iura
1056 3075 1412 3159 quibusque
1474 3075 1859 3138 nominatim
1908 3073 2321 3138 condictionis
2367 3072 2610 3137 mentio

231 3178 346 3244 flat
364 3227 381 3255 ‚
424 3181 617 3245 huius
658 3180 1079 3245 distinctionis
1125 3200 1241 3246 nec
1284 3179 1504 3246 volam
1549 3201 1822 3266 usquam
1868 3201 1981 3245 nec
2026 3181 2382 3266 vestigium
2426 3199 2614 3265 appa·

231 3307 404 3364 rere,
445 3292 519 3351 ut
562 3288 842 3353 dubitari
881 3287 975 3352 fas
1012 3307 1138 3350 non
1183 3289 1270 3350 sit
1314 3292 1459 3372 post
1506 3307 1746 3351 annum
1796 3284 1926 3351 529
1975 3306 2099 3372 quo
2147 3288 2318 3372 prior
2364 3282 2613 3351 Codicis

232 3391 430 3456 editio
473 3391 616 3458 luce
662 3395 869 3478 potita
913 3397 1009 3457 est
1027 3441 1042 3469 ,
1095 3397 1247 3456 tunc
1296 3391 1560 3457 demum
1607 3392 1766 3456 hanc
1812 3398 2059 3478 pestem
2102 3394 2207 3456 ius
2252 3390 2614 3456 Romanum

229 3497 558 3562 invasisse.
608 3498 696 3561 At
731 3519 811 3562 ne
851 3498 1007 3582 quid
1045 3499 1409 3562 etiamnunc
1446 3518 1483 3562 a
1521 3518 1626 3562 me
1670 3496 2059 3563 desideretur
2079 3497 2240 3562 neve
2265 3497 2612 3562 deseruisse

234 3601 454 3667 videar
517 3601 769 3668 Ottonis
813 3601 1010 3668 Lenel
1055 3601 1330 3668 salutare
1377 3603 1717 3668 consilium
1734 3652 1751 3681 ,
1802 3606 1892 3669 sic
1937 3605 2277 3669 statuentis
2293 3651 2310 3680 ,
2357 3605 2427 3666 in
2475 3606 2613 3666 toto

235 3707 354 3773 hoc
397 3709 960 3795 interpolationum
1004 3729 1236 3795 genere
1282 3712 1607 3775 neminem
1653 3710 1776 3774 sibi
1812 3709 2111 3796 plaudere
2150 3708 2371 3774 debere
2411 3728 2612 3793 quum

237 3811 519 3878 docuerit
565 3835 754 3899 quam
805 3813 991 3900 plane
1038 3813 1372 3880 abhorreat
1421 3834 1458 3879 a
1502 3813 1845 3881 meliorum
1890 3821 2253 3901 temporum
2291 3836 2415 3880 usu
2451 3817 2610 3880 iuris

238 3917 462 4004 regula
507 3917 610 3984 vel
654 3918 885 4006 agendi
931 3919 1241 4004 quaedam
1284 3919 1558 3985 formula
1573 3969 1591 3998 ,
1632 3923 1756 3984 nisi
1787 3926 2109 4006 praeterea
2147 3921 2615 3986 demonstrave-

239 4023 352 4100 rit,
416 4024 482 4089 id
540 4026 758 4109 ipsum
811 4025 981 4109 quod
1025 4045 1064 4088 a
1109 4022 1256 4092 Gaii
1302 4023 1411 4090 vel
1456 4024 1718 4110 Ulpiani
1763 4024 2047 4090 doctrina
2088 4025 2461 4112 longissime
2509 4026 2614 4091 ab·

241 4148 373 4194 esse
417 4132 795 4216 sumpserit,
845 4132 1084 4215 optime
1130 4132 1470 4200 convenire,
1506 4151 1656 4196 cum
1703 4128 2071 4196 Triboniani
2117 4133 2359 4197 ratione
2407 4133 2613 4217 operis

310 4340 360 4402 1)
405 4341 458 4391 Β.
477 4355 525 4404 g.
559 4342 750 4400 Baton,
783 4341 862 4391 dio
904 4339 1241 4392 Cos-dictiones
1275 4339 1456 4406 (1881)
1489 4358 1538 4407 p.
1575 4339 1666 4392 87:
1708 4341 1814 4392 ‚die
1846 4343 1938 4392 don
1970 4341 2251 4392 claseiechon
2283 4341 2503 4392 Ino-istan
2530 4356 2613 4406 yo-

241 4419 409 4486 Wafiqae
457 4422 765 4488 E't‘ntheilunq
815 4426 900 4474 der
944 4424 1194 4474 Condiotio
1238 4423 1306 4474 ist
1346 4423 1425 4474 dio
1457 4423 1508 4474 in
1544 4424 1681 4474 cond.
1715 4423 1861 4484 certi,
1898 4423 2163 4483 triticei-is.
2198 4422 2422 4476 ineerti”.
2472 4423 2611 4473 Unde

245 4503 372 4554 novit
405 4503 480 4554 vir
515 4504 843 4557 clarissimus?
