3192 5009
1155 360 1240 407 nn
1285 357 1556 408 ramme
1602 357 1899 406 nonanis.
2356 395 2361 402 .
2574 341 2705 407 343

337 525 724 593 vocabulum
781 525 1169 613 significaret
1213 526 1648 591 condicionem
1694 531 2059 592 manentem
2076 575 2092 604 ‚
2142 546 2302 612 quae
2349 529 2417 590 in
2461 529 2599 592 iure
2643 531 2709 592 et

337 635 411 698 in
472 635 662 698 sacris
721 631 964 698 valeret
1015 637 1081 698 et
1124 638 1297 697 certo
1343 631 1531 697 modo
1575 632 1820 717 acquiri
1861 636 2104 717 posset,
2152 631 2219 697 id
2263 639 2477 698 totum
2522 634 2712 719 perti-

335 762 489 807 nere
532 738 836 805 contendo
879 737 960 804 ad
1005 737 1546 804 confirmationem
1593 759 1672 803 ex
1720 739 2020 823 auspiciis
2063 740 2353 824 petitam.
2401 737 2525 804 Sed
2570 759 2711 804 eam

339 849 482 911 vim
543 844 881 931 specialem
934 843 1230 910 vocabuli
1279 844 1618 923 „sanctus”
1666 847 1733 908 in
1782 865 2069 909 sermone
2114 843 2382 931 vulgato
2428 847 2521 910 ita
2563 865 2713 930 neg-

340 951 575 1018 lectam
633 958 698 1016 et
760 952 1064 1017 omissam
1125 971 1260 1016 esse
1322 950 1504 1016 credo
1521 998 1540 1028 ,
1605 956 1680 1016 ut
1726 970 1869 1015 eam
1914 971 2039 1016 non
2082 950 2359 1036 amplius
2406 953 2713 1016 sentirent

341 1061 470 1124 viri
530 1059 701 1124 docti
746 1058 1014 1124 Romani
1037 1105 1052 1135 ,
1102 1064 1300 1144 utque
1347 1059 1418 1122 hi
1461 1060 1647 1123 inscii
1693 1062 1950 1122 tantum
1994 1063 2059 1123 et
2102 1057 2231 1123 fere
2275 1060 2468 1122 inviti
2513 1078 2713 1143 pauca

339 1167 480 1231 eius
525 1167 800 1252 vestigia
844 1163 1222 1249 reliquerint
1268 1185 1427 1251 quae
1473 1169 1692 1250 postea
1738 1164 2012 1229 afferam.
2060 1161 2249 1229 Ratio
2294 1167 2435 1250 ipsa
2472 1185 2596 1250 qua
2634 1163 2714 1229 ad

337 1291 442 1337 res
501 1277 566 1336 et
615 1291 912 1356 personas
949 1268 1286 1336 nonnullas
1321 1270 1442 1336 hoc
1478 1270 1865 1337 vocabulum
1904 1271 2190 1336 adhiberi
2221 1269 2384 1336 solet
2400 1319 2415 1350 ,
2461 1272 2715 1336 etiamsi

341 1376 476 1443 sola
521 1398 644 1442 nou
681 1380 836 1442 satis
879 1377 1100 1462 probat
1137 1377 1304 1462 quod
1343 1380 1527 1462 posui
1547 1426 1562 1454 ,
1606 1383 1819 1443 tamen
1858 1379 2127 1442 minime
2164 1379 2223 1442 ei
2262 1376 2493 1442 obstat.
2536 1375 2715 1456 Quod

337 1485 694 1570 iurisperiti
745 1484 964 1548 dicunt
981 1533 997 1561 ,
1048 1484 1202 1565 leyen
1248 1489 1496 1549 sanctas
1541 1505 1676 1549 esse
1695 1532 1712 1562 ,
1760 1485 1905 1569 quia
1947 1483 2249 1547 sanctione
2294 1485 2549 1569 quadam
2593 1483 2716 1546 sinc

340 1591 628 1656 subnixae
653 1589 704 1670 1)
721 1639 737 1668 ,
804 1589 872 1655 id
934 1597 1102 1656 certe
1163 1611 1288 1656 non
1336 1590 1506 1655 cadit
1551 1593 1620 1655 in
1666 1589 1845 1676 leges
1891 1589 2295 1675 imperfectas
2341 1609 2501 1675 quae
2546 1609 2716 1654 sanc-

341 1699 514 1762 tione
558 1703 772 1762 carent
785 1718 802 1774 ;
853 1699 910 1762 si
956 1695 1374 1762 nihilominus
1424 1717 1643 1762 omnes
1690 1695 1865 1783 leges
1912 1701 2163 1761 sanctae
2202 1695 2500 1760 dicuntur
2522 1693 2574 1777 ⁹)
2592 1743 2609 1772 ,
2648 1695 2716 1760 id

339 1801 726 1868 vocabulum
785 1808 994 1888 potest
1050 1802 1311 1887 quidem
1357 1800 1739 1888 generaliter
1782 1803 1877 1866 ibi
1923 1800 2285 1866 adhibitum
2333 1821 2465 1866 esse
2485 1849 2502 1878 ,
2550 1800 2719 1886 quod

341 1929 562 1976 omnes
596 1908 772 1995 leges
809 1911 1166 1974 reverentia
1203 1914 1268 1974 et
1307 1910 1608 1994 obsequio
1647 1908 1877 1994 dignae
1917 1911 2047 1972 sint
2062 1955 2079 1986 ,
2115 1913 2326 1993 potest
2348 1929 2497 1972 vero
2522 1910 2716 1973 etiam

337 2015 724 2100 specialiter,
776 2015 948 2100 quod
989 2014 1164 2101 leges
1213 2017 1343 2080 sint
1383 2015 1693 2098 auspicato
1729 2013 1913 2095 (olim
1956 2013 2342 2099 inauqurato)
2381 2013 2604 2080 factae.
2647 2012 2718 2078 Si

333 2141 520 2207 reges
537 2169 555 2198 ,
595 2121 944 2186 sacerdotes
985 2142 1133 2186 cum
1175 2119 1286 2186 alii
1330 2127 1476 2186 tum
1514 2120 1809 2207 Virgines
1842 2118 2127 2185 Vestales
2156 2117 2201 2198 3)
2222 2168 2237 2197 ,
2263 2121 2681 2206 magistratus
2700 2168 2715 2197 ‚

336 2231 755 2312 imperatores
793 2228 1063 2312 denique
1081 2275 1097 2305 ,
1140 2230 1341 2293 sancti
1378 2227 1704 2292 interdum
1744 2226 2043 2291 dicuntur
2059 2274 2075 2304 ,
2115 2225 2183 2290 id
2221 2246 2469 2312 quoque
2506 2231 2720 2290 totum

337 2355 411 2398 eo
459 2333 679 2398 referri
720 2338 929 2419 potest
969 2333 1138 2417 quod
1172 2332 1243 2397 hi
1281 2354 1500 2398 omnes
1538 2335 1776 2419 partim
1812 2334 2198 2418 inaugurato
2237 2333 2475 2417 partim
2514 2335 2720 2416 auspi-

343 2444 485 2505 cato
545 2442 1003 2526 magistratum
1048 2446 1162 2504 aut
1207 2439 1633 2505 sacerdotium
1675 2439 1940 2504 inibant.
1988 2437 2110 2503 Sed
2156 2443 2537 2524 argumenta
2579 2459 2722 2504 mea

343 2547 640 2631 inprimis
687 2547 1007 2630 pertinent
1053 2545 1132 2610 ad
1170 2546 1300 2608 loca
1317 2595 1332 2623 ‚
1375 2545 1450 2610 de
1488 2547 1723 2631 quibus
1762 2543 1913 2610 solis
1950 2548 2019 2608 in
2058 2545 2467 2630 sequentibus
2506 2564 2715 2630 agam.

438 2652 736 2716 Primum
779 2651 1094 2718 vocabulo
1145 2651 1482 2729 „sanctus”
1532 2652 1695 2716 nihil
1740 2650 1971 2716 melius
2017 2652 2208 2716 refert
2252 2650 2318 2714 id
2357 2650 2524 2735 quod
2560 2657 2720 2716 tem-

323 2757 472 2844 plis
535 2760 866 2844 proprium
915 2764 1032 2823 est.
1085 2755 1484 2826 Caerimonia
1527 2757 1652 2824 loci
1697 2757 2127 2844 inaugurandi
2172 2761 2309 2822 tota
2354 2762 2594 2842 spectat
2641 2757 2721 2822 ad

346 2865 532 2928 locum
592 2864 847 2950 abiquem
890 2864 1191 2946 pubbicwm
1208 2913 1224 2941 ‚
1275 2867 1387 2950 qui
1433 2863 1819 2952 reipublicae
1863 2863 2174 2950 gerendae
2221 2869 2333 2928 aut
2380 2865 2574 2928 sacris
2620 2862 2721 2928 ad-

343 2969 784 3034 ministrandis
831 2969 1184 3035 destinatus
1231 2975 1329 3035 est
1346 3017 1362 3046 ‚
1401 2992 1520 3052 per
1562 2969 1835 3052 auspicia
1874 2971 2235 3034 condendam
2278 2977 2335 3032 et
2372 2968 2723 3032 constituen-

345 3076 485 3138 dum»
522 3075 676 3155 (vid.
717 3096 864 3161 pag.
893 3073 1024 3140 338
1066 3076 1209 3140 adn.
1240 3074 1272 3139 1
1318 3081 1382 3140 et
1419 3077 1582 3140 infra
1620 3074 1771 3160 55),
1819 3075 2359 3161 quemadmodum
2403 3079 2473 3140 in
2517 3075 2722 3141 homi-
2759 3117 2772 3124 ·
2806 3095 2849 3116 ⁴⁶³

343 3181 532 3246 nibus
570 3185 634 3246 et
668 3184 738 3244 in
765 3182 1120 3246 actionibus
1142 3181 1210 3246 id
1237 3180 1409 3247 valet
1433 3185 1841 3268 inauguratio
1863 3186 1940 3246 ut
1962 3181 2254 3264 auspiciis
2274 3184 2689 3264 confirmentur
2703 3203 2719 3260 ;

343 3289 524 3372 atqui
590 3289 912 3364 „sancire”
979 3293 1074 3353 est
1139 3287 1492 3375 „religione
1555 3287 1989 3354 confirmare'’.
2061 3288 2396 3353 Praeterea
2440 3288 2721 3355 condicio

345 3413 608 3458 manens
650 3395 720 3457 in
768 3415 960 3478 quam
1007 3392 1144 3458 loca
1186 3393 1439 3480 publica
1475 3415 1590 3479 per
1628 3395 1789 3460 hanc
1828 3398 2279 3461 caerimoniam
2316 3395 2720 3482 redigantur,

349 3498 527 3564 nulla
586 3498 710 3565 alia
773 3506 868 3564 est
928 3511 1121 3585 quam
1179 3501 1332 3566 haec
1353 3549 1368 3578 ‚
1432 3507 1508 3565 ut
1569 3502 1647 3566 ab
1710 3505 1885 3566 omni
1945 3503 2183 3566 iniuria
2244 3506 2308 3567 et
2367 3505 2723 3567 mutatione

349 3605 606 3672 defensa
648 3608 810 3682 sint,
861 3606 1030 3692 quod
1074 3610 1290 3694 ipsum
1336 3607 1460 3672 dici
1505 3614 1717 3692 potest
1766 3607 2128 3684 ‚‚sanctus”.

441 3711 682 3777 Deinde
741 3713 860 3777 hoc
922 3713 1338 3791 vocabulum,
1400 3713 1569 3799 quod
1630 3720 1703 3778 ut
1766 3713 1953 3779 modo
2002 3713 2137 3778 dixi
2183 3719 2394 3799 potest
2438 3714 2725 3780 adhiberi

349 3825 682 3904 tamquam
713 3818 1006 3905 generale
1021 3819 1350 3906 quoddam
1371 3820 1662 3886 locorum
1682 3870 1699 3898 ,
1724 3842 1938 3886 rerum
1956 3869 1972 3898 ‚
1998 3821 2335 3886 hominum
2360 3821 2685 3907 epitheton
2704 3871 2720 3900 ‚

348 3931 568 3990 tamen
626 3945 846 3990 revera
901 3929 1097 3992 etiam
1143 3926 1438 3992 habuisse
1484 3929 1623 3992 vim
1670 3925 2008 4012 specialem
2052 3933 2117 3992 et
2163 3929 2451 4006 τεχνικήν
2469 3976 2484 4004 ,
2531 3926 2721 4014 longe

348 4031 669 4096 diversam
709 4032 787 4096 ab
825 4031 940 4096 illa
979 4032 1440 4119 significatione
1477 4031 1759 4119 generali
1776 4081 1792 4110 ,
1827 4033 2013 4098 facile
2036 4033 2453 4098 demonstrari
2476 4039 2719 4118 potest;

345 4159 500 4202 nam
560 4136 728 4223 quod
785 4159 972 4203 nemo
1031 4141 1232 4203 nescit
1249 4188 1265 4215 ,
1331 4159 1482 4204 cum
1543 4140 1953 4226 grammatici
2012 4144 2155 4203 tum
2210 4141 2595 4223 iurisperiti,
2646 4139 2721 4205 de

426 4397 477 4460 ι)
527 4395 717 4462 Ulpiana.
767 4395 876 4459 mg.
930 4396 974 4444 1.
995 4396 1042 4444 s.
1063 4395 1108 4444 o.
1130 4395 1176 4444 s.
1225 4421 1290 4433 --
1337 4395 1392 4459 2)
1439 4394 1526 4443 etr.
1575 4365 1700 4444 lior.
1750 4395 1848 4444 snt.
1894 4393 1941 4445 ε.
1964 4395 2011 4446 1.
2031 4395 2119 4454 sn
2174 4395 2305 4446 serv.
2357 4395 2476 4447 Aen.
2529 4397 2574 4445 8.
2596 4395 2721 4459 ssa,

351 4481 507 4532 Macr.
541 4480 734 4530 Satura.
770 4480 815 4528 8.
838 4479 883 4527 8.
905 4477 952 4528 6.
991 4505 1056 4516 -—-
1093 4477 1149 4544 3)
1183 4478 1308 4528 Hor.
1344 4478 1432 4528 ud.
1475 4478 1518 4526 1.
1542 4477 1588 4527 2.
1610 4475 1688 4530 27.
1738 4545 1745 4550 .
