3192 5009
863 957 1669 1048 ADNOTATIONES
1726 955 2221 1048 CRITICAE

1505 1136 1589 1184 fl,
1708 1157 1713 1163 ,

739 1225 1485 1367 THEOPHRASTI
1545 1275 2335 1408 cflAssAcTssRns.

1424 1495 1675 1539 summu·

1204 1649 1270 1717 S.
1333 1651 1412 1716 A.
1474 1649 1877 1716 NABER.

1409 1961 1692 1990 -m-

441 2215 804 2300 Antequam
863 2216 1154 2300 experiar
1195 2216 1518 2300 possimne
1563 2212 2077 2299 Theophrastum
2123 2214 2494 2301 corrig-endo
2542 2214 2737 2301 paulo

347 2323 454 2386 sui
509 2319 768 2387 reddere
828 2321 1206 2387 similiorem
1224 2368 1242 2398 ,
1303 2323 1488 2386 iuvat
1545 2320 1827 2386 breviter
1888 2340 2198 2405 exponere
2246 2321 2401 2407 quid
2445 2322 2611 2386 mihi
2659 2320 2737 2388 de

342 2427 550 2493 libelli
619 2430 868 2515 orig-ine
937 2431 1092 2494 satis
1160 2433 1303 2493 tuto
1375 2429 1575 2492 statui
1642 2447 1829 2512 posse
1896 2427 2210 2493 videatur.
2282 2427 2375 2494 Ao
2444 2430 2734 2514 primum

345 2537 640 2600 omnium
676 2539 920 2600 oonstat
937 2583 954 2613 ,
995 2537 1424 2620 oompositum
1463 2532 1848 2618 opuseulum
1884 2533 2081 2598 fuisse
2116 2535 2281 2598 cirea
2313 2531 2570 2621 Olymp.
2602 2532 2730 2598 115

345 2639 454 2707 vel
512 2662 638 2706 non
683 2644 778 2706 ita
822 2641 1032 2707 multo
1076 2647 1226 2726 post
1241 2689 1258 2718 ,
1311 2638 1537 2706 deinde
1582 2638 1833 2725 lepidus
1880 2645 1945 2706 et
1987 2646 2298 2705 venustus
2346 2660 2557 2706 sermo
2602 2662 2730 2726 quo

344 2749 620 2832 scriptor
685 2750 976 2833 quisquis
1024 2747 1148 2812 fuit
1165 2796 1183 2825 ,
1231 2747 1461 2824 utitur,
1509 2745 1757 2810 Atticas
1804 2745 2086 2810 Athenas
2132 2744 2407 2824 redolet;
2459 2767 2572 2812 nec
2620 2769 2734 2832 per

346 2873 416 2918 se
478 2852 829 2938 quidquam
873 2852 1146 2939 impedit
1191 2853 1534 2939 quominus
1580 2850 1911 2917 credamus
1955 2854 2173 2937 ipsum
2218 2851 2733 2939 Theophrastum

345 2959 543 3023 fuisse
559 3007 576 3037 ,
626 2960 739 3044 qui
786 2959 904 3024 hoo
951 2958 1264 3024 scribendi
1308 2979 1514 3045 genus
1560 2955 1929 3023 excoluerit.
1979 2956 2075 3022 Eo
2122 2957 2300 3023 ducit
2337 2957 2506 3044 quod
2544 2958 2737 3024 Athe—

343 3085 542 3130 naeus
585 3065 854 3130 tradidit
898 3088 961 3152 p.
1011 3064 1095 3130 21
1121 3065 1214 3130 A:
1275 3062 1624 3141 Ἕρμιππος
1679 3065 1743 3128 δέ
1788 3070 1947 3141 Φησι
1996 3063 2355 3144 Θεόφραςον
2400 3067 2737 3142 παραγίνε-

345 3171 486 3234 σθαι
551 3171 634 3241 είς
700 3169 798 3235 τὸν
857 3169 1196 3250 περίπατον
1241 3169 1375 3234 καθ’
1424 3165 1577 3247 ὥραν
1624 3168 1915 3248 λαμπρὸν
1964 3169 2068 3235 καὶ
2120 3166 2544 3248 ἐξησκημένον,
2594 3165 2734 3235 εἶτα

347 3276 692 3342 καθίσαντα
757 3277 1131 3343 διατίθεσθαι
1198 3277 1301 3343 τὸν
1364 3274 1551 3354 λόγον
1611 3276 1901 3352 οὐδεμιᾶς
1980 3275 2377 3357 ἀπεχόμενον
2446 3277 2733 3352 κινήσεως

346 3382 479 3448 οὐδὲ
524 3384 857 3464 σχήματος
905 3383 1049 3454 ἑνός.
1099 3382 1223 3448 Καί
1265 3406 1417 3459 ποτε
1465 3381 1796 3464 ὀψοφάγον
1844 3381 2222 3459 μιμούμενον
2264 3381 2584 3463 ἐξείραντα
2624 3384 2734 3458 τὴν

347 3495 642 3568 γλῶσσαν
727 3490 1099 3570 περιλείχειν
1184 3491 1268 3554 τὰ
1355 3489 1566 3571 χείλη.
1640 3487 1977 3555 Praeterea
2046 3489 2335 3556 afferrem
2402 3489 2732 3556 Plutarch.

345 3593 643 3682 Sympos.
687 3593 751 3660 II
804 3596 861 3673 1,
909 3598 964 3661 si
1009 3595 1079 3660 id
1123 3595 1294 3681 quod
1338 3594 1681 3681 aliquando
1731 3593 2207 3682 Theophrastus
2252 3597 2461 3661 iocose
2500 3597 2734 3662 dixisse

345 3700 568 3778 fertur,
616 3700 852 3766 melius
896 3699 1331 3788 intelligerem
1349 3749 1366 3778 ,
1415 3700 1527 3766 sed
1577 3707 1875 3786 apertum
1920 3708 2019 3766 est
2066 3701 2234 3786 quod
2280 3704 2537 3767 invenio
2584 3701 2736 3767 Plu-

345 3807 544 3872 tarch.
590 3806 888 3894 SympoS.
936 3806 1012 3872 V.
1064 3806 1139 3872 5:
1207 3805 1567 3887 Θεόφραςος
1631 3805 1809 3871 ἄοινα
1872 3807 2191 3884 συμπόσια
2240 3803 2473 3887 παίζων
2520 3807 2732 3874 ἐκάλει

345 3914 431 3977 τὰ
480 3920 718 3991 κουρεῖα
768 3913 870 3978 διὰ
918 3917 1028 3988 τὴν
1075 3913 1308 3978 λαλιὰν
1355 3917 1471 3976 τῶν
1517 3911 2052 3993 προσκαθιζόντων.

436 4017 678 4084 Verum
721 4024 898 4084 estne
935 4018 1064 4084 tale
1103 4017 1486 4105 opusculum
1525 4019 1949 4105 Peripatetico
1990 4018 2375 4105 philosopho
2416 4017 2731 4108 dignum?

345 4123 674 4189 Nimirum
739 4127 1042 4190 novimus
1107 4131 1413 4211 quantam
1479 4143 1703 4190 curam
1770 4122 2149 4190 Aristoteles
2205 4125 2593 4211 impenderit
2656 4131 2731 4190 ut

347 4229 705 4296 ostenderet
765 4234 934 4296 inter
990 4231 1139 4297 bina
1183 4233 1346 4296 vitia
1389 4251 1587 4296 unam
1634 4231 1949 4297 virtutem
1992 4233 2062 4294 in
2106 4231 2317 4296 medio
2364 4252 2499 4297 esse
2544 4231 2732 4298 collo-

349 4342 590 4402 catam:
641 4339 730 4402 sio
773 4338 944 4404 inter
987 4334 1354 4417 ἀλαζονείαν
1392 4342 1457 4402 et
1492 4336 1794 4415 εἴρανείαν
1831 4336 2048 4403 media
2085 4343 2183 4402 est
2218 4338 2517 4416 ἀλήθεια,
2562 4340 2733 4404 inter

347 4441 818 4524 μικροπρίπειαν
889 4449 954 4508 et
1012 4443 1453 4523 ἀπειροκαλίαν
1514 4441 2068 4522 μεγαλοπρέπεια,
2133 4444 2305 4508 inter
2364 4441 2610 4508 κόλακα
2662 4449 2729 4510 et
